3180 5040
539 213 582 258 nn
604 211 983 260 aaarounsnrrarmus
1330 201 1398 261 ltl'l

124 327 235 409 (talem
245 325 396 405 causam),
409 323 443 385 in
452 327 573 386 nemim
582 323 705 398 Patris,
718 331 788 399 etc,
801 325 848 388 rel
859 325 1042 386 anctoritate
1048 323 1125 385 mebi
1134 341 1298 386 concessae
1309 322 1343 386 S.
1357 324 1396 388 P.

1 459 2 463 =
125 415 173 478 vel
187 415 227 476 ot
242 415 414 496 Episcopo,
431 412 577 496 1111111111
590 423 687 474 tecum
695 461 704 490 ,
718 418 816 489 etc...,
833 425 862 475 et
877 413 1006 475 bobilam
1020 413 1117 475 reddo
1131 423 1160 473 et
1172 414 1298 475 restituo
1311 432 1399 476 essc-

126 504 243 568 cutioai
255 503 424 582 Ordinem,
441 511 469 564 et
482 503 653 586 officiorum
669 511 804 578 tuorum,
819 504 851 564 in
865 504 985 564 nomiae
996 502 1113 572 Petris,
1130 507 1186 564 ete.

634 695 809 776 CAPUT
840 699 880 773 ll

311 870 363 921 DE
391 869 828 922 Insecuttnlrnrlsus
859 870 901 921 IN
931 869 1211 944 Pnnrlcotanl

385 1047 416 1104 10
429 1045 470 1103 De
483 1040 706 1120 irregularitate
721 1057 760 1102 ex
773 1038 906 1114 deiectu,
923 1043 956 1101 10
971 1057 1009 1102 ex
1023 1038 1141 1101 delicto.

638 1219 853 1282 ARTIGULUS
873 1219 886 1279 Ι

474 1365 512 1410 or
532 1365 843 1412 rnoscunearrarmus
862 1365 902 1410 nx
921 1363 1054 1411 nurnero

169 1501 258 1564 1069.
274 1535 313 1545 -
331 1503 403 1564 Octo
422 1516 529 1563 samm
547 1499 658 1581 species
677 1505 892 1576 numerantur,
909 1497 1022 1562 scilicet
1040 1516 1078 1560 ex
1096 1495 1214 1559 defectu
1234 1501 1266 1558 10
1285 1493 1397 1569 animi,

126 1584 377 1742 10111111ἷὲὧὲ0
395 1587 562 1665 natalium,
584 1593 618 1652 10
637 1588 751 1664 atatis,
769 1593 801 1652 5⁰
814 1588 981 1663 libertatis,
1002 1591 1035 1651 6⁰
1052 1584 1256 1660 Sacramenti,
1277 1589 1309 1648 7⁰
1323 1582 1400 1646 leni-

127 1682 304 1916 tatllllsciegius
318 1728 386 1841 isti,
403 1765 451 1830 rel
468 1765 573 1846 potius
592 1765 755 1846 qualitates
769 1764 808 1826 iis
827 1763 987 1845 opposita,
1003 1763 1054 1826 his
1071 1762 1290 1844 exprimuntur
1306 1759 1402 1824 versi-

127 1873 228 1917 curs:
762 1881 766 1889 ·

323 1957 453 2028 Natales,
467 1957 598 2028 animus,
613 1952 749 2028 libertas,
763 1972 866 2031 corpus
879 1957 907 2012 ct
919 1956 1004 2026 ae‘tas,

395 2038 458 2095 Non
472 2037 621 2111 bigamus,
636 2037 725 2110 lenis,
737 2053 789 2094 nco
804 2035 880 2093 mala
894 2037 971 2093 lama
984 2035 1073 2094 notet.

540 2185 568 2253 1.
580 2220 627 2234 -
644 2185 701 2251 Ec
718 2182 847 2270 defecto
866 2183 993 2250 animi.

170 2325 259 2384 tcto.
272 2357 312 2370 -
323 2320 445 2402 Triplex
459 2321 594 2385 deiectus
608 2321 708 2385 animi
719 2320 905 2400 assignatur,
922 2318 1035 2382 scilicet
1047 2316 1192 2392 rationis,
1207 2313 1356 2388 scientiae,
1373 2317 1404 2376 et

128 2409 199 2472 fidei
213 2409 408 2473 confirmata.

171 2504 201 2561 10
222 2498 370 2560 Rationis.
392 2499 470 2562 Hinc
488 2506 564 2564 sunt
582 2496 763 2578 irregulares
781 2504 926 2578 perpetuo
943 2501 1097 2568 amentes,
1118 2491 1262 2566 lunatici,
1278 2490 1402 2565 furiosi,

131 2587 282 2670 epileptici
300 2593 330 2651 et
346 2587 559 2671 energumeni,
581 2587 639 2650 etsi
658 2587 758 2650 lucida
779 2586 941 2650 intervalla
957 2585 1102 2648 habeant.
1123 2582 1226 2648 Minus
1245 2579 1405 2643 difficulter

131 2682 235 2739 umen
249 2675 311 2738 illis
325 2675 518 2756 permittitur
533 2679 743 2755 susceptorum
761 2673 912 2737 ordinum
929 2673 1127 2745 exercitium,
1144 2687 1239 2749 quarn
1254 2685 1405 2732 novorum

131 2762 293 2840 susceptio.
1008 2821 1009 2826 ,
1045 2787 1057 2802 ·

170 2853 204 2911 10
219 2845 374 2910 Scieotiae.
395 2849 577 2930 Irregadares
597 2854 687 2921 sunt,
704 2847 758 2928 qui
776 2865 839 2908 non
857 2845 974 2908 habent
993 2843 1152 2908 scientiam
1169 2841 1299 2922 singulis
1317 2841 1406 2905 Ordi-

131 2936 224 3004 nibus
244 2935 462 3013 necessariam,
486 2936 549 3000 sive
571 2937 608 2998 dc
630 2935 709 2998 facto
730 2933 883 3008 nesciant,
908 2933 973 2997 sive
994 2931 1130 2997 discendi
1152 2930 1215 2994 sint
1235 2930 1402 3011 incapaces.

130 3025 295 3089 Deducitur
313 3045 351 3088 ex
370 3025 460 3090 dictis
477 3025 511 3088 in
531 3033 623 3087 tract.
643 3023 679 3086 de
694 3024 830 3086 Sacram.
854 3021 992 3093 Ordinis,
1016 3027 1047 3084 et
1065 3040 1102 3083 ex
1120 3018 1251 3100 Deerat,
1267 3028 1354 3102 port.
1370 3024 1403 3092 1,

132 3114 200 3177 diat.
216 3119 270 3190 36,
288 3133 354 3177 con.
374 3119 401 3179 1.

172 3209 202 3268 30
225 3201 318 3266 Fidei
333 3202 531 3287 confirmata.
547 3201 731 3282 irregulares
747 3205 821 3265 sunt
835 3197 980 3281 neophyti
995 3198 1030 3262 in
1042 3196 1148 3260 adulta
1166 3201 1255 3258 etate
1273 3197 1407 3262 mcenter

132 3291 295 3375 baptizati,
312 3293 487 3376 usquedum
499 3293 537 3355 ab
552 3291 698 3372 Episcopo
713 3290 798 3370 digni
809 3289 998 3371 judicentur.
1016 3288 1139 3351 Constat
1149 3301 1186 3346 ex
1199 3286 1273 3346 lure
1286 3301 1353 3345 can.
1367 3314 1408 3330 -

136 3382 205 3446 Vid.
221 3381 256 3446 S.
272 3385 356 3466 seq,
372 3404 403 3444 a.
419 3387 593 3463 3911111.

508 3535 551 3604 11.
570 3573 615 3586 -
637 3537 693 3603 Ecc
712 3531 840 3621 desecto
859 3531 1024 3621 corporis.

173 3682 263 3742 1071.
283 3711 323 3724 -
341 3680 388 3740 lix
405 3673 520 3756 duplici
538 3673 635 3754 capite
656 3671 827 3736 incurritur
847 3671 912 3733 haec
930 3665 1154 3749 irregularitas;
1179 3669 1210 3726 10
1231 3661 1258 3723 si
1279 3659 1350 3741 quis
1369 3659 1409 3722 ad

132 3766 312 3832 exercitium
325 3765 447 3830 Ordinis
461 3764 503 3828 sit
521 3763 660 3844 ineptus;
677 3765 710 3825 10
728 3760 756 3824 si
774 3759 842 3823 aliis
862 3757 1027 3822 notabilem
1040 3755 1198 3819 horrorem
1213 3749 1337 3825 afferat,
1352 3753 1407 3811 aut

132 3856 338 3918 indecentiam
352 3853 502 3936 praeierat.

173 3944 252 4008 Hinc
264 3944 445 4024 irregulares
460 3941 614 4004 habentur

173 4038 206 4097 10
224 4031 375 4111 dictitari,
394 4049 464 4094 crus
482 4029 619 4110 lignemn
638 4032 791 4108 gerentes,
807 4043 918 4100 manu,
939 4021 1060 4103 pollice,
1081 4024 1135 4082 aut
1156 4015 1256 4079 indice
1279 4014 1329 4077 uti
1345 4030 1410 4075 non

134 4121 315 4286 valizncwgci,
331 4209 402 4275 risu
418 4209 553 4273 totaliter
566 4209 716 4285 carentes,
734 4205 783 4269 rel
794 4203 840 4268 ita
855 4199 1063 4272 cacuticntes,
1078 4196 1163 4260 utin
1181 4192 1296 4260 Missali
1314 4192 1411 4270 legere

133 4303 334 4542 ἴᾛῖᾅὶί,
349 4388 404 4471 qui
417 4387 498 4452 nibil
508 4387 657 4462 audiuit,
667 4385 714 4449 ita
726 4389 762 4448 ut
774 4382 951 4448 nullaoenus
962 4393 1066 4445 rocem
1076 4371 1216 4440 ministri
1228 4367 1412 4450 responden-

147 4494 176 4540 1s
190 4495 230 4541 au
264 4483 435 4560 nequent.
