3206 5042
621 265 664 310 nu
685 264 914 310 usrnruoruo
1340 256 1407 316 37³

131 376 244 442 alicubi
263 374 423 450 manendi,
441 376 488 438 rel
502 382 646 456 perpetuo
661 374 704 456 (si
718 379 828 455 agatur
844 376 880 436 de
899 375 1080 458 domicilio),
1098 377 1145 438 rel
1159 394 1212 457 per
1226 379 1405 454 notabilem,

131 475 178 542 et,
201 472 237 530 ut
259 465 395 546 plerique
416 465 540 540 volunt,
563 483 617 546 per
639 467 786 546 majorem
812 465 919 526 saltem
943 465 1018 526 anni
1038 473 1157 545 partem
1176 465 1219 546 (si
1240 472 1348 547 agatur
1370 471 1407 531 dc

131 553 399 637 quasi-domicilio
413 553 628 634 acquirend0);
640 553 731 629 lecto,
748 551 840 615 idest
861 553 1029 616 accessione
1045 556 1083 616 ad
1100 555 1202 616 locum
1213 555 1247 616 in
1261 574 1322 636 quo
1336 557 1407 636 quis

131 644 176 706 ita
190 659 312 706 manere
331 641 476 704 intendit.
489 646 643 706 Neutrum
658 642 791 722 suppleri
806 647 906 722 potest
920 660 973 721 per
987 642 1156 723 simplicem
1170 643 1407 724 adscriptionem

131 732 212 794 inter
225 731 282 794 loci
296 730 483 812 municipes,
500 731 652 812 quidquid
669 736 809 793 statuant
826 748 918 812 super
929 729 984 793 hoc
998 731 1077 812 leges
1091 731 1210 807 civiles,
1229 738 1264 795 ut
1288 737 1407 796 constat

131 839 169 884 ιιι
182 821 293 883 Declar.
308 821 337 882 S.
355 823 387 882 G.
402 823 491 883 Conc.
507 823 548 885 id
562 823 640 902 Aug.
660 824 748 884 l8dl.

253 949 449 1027 Quaeslta.

170 1083 241 1144 816.
257 1115 299 1126 -
320 1084 425 1156 Quae.
446 1084 477 1141 1ο
495 1078 547 1140 Aa
566 1078 693 1161 aliquod
712 1088 826 1160 tempas
849 1079 1038 1160 requiratur,
1058 1085 1093 1138 ut
1108 1078 1192 1158 quis,
1213 1077 1255 1140 cd
1271 1078 1406 1158 effectam

130 1168 363 1231 Matrimonium
376 1165 581 1242 concubendi,
596 1166 888 1250 quasi-domicilium
903 1165 1062 1250 acquirat?

173 1257 265 1337 Resp.
278 1257 334 1319 :Si
348 1275 418 1320 rere
439 1256 518 1320 adsit
540 1257 665 1320 animus
684 1257 884 1338 permanendi
904 1275 957 1336 per
976 1257 1123 1336 majorem
1140 1255 1215 1319 anui
1237 1257 1406 1335 partemin

131 1346 194 1407 loco
207 1345 414 1420 Matrimonii,
431 1344 602 1427 acquiritur
616 1345 929 1426 quasi-domicilium,
947 1344 1054 1407 statim
1069 1361 1103 1406 ac
1119 1344 1211 1406 ambo
1223 1344 1341 1424 sponsi,
1358 1347 1406 1408 vcl

131 1434 276 1496 alteruter
290 1453 396 1498 eorum
410 1433 564 1514 incipiunt
578 1434 694 1498 ibidem
707 1435 857 1497 habitare.
869 1437 911 1496 At
922 1433 949 1497 si
961 1435 998 1497 de
1012 1433 1164 1515 ejusmodi
1176 1433 1281 1496 animo
1294 1433 1329 1496 in
1342 1433 1405 1498 foro

130 1529 255 1584 externo
272 1523 442 1596 dubitetur,
462 1523 633 1604 requiritur
646 1530 677 1587 ιι
691 1521 813 1600 sufficit,
825 1531 861 1586 ut
870 1524 898 1586 is
911 1530 1117 1605 praesumatur
1128 1524 1241 1597 adesse,
1254 1523 1405 1586 habitatio

130 1615 220 1673 onius
237 1612 359 1692 mensis,
369 1616 460 1694 juxte
478 1613 616 1693 regulam
632 1613 779 1675 traditam
802 1632 820 1674 a
842 1613 1002 1676 Benedicta
1021 1615 1087 1676 xlv
1102 1612 1137 1674 in
1157 1612 1283 1692 epistola
1296 1613 1335 1675 ad
1347 1613 1404 1674 Ar-

130 1699 353 1781 chicpiscopum
369 1705 523 1776 Gonnum,
541 1701 650 1763 Paucis
663 1702 775 1763 obtine
793 1701 1002 1780 heddomadis,
1019 1704 1058 1762 19
1076 1703 1166 1762 Mart.
1184 1705 1273 1764 1758.

171 1793 241 1852 847.
258 1823 299 1835 -
314 1793 381 1851 llaec
404 1789 532 1852 omnino
553 1795 694 1850 constant
712 1807 750 1850 ex
771 1788 975 1850 instructione
996 1792 1089 1866 (long.
1108 1789 1138 1848 S.
1159 1787 1242 1849 Offic.
1259 1806 1312 1867 pro
1334 1789 1404 1868 lipi-

130 1875 229 1956 scopis
243 1877 362 1956 Angliaa
376 1882 408 1938 et
426 1877 657 1940 Foederatorum
677 1879 826 1940 Statuum
840 1875 1003 1952 Americae,
1021 1877 1123 1938 'llum
1139 1879 1227 1950 1867,
1244 1893 1338 1956 quam
1355 1877 1405 1940 bic

130 1964 191 2026 fere
206 1983 242 2026 ex
256 1964 375 2044 integro
390 1964 571 2046 subjicimus
586 1984 594 2026 ε

173 2076 189 2112 ιι
210 2054 258 2116 dd
271 2053 523 2116 constituendum
540 2053 846 2136 quasi-domicilium
858 2054 941 2135 quod
954 2054 989 2116 in
1003 2054 1086 2116 bisce
1100 2052 1221 2116 casibus
1233 2054 1404 2136 (Matrimo-

133 2164 149 2200 ιι
170 2141 218 2204 nii
239 2143 456 2224 contrahendi)
471 2144 639 2206 necessario
663 2144 894 2224 adipiscendum
910 2148 972 2216 est,
989 2143 1050 2206 duo
1069 2142 1163 2205 simul
1181 2143 1402 2224 requiruntur:

133 2253 147 2288 ι
169 2230 321 2294 habitatio
333 2248 443 2312 nempe
456 2231 490 2293 in
505 2232 625 2306 soloce,
642 2232 697 2294 ubi
711 2231 947 2294 Matrimonium
959 2232 1161 2308 contrahitur,
1178 2237 1269 2312 atque
1281 2233 1405 2296 animus

132 2341 148 2378 ι
169 2319 286 2382 ibidem
304 2321 504 2400 permanendi
525 2339 578 2401 per
600 2323 748 2402 majorem
774 2320 851 2382 anni
871 2327 1001 2400 partem.
1019 2323 1206 2401 Quapropter
1224 2321 1251 2382 si
1269 2321 1405 2400 legitime

132 2431 147 2468 ιι
169 2415 286 2472 constet
300 2409 347 2471 vel
359 2409 466 2472 ambos
476 2409 523 2472 vel
535 2410 721 2472 alterutrmn
735 2428 773 2471 ex
788 2407 907 2488 sponsis
922 2409 1065 2471 animum
1080 2409 1191 2472 habere
1205 2410 1404 2489 permanendi

132 2519 146 2556 ιι
169 2515 222 2578 per
234 2501 382 2579 majorem
396 2498 471 2561 anni
483 2505 612 2579 partem,
628 2517 665 2560 cx
679 2517 713 2561 ec
727 2497 865 2578 primurn
880 2497 929 2559 die
943 2516 1004 2578 quo
1020 2497 1080 2561 duo
1095 2497 1158 2560 haec
1171 2497 1264 2560 ιιιιιιιι
1279 2517 1403 2561 concur-

131 2695 146 2735 ιι
168 2683 215 2738 est
228 2675 532 2756 quasi-domicilium
551 2675 738 2757 acquisitum
756 2675 867 2748 luisse,
884 2678 915 2736 ct
934 2673 1168 2739 Matrimonium
1182 2675 1264 2755 quod
1278 2675 1404 2754 proinde

131 2785 146 2823 ιι
169 2763 366 2824 ιοιιιιιιιιιιιι
377 2782 442 2825 esse
455 2764 604 2825 validum.

171 2871 186 2906 ιι
201 2851 422 2910 Verumtamen
440 2849 467 2909 si
486 2849 523 2909 dc
541 2850 684 2928 predicto
705 2850 809 2910 animo
828 2867 891 2910 nou
905 2853 1035 2924 constet,
1058 2851 1097 2910 ad
1117 2849 1230 2910 iudicia
1248 2866 1404 2912 recurren-

131 2960 146 2997 ιι
169 2938 246 3000 dum
262 2942 309 2997 est
325 2954 392 3016 quae
406 2941 516 3016 praesto
529 2937 607 3010 sint,
629 2953 758 3016 quaeque
773 2936 920 2998 moralem
935 2937 1152 3001 certitudinem
1172 2937 1304 3018 pariant.
1322 2940 1357 3000 ln
1371 2957 1403 3000 rc

131 3049 147 3086 ιι
170 3034 275 3089 autern
285 3025 401 3086 occulta
415 3031 447 3087 ιι
458 3025 581 3086 interna
594 3022 713 3085 difficile
728 3030 774 3086 est
789 3024 966 3104 hujusmodi
979 3025 1093 3089 indicia
1104 3026 1226 3102 habere,
1239 3045 1308 3107 quae
1318 3026 1403 3106 judi-

131 3138 146 3174 ιι
169 3133 235 3178 cem
255 3131 396 3176 securum
419 3111 551 3188 iaciant3
573 3112 645 3174 inde
665 3117 712 3174 est
730 3113 812 3192 quod
830 3111 969 3174 adbiberi
990 3114 1125 3176 maxime
1149 3115 1238 3177 debet
1261 3114 1365 3194 regula
1385 3133 1403 3176 a

130 3227 145 3263 ιι
169 3209 199 3268 S.
217 3202 328 3265 Pontis.
343 3201 503 3265 Benedictc
515 3203 582 3263 xlv
596 3200 785 3275 confirmata,
799 3205 835 3263 ut
847 3199 1030 3280 inspiciatur
1044 3208 1153 3264 utrum
1166 3210 1236 3264 ante
1246 3202 1402 3266 Matrimo-

130 3315 146 3351 ιι
168 3293 259 3355 nium
274 3291 371 3372 spatio
389 3291 498 3352 saltem
510 3289 604 3352 nnius
619 3288 750 3364 mensis,
765 3291 811 3352 vel
827 3289 929 3364 umbo,
946 3289 994 3352 vel
1006 3291 1153 3351 alteruter
1165 3289 1200 3352 in
1213 3289 1403 3354 Matrimonii

132 3403 146 3440 ιι
169 3382 232 3444 loco
245 3379 465 3444 habitaverint.
483 3379 569 3455 Quod
591 3377 617 3440 si
638 3377 754 3440 lactum
773 3377 868 3439 fuisse
881 3378 1135 3458 deprehendatur,
1151 3379 1336 3440 censendum
1356 3385 1402 3440 cst

131 3493 146 3528 ιι
168 3489 206 3533 ex
219 3468 458 3549 presumptione
474 3467 555 3548 juris
576 3465 781 3529 intentionem
795 3466 995 3545 permanendi
1013 3483 1066 3546 por
1084 3467 1230 3546 majorem
1244 3466 1319 3528 anni
1334 3485 1402 3547 par-

129 3581 144 3616 ιι
168 3566 231 3621 tem
250 3557 419 3631 exstitisse,
446 3563 476 3619 et
495 3554 687 3620 domicilium
709 3553 805 3617 luisse
823 3553 1027 3636 acquisitum,
1045 3554 1232 3634 proindeque
1246 3553 1403 3619 blatrimo

128 3670 143 3705 ιι
167 3647 256 3710 nium
271 3665 336 3710 csse
350 3646 498 3710 validum.
524 3668 540 3705 n

167 3738 234 3800 Sola
248 3737 345 3817 igitur
362 3735 513 3798 habitatio
527 3753 581 3817 per
599 3751 700 3798 unum
721 3751 859 3810 mensem
874 3751 936 3796 uon
953 3732 1078 3808 sufficit,
1095 3732 1122 3796 si
1140 3731 1334 3796 recreationis
1347 3737 1403 3794 ant

126 3825 337 3888 rusticationis
352 3825 451 3905 gratia
463 3824 527 3901 fiat,
545 3826 592 3887 vel
606 3843 660 3905 pro
674 3823 839 3887 rusticanis
854 3823 984 3904 negotiis
992 3844 999 3900 ;
1014 3821 1170 3904 quiatunc
1184 3823 1267 3884 deest
1277 3821 1401 3884 animus

124 3913 324 3992 permanendi
351 3931 404 3992 per
427 3915 574 3994 majorem
597 3913 672 3975 anui
698 3920 832 3994 partem,
858 3913 912 3992 qui
933 3912 1104 3994 requiritur
1123 3911 1161 3973 ad
1180 3909 1401 3990 acquirendum

125 3999 441 4081 quasi-domicilium.
458 4004 504 4064 lta
525 4001 655 4064 declarat
670 4005 701 4066 S.
720 4004 882 4081 Congregr.
903 4002 998 4063 relata
1012 4019 1030 4062 a
1044 3999 1204 4062 Benedicto
1214 4001 1306 4073 xlv,
1320 3997 1397 4060 lust.

125 4105 233 4163 xurur,
251 4107 282 4148 n.
299 4093 329 4150 ’1.
346 4123 386 4132 -
407 4087 483 4151 Vide
501 4089 650 4152 Analecta
670 4089 758 4151 luris
779 4088 915 4168 Pontis,
936 4098 1007 4151 tom.
1024 4089 1061 4161 11,
1078 4091 1094 4163 ἓ
1109 4090 1198 4163 1886,
1214 4097 1241 4150 et
1256 4087 1293 4150 S.
1313 4087 1397 4168 ιιι,

123 4199 157 4241 n.
174 4181 263 4241 1086.

164 4271 235 4331 848.
251 4302 291 4312 -
305 4267 405 4342 Onna.
425 4270 458 4330 2⁰
474 4267 524 4328 dn
539 4268 609 4348 oapi
623 4267 798 4329 contradere
810 4271 928 4349 possint
942 4285 1043 4328 coram
1058 4265 1191 4347 quolibet
1203 4263 1360 4330 Porocbo?

165 4359 254 4441 desp.
270 4365 301 4422 1ο
315 4361 339 4420 Α
346 4359 456 4441 sfirm„
477 4358 504 4421 si
523 4359 614 4422 ambo
628 4358 840 4423 contrahentes
855 4357 920 4420 sint
938 4357 1018 4437 regi.
1039 4356 1128 4422 Ratio
1141 4365 1202 4432 est,
1223 4357 1297 4438 quia
1311 4361 1398 4419 Paro-

126 4449 220 4515 chum
235 4449 394 4530 proprium
407 4466 469 4510 non
482 4447 608 4511 habent.

166 4540 257 4622 desp.
278 4543 330 4602 2⁰:
346 4537 378 4602 Si
393 4556 476 4600 unus
495 4541 618 4601 tantum
636 4537 677 4602 sit
698 4557 808 4621 vagus,
832 4539 931 4604 adbuc
954 4537 1130 4602 contrahere
1150 4542 1283 4618 possunt¹
1297 4552 1398 4600 ceram
