3224 5044
689 493 1002 578 aenomaus

611 711 710 826 DE
758 708 1074 828 ORDINE

778 955 909 976 —l

248 1129 404 1210 Apcndam
418 1135 450 1191 l⁰
465 1132 502 1192 de
516 1134 625 1192 natura
639 1137 670 1193 et
684 1130 849 1204 divisione,
865 1167 906 1176 —
925 1135 957 1192 30
975 1129 1160 1212 demateria
1174 1135 1203 1190 et
1214 1129 1325 1204 forma,
1343 1165 1384 1177 —-
1398 1135 1429 1194 30
1443 1133 1481 1194 de

209 1219 365 1293 Ministro,
381 1253 421 1262 —
434 1223 468 1282 40
482 1220 519 1280 de
536 1219 670 1300 subjecto
683 1219 816 1282 Ordinis,

735 1454 911 1530 CAPUT
938 1453 954 1528 l

518 1625 564 1675 DE
589 1625 733 1676 NATURA
757 1627 802 1676 ET
827 1626 1006 1684 DIVISIONE
1031 1627 1173 1676 olannus

1086 1739 1099 1764 Q

249 1801 319 1860 69l.
335 1833 376 1841 -
390 1797 519 1860 Nomine
533 1797 655 1860 Ordinis
671 1813 749 1878 sepe
767 1798 948 1877 intelligitur
960 1798 1075 1880 predas
1089 1797 1273 1861 cledonium
1288 1800 1327 1862 ad
1342 1801 1475 1882 specialia

208 1885 309 1948 Officia
323 1885 521 1950 ecclesiastiea
536 1895 794 1962 consecratorum
815 1887 865 1949 hia
884 1891 988 1950 antem
1007 1887 1197 1966 significatur
1210 1889 1381 1968 praesertim
1401 1891 1477 1954 ritus

212 1993 304 2048 sacer,
328 1995 388 2058 quo
409 1976 502 2038 alicui
523 1981 654 2056 potestas
674 1977 800 2058 hujusce
818 1977 933 2056 prodas
957 1976 1090 2056 propria,
1117 1976 1274 2056 gratiaque
1299 1977 1342 2039 illi
1366 1981 1480 2042 adnexa

209 2064 372 2126 confertur.
390 2068 511 2140 Quanta
524 2071 629 2127 autem
648 2065 689 2126 sit
708 2065 801 2144 hrains
822 2065 1008 2127 Sacramenti
1022 2065 1156 2146 dignitas
1174 2072 1205 2126 et
1219 2067 1406 2142 excellentia,
1423 2068 1477 2130 vix

208 2153 346 2214 humana
367 2171 437 2214 voce
460 2154 591 2233 exprimi
615 2161 724 2233 potest.
747 2157 808 2216 Hao
822 2155 858 2216 de
877 2173 908 2216 re
927 2155 970 2216 sie
989 2154 1070 2216 inter
1087 2155 1175 2234 plura
1193 2154 1253 2216 alia
1272 2155 1480 2218 Gatechismus

209 2240 334 2303 Consilii
349 2240 521 2303 Tridentini
538 2263 545 2303 :
564 2243 699 2304 Potestas
715 2254 776 2302 tum
794 2243 908 2323 Carpus
923 2253 952 2302 et
963 2243 1148 2324 Sanquinem
1163 2243 1287 2304 Domini
1299 2249 1394 2304 rostri
1409 2266 1481 2306 roa-

208 2329 332 2410 ficienda'
348 2341 378 2390 et
391 2331 551 2409 offerendi,
571 2341 632 2391 tum
645 2343 766 2408 peccata
782 2332 969 2404 remittendi,
983 2352 1049 2412 qua
1062 2332 1235 2393 itla'colla'm
1249 2343 1303 2405 est,
1320 2333 1482 2396 humanam

210 2419 357 2478 rationem
372 2428 462 2498 atque
476 2418 713 2499 intelligentiam
734 2431 872 2500 superat,
895 2420 1005 2480 uectum
1029 2421 1058 2482 ei
1075 2421 1196 2502 aliquid
1208 2440 1270 2502 par
1288 2432 1317 2482 et
1336 2423 1436 2485 simile
1448 2428 1481 2484 ia

210 2506 300 2565 terris
312 2507 445 2566 r'raverurc'
458 2517 559 2586 queat.

248 2594 327 2655 Ordo
341 2595 547 2657 communiter
561 2595 717 2670 definitur,
730 2597 755 2659 S
758 2599 928 2678 ipaacalum
941 2599 1090 2680 quoddam
1101 2599 1254 2674 Ecclesiae,
1267 2620 1321 2682 quo
1332 2602 1484 2680 spa'ritua-

209 2683 248 2744 lis
266 2693 400 2765 potestas
424 2685 566 2746 ordinato
583 2685 799 2746 tridudum-—
818 2687 851 2749 S.
873 2689 954 2768 Llp„
977 2709 1008 2749 a.
1031 2693 1100 2763 735,
1127 2697 1197 2768 post
1218 2693 1251 2751 l).
1277 2690 1482 2764 Thon1.‚ota.

209 2772 358 2834 Definilnr
371 2773 465 2836 eliam
484 2781 562 2836 recle
582 2778 673 2855 juxta
687 2776 763 2836 ala'as
776 2797 789 2837 .·
811 2777 1039 2838 Sacramentum
1059 2797 1142 2838 raauae
1158 2777 1247 2858 lepis,
1268 2798 1327 2859 quo
1347 2777 1483 2839 traditur

209 2863 379 3011 spgirr'ta‘alata's
401 2873 556 2944 potestur,
587 2875 614 2925 et
641 2865 796 2944 confertur
822 2871 926 2946 pratia
955 2867 996 2928 ad
1021 2869 1126 2929 munia
1156 2866 1358 2928 ecclesiastica
1388 2867 1485 2929 dedite

209 2971 302 3012 naua
325 2972 354 3013 a.

331 3089 573 3155 statuenda.

250 3239 320 3299 695.
334 3271 375 3281 -
388 3237 411 3297 Ι.
423 3237 501 3298 Ordo
515 3244 560 3298 est
574 3256 682 3299 verum
696 3244 727 3299 et
740 3238 860 3318 proprie
875 3238 992 3302 dictum
1008 3257 1093 3300 nova
1108 3239 1182 3317 legis
1197 3241 1441 3301 Sacramentum.

250 3327 385 3400 Constat,
396 3326 469 3406 quia
483 3325 515 3386 in
530 3343 564 3387 eo
579 3327 775 3405 reperiuntur
789 3327 893 3388 omnia
905 3328 942 3389 ad
957 3328 1106 3388 rationem
1118 3327 1304 3390 sacramenti
1320 3325 1482 3406 requisita,

211 3411 323 3474 seilicet
336 3419 367 3475 l⁰
382 3423 500 3494 sr'pnam
515 3416 663 3487 sensibile,
679 3433 749 3476 cum
766 3416 852 3495 signo
866 3415 1009 3478 exteriori
1023 3415 1208 3490 tonsoratum
1226 3451 1265 3462 -
1278 3419 1308 3476 30
1327 3415 1484 3475 r'ostt'tuta'o

211 3499 325 3578 divino,
340 3521 411 3565 oum
426 3503 566 3566 Christus
581 3505 738 3584 Apostolos
750 3505 1037 3567 Ordinis‘Ministros
1047 3503 1230 3578 instituerit,
1243 3509 1484 3585 potestatemque

211 3592 415 3666 consecrandi,
428 3592 606 3655 remittendi
620 3600 754 3672 peecata,
770 3612 852 3655 saera
864 3593 1007 3675 lllpsteria
1020 3592 1232 3673 dispensandi,
1248 3592 1369 3672 regendi
1383 3593 1485 3654 Euole-

211 3678 300 3753 siam,
321 3686 352 3742 et
366 3681 439 3744 alios
454 3681 609 3743 Ministros
623 3681 808 3744 instituendi
821 3683 865 3744 eis
878 3682 993 3744 dederit
1009 3682 1092 3762 (Act.
1107 3701 1182 3744 xnn.
1196 3684 1263 3743 —l
1284 3683 1355 3745 Cor.
1376 3700 1432 3743 xri.
1444 3715 1489 3727 —

213 3768 315 3830 Galat.
329 3787 364 3832 11.
381 3805 420 3815 -
435 3769 543 3830 Mattd.
558 3769 688 3845 xxv111l;
703 3805 742 3815 -
757 3777 789 3832 30
804 3770 928 3832 collatio
942 3773 1061 3848 precra,
1078 3777 1114 3833 ut
1128 3776 1246 3834 constat
1259 3789 1297 3833 ex
1311 3773 1323 3832 l
1338 3770 1419 3832 Tim.
1438 3789 1485 3846 rr,

210 3861 274 3919 tl:
297 3857 383 3934 Noli,
399 3859 502 3939 inquit
517 3859 692 3938 ApostoluS,
709 3858 860 3941 negligere
877 3860 1011 3936 praciam
1033 3880 1099 3941 quae
1118 3860 1190 3920 data
1208 3869 1253 3922 est
1269 3859 1326 3921 tibi
1341 3879 1401 3941 per
1412 3880 1487 3939 pro-

210 3943 356 4026 plattam,
372 3967 435 4008 cum
453 3947 641 4028 impositione
655 3968 796 4008 manuum
805 3949 1003 4030 presbyterii.
1019 3983 1058 3992 —
1073 3951 1112 4010 El
1126 3951 1152 4010 ΙΙ
1164 3949 1245 4010 Tim.
1262 3968 1288 4024 1,
1305 3953 1324 4012 6
1341 3969 1349 4012 :
1373 3948 1488 4010 Admo-

212 4050 267 4091 nea
288 4043 329 4110 te,
345 4045 380 4095 ut
398 4039 552 4098 resuscites
563 4040 697 4118 pretium
711 4036 785 4114 oet,
803 4058 870 4119 quar
886 4041 917 4098 ia
933 4047 960 4099 te
975 4047 1018 4098 est
1031 4057 1093 4120 per
1105 4039 1327 4120 tmposllroaem
1342 4057 1485 4097 manuum

212 4137 356 4182 mearum.

253 4209 382 4272 Eruitur
393 4213 486 4276 etiam
501 4233 538 4276 ex
550 4215 726 4278 delinitione
741 4215 832 4278 Cane.
852 4215 951 4293 Trea,
969 4236 1035 4277 sess.
1052 4212 1162 4290 XXIII,
1177 4236 1242 4277 can.
1260 4219 1294 4290 3,
1314 4213 1370 4276 ubi
1389 4213 1433 4276 sie
1446 4215 1488 4276 le-

213 4295 318 4377 gitur:
338 4299 374 4360 Sa'
392 4302 458 4380 quia
480 4303 593 4364 demerit
616 4304 755 4366 Ordinem
775 4325 832 4365 nou
854 4325 914 4368 esse
934 4326 1002 4366 oere
1025 4315 1054 4367 et
1075 4307 1201 4388 proprie
1220 4303 1452 4366 Sacramentum
1469 4301 1506 4363 α’

214 4383 336 4447 Christo
351 4386 478 4450 Domum
488 4395 676 4466 institutum,
691 4394 920 4455 anathemaret.

252 4477 322 4538 696.
338 4511 379 4523 -
392 4478 427 4538 lI.
445 4483 567 4558 Septem
581 4490 785 4545 numerantur
796 4483 938 4558 Ordines,
954 4481 1066 4546 seilicet
1077 4483 1318 4580 Prosbptuotua,
1332 4483 1489 4544 Diaeoua-
