3220 5042
249 307 318 368 260
778 311 990 357 rnacrarus

288 433 325 492 ιι.
342 426 481 509 Episcopi
495 426 663 488 volcarum
683 423 822 503 delegati,
841 423 995 486 absolvere
1009 428 1138 503 possunt
1149 421 1243 483 etiam
1261 439 1280 483 ι
1295 420 1417 482 casibus
1431 439 1526 502 papa-

248 521 329 583 libus
343 518 477 594 occultis,
495 515 625 596 exceptis
639 519 742 576 tanim
756 513 796 576 iis
813 512 867 593 qui
885 512 1058 593 specialiter
1073 515 1268 574 reservantur
1281 513 1318 573 R.
1335 509 1475 572 Pontifici
1488 511 1526 572 in

246 612 350 672 Const.
366 603 667 687 apostolicaesedis.
682 605 807 666 Constat
821 621 859 664 ex
871 600 1059 664 concessione
1079 599 1195 663 Coacil.
1210 597 1310 677 Trid,
1323 617 1395 660 sess.
1413 601 1523 674 XXIV,

248 719 274 760 c.
293 715 335 770 vr,
352 696 467 770 Liceat,
482 693 520 754 de
539 692 673 774 Reform.
678 739 688 769 ,
705 698 735 754 et
747 695 898 754 erCcnst.
916 690 1008 752 citata
1022 689 1067 752 Pii
1083 691 1133 752 tx.

286 788 418 848 Possunt
430 782 571 862 Episcopi
585 781 739 844 absolvere
750 799 769 842 a
782 779 903 842 casibus
915 777 1075 859 papalibus
1087 777 1182 840 etiam
1195 777 1333 854 notariis,
1349 795 1403 838 seu
1415 777 1526 857 pobli-

248 878 291 935 cis
309 891 415 937 omnes
433 871 534 934 fideles
551 869 621 952 qui,
638 869 675 932 ob
697 869 870 948 legitimum
891 866 1164 967 impedimentum,
1185 865 1390 944 Apostolicam
1414 865 1526 928 Scdem

247 963 332 1026 adire
345 963 515 1042 nequeunt,
530 978 583 1034 ne,
600 977 638 1020 ιι
650 957 796 1020 dilatione
810 955 939 1019 absolut'
919 955 1026 1030 tronis,
1043 953 1206 1016 animabus
1220 953 1420 1033 periculum
1411 955 1525 1016 immi-

250 1058 331 1114 neat.
351 1052 478 1112 Constat
495 1067 533 1110 ιι
550 1049 627 1112 «lare
646 1068 715 1108 can.
738 1068 763 1107 c.
781 1045 938 1122 Mulieres,
959 1049 991 1121 6,
1014 1063 1040 1104 c
1061 1043 1114 1105 Ea
1136 1043 1281 1113 noscimur
1306 1047 1355 1117 13,
1376 1042 1414 1103 de
1434 1041 1522 1104 Sent.

248 1159 404 1216 excomm,
421 1143 478 1200 eto.

289 1231 339 1290 ιιι.
356 1225 563 1291 confessarius
577 1224 706 1306 quilibet
719 1224 814 1286 etiam
830 1179 988 1302 [regularis
1006 1222 1159 1285 absolvere
1177 1238 1239 1282 non
1253 1225 1353 1301 potest
1369 1220 1524 1284 suasibus

244 1339 287 1400 pr
289 1337 345 1397 apr
346 1336 372 1376 ιι
392 1313 625 1395 episcopalibus,
647 1312 709 1374 nisi
727 1311 765 1374 ab
780 1311 957 1392 Episcopo'
948 1329 1013 1391 ipso
1034 1309 1211 1372 facultatem
1225 1309 1385 1388 receperit,
1400 1309 1523 1372 etiamsi

249 1403 403 1466 absolvere
416 1401 513 1482 possit
527 1419 544 1462 a
556 1399 802 1481 qu1buscumque
816 1398 938 1462 casibus
954 1402 1040 1480 Papae
1054 1398 1226 1461 reservatis.
1238 1399 1333 1460 -Ita
1345 1398 1486 1460 Clemens
1499 1403 1524 1461 X

130 1483 135 1494 ¹
248 1492 282 1553 iu
296 1491 383 1555 Bulla
396 1489 547 1570 saperes,
564 1488 619 1551 ubi
633 1489 707 1551 dicit
695 1495 766 1551 t:ur
784 1488 938 1550 Habentes
951 1487 1132 1568 facultatem
1147 1486 1322 1548 absolvendi
1332 1485 1372 1547 ab
1386 1487 1525 1549 coercitas

249 1579 368 1641 casibus
382 1577 457 1640 Sodi
471 1577 655 1657 apostatica
668 1578 846 1652 reservatis,
861 1597 922 1637 uass
940 1576 1007 1638 ideo
1029 1599 1048 1637 a
1070 1575 1186 1638 casibus
1199 1575 1236 1636 ab
1251 1576 1411 1658 Episcopo
1425 1595 1525 1636 reser-

251 1671 326 1732 uatr's
337 1678 466 1750 possunt
479 1667 643 1728 absolvere.

289 1760 340 1820 IV.
354 1757 444 1820 Nulla
457 1761 505 1818 est
516 1755 679 1818 reservatio
691 1755 725 1818 in
740 1755 866 1818 ιιιιιιιιο
882 1755 1001 1818 mortis.
1018 1757 1129 1817 Omnes
1140 1752 1236 1833 igitur
1249 1754 1421 1816 Sacerdotes
1435 1772 1525 1834 quos·

249 1846 324 1910 libet
339 1845 524 1926 prenitentes
536 1845 574 1907 ab
587 1845 731 1908 omnibus
746 1844 875 1924 peccatis
887 1850 918 1906 ιι
931 1841 1067 1906 censuris
1082 1849 1157 1904 tunc
1168 1841 1323 1906 absolvere
1336 1849 1475 1922 possunt.
1484 1879 1523 1887 -

253 1935 348 2016 Trid,
364 1955 434 1996 sess.
451 1936 534 2008 XlV,
551 1955 577 1994 c.
596 1953 653 1996 vn.
669 1934 828 1998 -Recole
842 1933 923 1996 dicta
936 1953 967 1994 ιι.
982 1935 1052 1996 act.

371 2072 564 2169 Quaesitae.

290 2204 360 2265 5¹15.
377 2236 417 2245 -
430 2203 532 2275 Quen.
552 2205 582 2262 ιο
596 2199 645 2260 Αι
661 2199 828 2281 aliquando
847 2193 979 2282 inferior
989 2200 1084 2281 possit
1105 2196 1259 2259 absolvere
1277 2198 1434 2259 tradentem
1448 2217 1526 2279 pcc-

252 2299 320 2352 cata
334 2297 503 2362 reseruata,
518 2299 606 2348 cetra
621 2289 728 2349 mortis
740 2289 934 2370 periculam?

291 2379 382 2457 Resp.
397 2382 429 2438 ι0
446 2396 453 2437 :
470 2380 572 2438 Potest
593 2376 718 2458 quidem
737 2378 919 2460 quandoque
938 2378 1106 2453 absolvere,
1127 2395 1237 2458 nempe
1255 2375 1375 2458 quoties
1397 2375 1526 2440 facultas

250 2465 314 2545 peti
329 2464 437 2544 nequit
450 2482 468 2525 a
483 2465 650 2545 Superiora,
663 2483 701 2528 ue
715 2484 768 2546 per
779 2467 896 2530 litteras
908 2467 1033 2548 quidem
1048 2465 1133 2546 (quae
1147 2465 1256 2529 littera
1271 2465 1447 2528 necessarie
1462 2483 1525 2527 non

251 2559 327 2616 sunt
340 2571 393 2634 pro
411 2551 531 2616 casibus
547 2553 727 2628 PontificiiS,
744 2555 817 2635 quia
834 2561 908 2619 tunc
925 2573 1032 2618 eorum
1046 2554 1196 2617 absolutio
1210 2573 1247 2617 er
1257 2557 1325 2636 jure
1339 2553 1474 2633 pertinet
1487 2556 1527 2616 ad

251 2641 464 2722 Episcopum),
482 2647 513 2704 et
530 2640 669 2722 alioquin
687 2645 773 2706 adest
788 2645 956 2724 periculum
976 2643 1010 2704 in
1032 2661 1132 2717 mora,
1150 2643 1197 2705 vel
1212 2659 1301 2723 grave
1314 2640 1459 2702 imminet
1476 2642 1527 2704 iu-

251 2731 463 2806 commodum;
477 2735 508 2792 et
518 2731 574 2793 hoc
588 2732 668 2794 valet
679 2733 802 2795 etiamsi
816 2739 973 2814 peceatum
985 2750 1057 2796 cum
1067 2729 1381 2794 excommunicatione
1389 2747 1527 2792 reserva-

253 2827 320 2882 tum
339 2826 428 2882 esset.
444 2819 533 2884 Ratio
552 2826 614 2895 est,
632 2821 705 2902 quia
724 2821 870 2896 Ecclesia,
890 2821 940 2903 pia
963 2827 1071 2896 mater,
1093 2824 1123 2882 et
1141 2819 1272 2901 quilibet
1293 2818 1447 2899 Superior,
1463 2837 1525 2880 non

251 2914 351 2990 potest
365 2908 481 2970 censeri
496 2909 572 2972 velle
586 2907 718 2990 obligare
730 2911 768 2973 ad
783 2909 900 2990 aliquid
914 2909 1070 2972 moraliter
1082 2907 1282 2989 impossibile,
1295 2908 1343 2970 vel
1352 2908 1392 2970 ad
1402 2911 1526 2969 tantum
1596 2904 1597 2912 ’

252 2997 481 3060 incommodum
494 2997 701 3060 subeundum.
717 3035 757 3044 -
773 2999 824 3061 Ita
838 3000 1044 3060 communiter.
1060 3033 1101 3043 -
1114 2995 1148 3059 S.
1162 2998 1246 3078 cip,
1264 3017 1296 3059 ιι.
1312 3001 1383 3061 585.

292 3086 380 3167 llesp.
396 3089 430 3147 ιι
445 3105 452 3146 :
468 3088 535 3148 Non
553 3091 652 3167 potest
670 3092 773 3150 umen
794 3088 827 3149 in
845 3087 897 3149 tali
916 3104 988 3149 casu
1002 3086 1155 3148 absolvere
1168 3085 1229 3147 nisi
1244 3085 1392 3147 indirecte
1407 3103 1528 3148 oresec-

252 3174 343 3248 vatis,
361 3175 504 3255 quamvis
519 3175 631 3236 directe
650 3177 688 3239 ab
707 3176 777 3238 aliis
789 3176 936 3238 absolvat.
951 3175 1040 3239 Ratio
1054 3181 1114 3249 est,
1129 3174 1203 3255 quia
1219 3193 1282 3237 non
1294 3175 1387 3237 babet
1396 3173 1528 3256 jurisdi-

252 3263 385 3326 ctionem
399 3262 433 3324 in
447 3269 609 3326 reservata.
625 3269 685 3328 Nec
699 3270 839 3327 censetur
857 3264 936 3327 hanc
961 3264 1099 3344 supplere
1116 3262 1260 3339 Ecclesia;
1276 3263 1360 3326 nulla
1379 3263 1464 3324 enim
1480 3269 1528 3324 est

254 3350 412 3432 supplendi
429 3352 606 3428 necessitas,
622 3371 761 3434 cumpro
778 3353 957 3416 necessitate
973 3351 1114 3432 prasenti
1135 3350 1264 3414 sufficiat
1277 3350 1427 3414 absolutio
1443 3351 1528 3412 indi-

251 3445 333 3503 recta
351 3447 590 3516 reservatorum3
607 3447 638 3504 et
662 3441 785 3504 aliunde
806 3445 895 3504 Gonc.
912 3441 1010 3515 Trid,
1027 3459 1100 3503 sess.
1118 3443 1195 3515 XIV,
1210 3458 1235 3502 c.
1250 3458 1308 3511 vu,
1322 3455 1462 3517 expresse
1475 3440 1529 3501 de-

252 3527 396 3592 claravit:
415 3539 502 3589 catra
516 3531 623 3590 martis
635 3531 799 3590 articulum
806 3577 815 3608 ‚
834 3530 1014 3592 Sacerdotes
1028 3529 1109 3590 citit
1117 3549 1204 3612 posse
1220 3531 1251 3590 ιιι
1265 3526 1377 3589 casibus
1389 3545 1531 3589 reserva·

253 3619 302 3678 tis.
315 3617 404 3679 -S
421 3617 504 3699 Lep,
519 3617 610 3694 tcta,
627 3629 655 3678 et
669 3618 726 3679 alii
742 3637 834 3700 supra
849 3619 946 3681 citatr.
926 3619 933 3631 '

292 3704 438 3768 Hiucl⁰:
455 3709 521 3769 Non
535 3666 635 3786 potest
648 3713 722 3769 tunc
736 3707 890 3770 absolvere
906 3707 1122 3782 confessarius,
1137 3707 1199 3769 nisi
1211 3713 1445 3779 cumanorum
1457 3706 1528 3768 data

253 3793 479 3876 opportunitate
493 3794 645 3874 paenitens
660 3814 691 3858 se
706 3795 796 3858 sistat
809 3795 964 3876 Superiori
977 3797 1025 3859 vel
1038 3795 1126 3859 alteri
1139 3793 1267 3858 habenti
1282 3794 1461 3858 facultatem
1474 3795 1527 3856 ab·

254 3883 389 3946 solvendi
402 3901 420 3944 a
432 3883 610 3946 reservatis.

293 3974 363 4033 trae
378 3975 481 4033 ιιιιιιι
494 3975 568 4033 tuuc
582 3972 686 4034 valent
693 3974 817 4055 qu,oad
832 3991 919 4036 casus
934 3973 1106 4036 Pontificios
1115 3973 1259 4054 ,quaudo
1273 3971 1430 4036 Psanitens
1443 3969 1525 4033 brevi

256 4064 391 4137 tempore
405 4059 542 4121 accedere
556 4063 655 4140 potest
670 4062 708 4123 ad
725 4061 916 4135 Pontificem,
933 4068 989 4124 aut
1005 4062 1102 4125 alium
1122 4060 1297 4124 facultatem
1312 4059 1477 4124 habentem
1492 4059 1525 4119 in

253 4147 319 4227 ejus
330 4154 493 4210 reservata.
507 4149 593 4224 Quod
603 4149 630 4212 ιι
642 4150 900 4231 impedimentum
916 4151 1005 4213 duret
1018 4152 1056 4214 ad
1070 4151 1197 4232 longum
1210 4157 1343 4232 tempus,
1353 4150 1436 4231 quod
1447 4165 1526 4211 com-
1550 4227 1553 4232 Ι

252 4240 382 4314 putatur
395 4254 414 4296 a
427 4255 480 4298 sex
491 4237 651 4300 mensibus
661 4239 699 4301 ad
714 4237 977 4320 quinquennium,
988 4239 1113 4302 inferior
1124 4243 1224 4320 potest
1234 4237 1347 4302 directe
1362 4239 1527 4306 absolvere,

253 4321 392 4404 inJ'uncto
408 4329 512 4388 ιιιιιιι
530 4342 619 4388 onere
634 4345 665 4390 se
680 4327 809 4390 sistendi
831 4327 971 4390 Pontifici
986 4331 1049 4390 aut
1070 4328 1219 4408 delegato,
1237 4327 1265 4390 si
1283 4335 1442 4408 peccatum
1457 4343 1528 4388 cum

253 4411 438 4474 consumsit
460 4421 665 4491 reservatum
682 4415 748 4478 siue
772 4415 826 4478 tali
848 4435 953 4492 onere,
972 4415 999 4479 si
1017 4421 1173 4496 peccatum
1194 4434 1358 4478 censuram
1378 4415 1529 4478 adnexam

253 4517 315 4562 non
332 4499 453 4562 habeat.
465 4535 507 4547 -
523 4501 656 4576 Saurea,
673 4503 703 4565 d.
718 4523 793 4582 xxx,
812 4515 883 4567 sect.
902 4509 930 4580 3,
949 4525 980 4565 a.
998 4510 1045 4567 tt.
1063 4541 1102 4550 —
1116 4505 1218 4586 Lapa,
1233 4505 1264 4566 d.
1280 4521 1335 4578 xx,
1353 4525 1384 4567 ιι.
1401 4507 1474 4568 223·
1491 4539 1530 4549 -

254 4587 404 4670 capros
419 4589 473 4670 qai
484 4591 535 4662 22,
551 4589 586 4650 de
600 4589 686 4651 Sent.
702 4611 857 4672 excomm,
879 4595 909 4654 ia
926 4597 971 4657 6⁰.
985 4594 1110 4668 Quando
1124 4612 1195 4656 vero
1207 4593 1471 4674 impedimentum
1485 4597 1530 4656 est
