3198 5036
627 288 669 332 ns
694 285 939 333 ruculmsrm
1354 279 1417 339 lb'l

149 408 254 466 autem
267 401 317 464 ille
332 418 394 463 non
405 398 571 473 obtinetur,
588 399 664 461 dum
677 415 732 478 pro
746 397 817 460 vivo
830 396 1019 462 Sacrificium
1029 397 1165 462 offertm.
1175 401 1261 466 Unde
1274 405 1416 468 Sacerdos

149 491 187 555 ob
201 489 351 573 ejusmodi
364 505 498 551 errorem
508 489 661 569 jucturam
675 485 821 567 stipendii
836 485 885 548 sui
898 486 1002 549 subire
1016 487 1115 551 debet.

649 712 824 788 CAPUT
855 711 919 788 ΙΙΙ

461 893 511 944 DE
533 891 814 942 OBLIGATIONE
839 891 1101 944 CELEBRANDI

190 1041 254 1104 Sub
270 1039 382 1121 triplici
396 1044 533 1120 respectu
546 1039 610 1102 baec
624 1038 767 1119 obligatio
781 1037 908 1119 spectari
921 1042 1020 1119 potest
1035 1057 1043 1100 :
1060 1046 1093 1103 1⁰
1107 1009 1225 1102 ratione
1238 1041 1413 1120 sacerdotii3

150 1165 193 1178 -
205 1134 239 1193 2⁰
251 1129 368 1192 ratione
382 1127 490 1204 ollioii;
513 1163 552 1172 -
567 1132 599 1191 3ο
613 1127 730 1190 notione
743 1126 898 1208 stipendii.

663 1277 875 1378 Anniculus
895 1315 908 1375 1

383 1471 422 1516 nn
443 1469 639 1515 onuclslottn
659 1469 842 1514 estensium
864 1469 994 1514 RATIONE
1014 1469 1186 1517 sluusnorn

193 1619 262 1680 359.
278 1651 318 1662 -
339 1614 415 1677 Dico
429 1633 443 1676 .·
458 1617 570 1678 Omnes
583 1614 756 1677 Sacerdotes
774 1612 891 1676 ratione
908 1613 1065 1676 sacerdotii
1074 1617 1143 1695 Jure
1155 1615 1261 1679 diuino
1275 1623 1420 1680 tenentur

151 1705 211 1769 sub
226 1703 312 1783 grand
326 1701 489 1782 aliquando
502 1701 659 1764 celebrere.
678 1700 840 1762 Evincitnr
852 1719 891 1764 cx
905 1700 1006 1764 verbis
1020 1701 1150 1778 Christi,
1168 1705 1241 1766 Luc.
1259 1723 1339 1780 xxii,
1357 1709 1395 1769 l9
1410 1726 1417 1767 :

153 1790 222 1854 Hoc
250 1791 343 1869 [acite
372 1793 405 1849 in
427 1809 521 1851 mecm
550 1791 867 1850 commemorationem.
895 1787 1011 1863 Quibus
1039 1789 1155 1865 verbis,
1182 1797 1259 1854 teste
1288 1793 1420 1856 Concilio

153 1878 350 1953 Tridentino,
366 1877 507 1940 Christus
518 1876 671 1957 Apostolis
684 1893 850 1956 eorumque
866 1875 1088 1940 successoribus
1103 1877 1257 1960 precepit,
1273 1887 1310 1942 ut
1324 1881 1420 1944 Sacri-

151 1967 259 2032 ficium
270 1966 409 2029 offerant.
426 1967 551 2045 Insuper
566 1965 738 2030 Sacerdotes
751 1982 856 2027 omnes
871 1963 906 2027 in
920 1984 976 2030 suc
989 1965 1179 2030 ordinatione
1192 1967 1346 2049 occipiunt
1360 1988 1422 2033 non

152 2056 254 2120 solum
268 2061 464 2136 potestatem,
486 2054 538 2116 sed
560 2053 654 2116 etium
673 2072 779 2114 munus
794 2059 831 2114 et
841 2052 978 2135 officium
993 2053 1181 2118 sacrificandi
1195 2055 1240 2118 illi
1253 2058 1418 2121 adnexum.

151 2144 231 2209 Hinc
247 2145 353 2225 Apost.
375 2143 465 2206 Hebr.
482 2147 544 2204 v.l
565 2162 572 2203 ε
591 2143 693 2204 Omnis
715 2160 842 2223 namque
853 2141 995 2222 pontifex
1013 2161 1051 2205 en
1068 2143 1239 2206 bominibus
1256 2156 1422 2230 assumptus

150 2253 210 2317 pro
233 2231 403 2293 dominibus
427 2231 625 2292 constituitur
648 2233 681 2289 in
702 2229 741 2290 iis
758 2247 824 2312 qun
844 2231 979 2292 suntad
997 2231 1107 2308 Deum,
1124 2242 1159 2294 ut
1172 2235 1280 2316 offerat
1298 2235 1379 2297 dona
1394 2246 1423 2299 et

151 2321 315 2400 sacrificio.
340 2325 431 2384 Porro
448 2320 483 2382 in
508 2337 540 2381 re
565 2317 651 2398 grem
669 2318 799 2400 quisque
817 2325 940 2382 tenetur
963 2319 1097 2400 graviter
1116 2340 1233 2385 munus
1247 2331 1423 2405 susceptum

154 2409 287 2491 exsequi.
313 2412 428 2488 Ergo...
448 2443 489 2453 -
508 2407 555 2471 Sir
578 2407 615 2470 S.
638 2406 760 2482 Tiom„
783 2410 826 2481 3.,
847 2427 878 2490 p.
900 2411 954 2484 82,
975 2418 1035 2472 art.
1056 2414 1104 2476 lt).
1125 2443 1165 2458 -
1191 2410 1264 2474 Vide
1281 2413 1317 2476 S.
1338 2413 1421 2496 Lep,

153 2519 184 2561 n.
200 2503 269 2564 313.

277 2649 471 2728 Quaeslto.

193 2799 263 2860 360.
279 2831 318 2841 -
337 2799 438 2872 Qumis.
469 2799 498 2856 I⁰
519 2793 638 2868 Quoties
661 2794 691 2854 in
714 2793 779 2856 vitu
801 2792 849 2855 oei
874 2797 906 2854 in
927 2813 1009 2857 anno
1033 2793 1179 2858 Sacerdos
1207 2796 1359 2860 celebrare
1380 2807 1443 2861 te»

154 2882 287 2946 nentur?

193 2974 283 3056 Resp.
304 2992 317 3034 .·
334 2976 402 3036 Non
419 2970 497 3033 olore
511 2972 637 3032 constat.
660 2968 853 3032 Proindiiim
872 2969 992 3034 videtur
1014 2989 1078 3035 non
1096 2973 1192 3035 teneri
1211 2973 1249 3035 od
1272 2974 1422 3038 celebrun-

153 3063 245 3137 dum,
268 3060 329 3124 nisi
350 3066 397 3122 ter
421 3059 468 3121 vel
482 3063 590 3140 quater
610 3057 644 3119 in
667 3076 763 3133 anno,
780 3076 834 3120 scu
850 3057 883 3120 in
904 3058 987 3122 festis
1009 3060 1252 3124 solemnioribus.
1276 3063 1340 3124 Imo
1361 3080 1424 3125 non

153 3148 356 3231 improbabile
383 3154 521 3227 apparet,
551 3146 735 3208 sacerdotem
764 3165 818 3208 suo
846 3146 970 3210 muneri
992 3146 1096 3210 fecisse
1128 3149 1216 3225 sads,
1241 3148 1267 3212 si
1295 3150 1422 3231 quibus-

153 3256 287 3319 cumque
300 3237 424 3299 tandem
437 3234 545 3297 diebus
556 3241 602 3296 ter
613 3234 660 3296 vel
670 3241 778 3313 quater
789 3235 824 3296 in
835 3252 916 3297 anno
928 3234 1116 3300 Sacrificium
1123 3236 1239 3301 offeret.
1250 3273 1291 3283 -
1301 3239 1336 3301 S.
1351 3238 1421 3320 Lip.

153 3347 184 3389 n.
202 3333 271 3392 tls.

193 3417 295 3492 Qunn.
312 3419 345 3477 2⁰.
360 3413 409 3473 An
421 3411 573 3476 ecimotur
586 3411 625 3472 od
640 3413 722 3473 omni
733 3420 868 3493 peccato,
887 3416 942 3493 qui
958 3421 1073 3474 tontum
1088 3424 1195 3496 queror
1209 3419 1242 3476 in
1257 3435 1337 3477 anno
1349 3415 1421 3478 cele*

156 3503 248 3568 brat?

194 3593 282 3675 Resp.
309 3591 386 3672 Nep.
411 3593 478 3653 Non
501 3587 625 3653 ridetur
647 3587 731 3650 enlm
752 3588 944 3651 excusandus
971 3589 1009 3650 ob
1033 3589 1135 3671 aliquo
1158 3599 1276 3673 peccato
1297 3592 1421 3655 veniali.

154 3680 204 3746 Sic
215 3679 419 3745 communiter
426 3681 516 3761 juxto
530 3683 666 3740 mentem
681 3675 774 3740 Cone.
790 3675 890 3753 Trici,
906 3695 973 3739 sess.
988 3680 1093 3750 XXIII,
1108 3699 1133 3740 c.
1148 3698 1212 3755 xrs,
1225 3681 1420 3761 deltesorm„

154 3769 209 3834 ubi
224 3769 356 3832 dicitur:
376 3768 468 3831 Curet
485 3767 654 3850 Episcopus
669 3777 702 3827 ut
715 3769 740 3826 ii
753 3765 956 3848 (Presbyteri)
969 3767 1074 3829 saltem
1090 3766 1194 3830 dc'eius
1213 3767 1379 3830 Dominicis
1394 3781 1423 3832 et

153 3859 240 3941 [esde
263 3858 440 3920 solemnibus
458 3859 566 3920 Missas
586 3855 743 3918 celebrent.
764 3857 828 3918 lmo
849 3859 969 3936 exoptat
986 3863 1091 3919 sancta
1111 3861 1208 3920 mater
1225 3857 1370 3933 Ecclesia,
1387 3864 1424 3922 ut

154 3948 297 4011 Sacerdos
319 3946 448 4027 sIngulis
464 3945 572 4009 diebus
595 3943 783 4008 Sacrificium
805 3942 927 4019 offerat,
951 3951 982 4008 et
1002 3944 1046 4026 pii
1071 3947 1245 4010 Sacerdotes
1267 3945 1424 4010 rarissime

153 4035 232 4099 illud
246 4035 387 4098 omittere
402 4035 509 4098 solent.

194 4123 273 4187 Hinc
286 4123 397 4186 merito
410 4123 561 4186 concludit
574 4127 605 4186 S.
621 4121 702 4202 Lig„
719 4140 750 4184 n.
767 4123 826 4186 339
840 4140 847 4183 :
873 4121 1065 4204 Quapropter
1078 4124 1222 4186 nescirem
1236 4125 1354 4207 oculpu
1367 4123 1425 4186 leni

156 4231 299 4275 excusare
312 4211 503 4274 Sacerdotem
518 4211 616 4288 ilium,
634 4214 688 4292 qni
703 4209 836 4292 quotidie
854 4209 1004 4272 celebrare
1020 4219 1117 4292 posset
1139 4211 1217 4294 (nna
1234 4211 1424 4275 heddomadis

155 4301 204 4364 die
218 4311 342 4383 eccepto
355 4302 390 4363 od
409 4300 638 4381 reverentiam),
656 4307 686 4361 et
709 4303 774 4360 sine
788 4298 851 4360 nilo
867 4298 957 4379 justo
972 4318 1075 4376 causo,
1091 4299 1143 4362 sed
1159 4310 1277 4364 tontum
1290 4302 1328 4364 ob
1344 4301 1424 4364 desi·

157 4393 242 4464 tium,
258 4388 466 4453 coelebrundo
480 4388 669 4450 abstineret:
692 4386 840 4450 Sacerdos
854 4389 932 4448 enim
949 4407 1008 4448 non
1024 4397 1143 4452 tuntum
1155 4410 1215 4473 pro
1229 4411 1259 4452 se
1278 4389 1408 4453 celebrat
1412 4435 1423 4464 ,

155 4483 308 4541 sedetiam
323 4499 382 4562 pro
405 4478 477 4540 dono
493 4479 583 4538 totius
606 4474 753 4540 Ecclesicc
766 4475 929 4559 populique
947 4475 1120 4556 cbristrom',
1139 4480 1224 4561 cujus
1243 4479 1383 4541 minister
1396 4487 1425 4538 et

156 4570 330 4632 intercessor
345 4575 388 4630 est
400 4569 594 4642 constitutus,
603 4566 701 4648 justa
715 4565 728 4627 i
731 4563 798 4626 ilud
811 4563 970 4645 Apostoli:
984 4569 1078 4630 orris
1088 4585 1232 4630 ronrrrnx
1244 4588 1283 4630 en
1294 4566 1425 4630 bomini-
