3206 5042
209 184 279 242 tro
740 193 947 240 racusanus
1563 236 1573 309 ἰ

249 303 414 367 Hostiliter
437 305 624 384 insequentes
643 301 667 364 ii
691 309 780 378 sunt,
800 303 856 383 qui
873 304 1044 384 fugientem
1066 307 1187 390 sibique
1210 328 1377 385 caventem
1400 345 1511 408 perse-
1586 295 1587 336 Ῑ

210 401 354 477 quuutur
365 393 468 458 animo
484 391 611 466 infesto,
628 409 682 454 seu
696 399 732 454 ut
745 392 772 452 ei
788 394 905 454 malum
919 392 1064 457 inferant.

826 571 869 626 v1
1579 566 1582 613 l

246 690 438 763 Impedientes
464 687 571 744 directe
604 688 649 743 vel
678 687 817 743 indirecte
848 689 1016 745 exercitium
1043 692 1258 762 jurisdictionis
1287 706 1506 772 ecclesiastice

212 773 271 827 sive
293 769 398 826 interni
421 769 481 825 sive
503 768 613 824 externi
631 767 700 834 lori,
716 769 745 823 ct
763 767 800 823 ed
819 767 871 824 hoc
890 771 1069 828 recurrentes
1084 773 1120 829 ad
1135 776 1229 834 lorum
1251 787 1409 858 saeculare,
1427 794 1507 864 ejus.
1584 827 1585 830 ,

211 868 267 924 que
281 849 416 907 mandata
434 849 635 924 procurantes,
651 847 782 916 edentes,
800 848 850 905 aut
866 849 1020 920 auxilium,
1035 854 1190 913 consilium
1210 861 1257 917 vel
1277 865 1406 925 latorem
1422 889 1504 944 prae.

212 933 331 988 stantes.

846 1000 910 1072 (Eu
921 999 1124 1062 astacenus.
1141 1039 1178 1050 -
1193 1009 1227 1066 iti
1243 1015 1405 1092 Excomm.)
1582 993 1587 1088 ¹³,

336 1096 676 1161 praenotandum.

256 1239 379 1299 Statuta
391 1233 510 1296 csthaec
521 1251 649 1296 censura
660 1235 698 1296 ad
709 1233 856 1295 tuendam
866 1233 1040 1298 libertatem
1048 1239 1274 1318 jurisdictionis
1284 1251 1495 1319 ecclesiastice

214 1324 279 1387 sive
293 1323 408 1386 interni
421 1322 486 1384 sive
500 1321 617 1384 externi
633 1321 706 1398 fori;
724 1340 785 1402 qrra
799 1324 835 1384 de
847 1341 952 1398 musa,
967 1325 1003 1387 dc
1022 1332 1335 1399 excommunicatione
1346 1341 1494 1418 plectun-

215 1419 266 1473 tur
279 1417 347 1474 tum
358 1417 389 1472 l⁰
398 1410 598 1490 impedientes
611 1411 722 1472 directe
734 1411 781 1472 vel
791 1409 939 1474 indirecte
950 1432 1003 1493 per
1016 1415 1130 1495 seipsos
1142 1421 1206 1499 ejus
1219 1424 1404 1500 exercitium,
1417 1431 1493 1492 sire
1586 1483 1587 1486 ,

212 1500 347 1580 privata,
364 1499 428 1560 sive
442 1499 562 1579 publica
576 1499 608 1560 id
622 1505 714 1578 agant
728 1499 923 1576 auctoritate;
940 1505 1008 1564 tum
1024 1509 1056 1566 2⁰
1071 1513 1264 1583 recurrentes,
1282 1517 1317 1572 ut
1328 1511 1488 1592 impcdia-
1586 1515 1587 1600 ᾗ

213 1593 276 1663 tur,
293 1588 331 1648 ad
349 1585 450 1649 iorum
470 1589 625 1662 saeculare;
643 1593 711 1649 tum
731 1592 762 1651 3⁰
776 1589 921 1651 mandata
939 1589 994 1652 fori
1015 1593 1165 1656 saecularis
1179 1594 1211 1656 in
1224 1599 1362 1662 eumdem
1379 1601 1489 1667 finem
1586 1607 1587 1664 l

214 1679 420 1756 procurantes,
438 1677 570 1750 edentes
588 1680 642 1738 aut
657 1677 695 1738 ad
708 1677 839 1740 alterum
856 1696 894 1739 ex
905 1678 954 1741 his
970 1681 1071 1744 tribus
1085 1682 1241 1760 auxilium,
1254 1688 1423 1752 consilium
1435 1694 1490 1756 ivel

214 1763 349 1826 favorem
368 1771 558 1843 prestantes.
579 1798 618 1808 -
637 1769 753 1827 Nomen
773 1773 877 1828 eutem
892 1767 1134 1848 J‘urisdictionis,
1157 1791 1226 1835 cum
1245 1773 1489 1844 indeterminate.
1586 1795 1587 1872 q

215 1851 396 1934 proferatur,
418 1852 587 1933 quamlibet
607 1851 758 1932 significat
770 1853 1034 1934 jurisdictionem,
1052 1859 1117 1922 sive
1135 1879 1311 1942 supremam
1328 1864 1393 1929 sive
1412 1868 1488 1931 iuie-
1586 1877 1587 1916 t

216 1940 343 2016 riorem,
364 1941 429 2004 sive
446 1941 634 2003 ordinariam
651 1941 716 2004 sire
735 1943 919 2021 delegatam,
938 1945 1002 2008 sive
1022 1948 1244 2013 contentiosam
1263 1952 1328 2016 siae
1347 1957 1489 2018 uolunta-

215 2028 295 2091 riam
307 2036 377 2106 etc.;
395 2030 474 2092 sicut
485 2036 515 2092 et
531 2048 642 2092 nornen
654 2029 711 2092 fori
724 2031 891 2107 saecularis
908 2050 971 2095 non
987 2037 1026 2098 ad
1040 2035 1102 2098 sola
1121 2038 1291 2104 tribunalia
1305 2043 1420 2118 civilia,
1437 2047 1487 2108 sed
1586 2041 1587 2094 1

216 2118 255 2179 ad
275 2122 451 2197 potestatem
473 2137 698 2200 quamcumque
721 2119 872 2195 laicalem,
897 2122 1100 2202 legislativum
1119 2128 1167 2190 vel
1190 2130 1485 2210 administrativam,
1586 2139 1587 2210 J

216 2206 340 2268 extermi
352 2206 586 2287 intelligendum
599 2215 655 2271 est.

339 2362 536 2435 Quaesitae.

257 2497 327 2556 986.
341 2527 382 2538 -—
393 2497 495 2567 Quen.
513 2500 544 2555 1⁰
560 2495 641 2569 Ouid
655 2496 830 2578 siqnifieent
845 2501 936 2562 verbo
948 2502 1092 2582 impedire
1105 2503 1215 2568 directe
1227 2509 1274 2568 vel
1286 2507 1461 2574 indirecte?
1586 2565 1587 2590 ,

259 2581 349 2660 Resp.
363 2599 376 2639 .·
388 2581 439 2642 llle
456 2582 602 2664 impedire
620 2583 744 2660 dicitur,
761 2588 861 2667 quivi
881 2591 926 2652 vel
945 2598 1025 2653 metu
1042 2592 1125 2669 graii
1143 2593 1274 2654 alterum
1293 2601 1491 2678 ceteroquin
1586 2591 1587 2608 ¹

217 2667 354 2732 invitum
369 2677 451 2732 arcet
468 2670 506 2732 ab
523 2673 649 2752 agendo.
666 2675 702 2736 ln
720 2692 792 2737 casu
810 2683 931 2754 autem,
949 2680 974 2742 si
991 2679 1056 2760 quis
1069 2679 1133 2741 vim
1150 2681 1197 2741 vel
1215 2688 1336 2744 metum
1353 2683 1492 2763 ipsimet

213 2758 312 2840 judici
328 2759 526 2823 ecclesiastico
545 2760 723 2825 immediate
743 2764 889 2842 incutiat,
911 2768 1022 2830 directe
1038 2767 1125 2830 illum
1142 2767 1288 2849 impedit;
1307 2769 1336 2832 si
1351 2771 1490 2838 incutiat

217 2851 282 2928 ejus
302 2849 478 2928 agentibus,
499 2849 718 2926 familiaribus
738 2855 972 2934 consanguineis
992 2858 1038 2921 vel
1057 2856 1177 2931 amicis,
1193 2877 1223 2920 v.
1245 2875 1305 2938 gr.,
1322 2878 1372 2922 eos
1392 2880 1487 2924 caree

217 2937 326 3012 raudo,
343 2939 545 3014 molestando,
559 2946 630 3014 etc,
649 2946 679 3002 et
694 2941 737 3004 sic
752 2942 855 3023 ipsum
872 2945 1008 3008 retrahat
1026 2945 1064 3008 ab
1081 2947 1246 3009 exercenda
1255 2947 1485 3028 jurisdictione,

216 3024 346 3104 impedit
359 3026 462 3105 ipsum
478 3028 635 3090 indirecte.
651 3067 692 3076 —
714 3031 785 3092 Vide
799 3031 924 3094 Battum
941 3033 1049 3098 Crenas.

256 3117 358 3188 Quen.
375 3117 408 3176 2⁰
423 3114 472 3174 An
485 3118 640 3198 porticula
654 3122 684 3182 et
695 3121 839 3182 sumenda
851 3123 890 3182 sit
905 3123 1079 3204 copulative
1094 3125 1143 3186 uel
1155 3124 1361 3206 disjunctive?

258 3202 346 3284 Hesp.
356 3222 369 3263 .·
383 3206 538 3268 Sumenda
549 3214 596 3270 est
610 3207 807 3288 disjunctive,
823 3216 859 3271 ut
871 3211 1005 3286 videtur,
1022 3219 1053 3275 et
1066 3220 1103 3275 ut
1115 3214 1255 3276 sentiunt
1266 3233 1371 3276 omnes
1386 3215 1489 3296 quide

219 3291 445 3356 Constitutione
464 3295 664 3375 scripserunt;
682 3297 714 3359 id
733 3302 793 3373 est,
810 3297 936 3372 sufficit,
953 3301 992 3362 ad
1010 3301 1229 3365 incurrendam
1245 3303 1489 3366 excommunica-

218 3379 348 3454 tionem,
367 3387 404 3442 ut
423 3383 492 3462 quis
511 3382 659 3464 impediat
677 3386 858 3449 exercitium
873 3387 1113 3469 jurisdictionis,
1134 3390 1329 3453 etiamsinon
1347 3399 1491 3454 recurrat

217 3469 255 3530 ad
269 3467 370 3532 forum
386 3471 543 3546 seculare,
560 3474 607 3535 vel
621 3479 658 3535 ut
674 3483 810 3538 recurrat
828 3477 867 3538 ad
883 3475 984 3538 forum
1002 3479 1159 3553 seculare,
1178 3479 1316 3560 quamvis
1333 3497 1387 3558 per
1406 3497 1440 3541 se
1460 3485 1491 3542 et

216 3555 393 3620 immediate
408 3577 469 3622 non
484 3559 632 3641 impediat
642 3563 904 3641 iurisdictionem
923 3573 1105 3630 nouantem
1120 3567 1290 3647 requiritur
1303 3573 1340 3629 ut
1353 3567 1419 3629 haec
1431 3568 1488 3629 duc

216 3649 451 3726 conjungantur,
468 3653 498 3709 et
512 3648 768 3730 impedimentum
788 3672 850 3716 uon
867 3660 1038 3734 apponatur
1057 3654 1119 3716 nisi
1137 3655 1319 3717 recurrendo
1336 3655 1376 3717 ad
1397 3673 1489 3718 secu·

215 3735 292 3798 lares
306 3733 515 3814 magistratus.
530 3738 618 3802 Ratio
633 3747 693 3814 cst,
708 3741 781 3820 quia
795 3741 830 3804 in
844 3747 930 3804 textu
945 3743 1046 3804 Bulla
1064 3742 1162 3805 Coenar
1174 3743 1239 3806 haec
1254 3745 1332 3806 clare
1346 3750 1378 3806 ct
1391 3751 1488 3824 aperte

217 3829 410 3904 separantem
432 3842 466 3886 ac
489 3833 634 3906 praeterea
656 3829 741 3890 illam
762 3829 1045 3910 interpretationem
1066 3832 1184 3912 exigere
1206 3832 1329 3895 videtur
1355 3850 1488 3895 censure

218 3929 338 3992 scopus,
349 3913 402 3995 qui
413 3911 475 3976 fuit
485 3921 521 3977 ut
530 3917 839 3982 excommunicationi
852 3921 1076 4002 subjicerentur
1086 3939 1193 3984 omnes
1204 3921 1391 4002 principales
1404 3921 1490 3984 actio

218 4017 286 4072 nes,
303 4002 417 4080 quihus
431 4003 574 4084 impediri
589 4012 686 4086 potest
702 4007 881 4070 exercitium
892 4009 1118 4090 jurisdictionis
1132 4009 1354 4073 ecclesiasticae.

256 4087 356 4160 Quian.
374 4095 405 4152 3ο
420 4093 470 4153 Au
485 4097 626 4156 incurrat
644 4099 986 4160 accommunicctionem
1005 4100 1061 4180 qui
1074 4099 1205 4160 recurrit
1221 4098 1264 4160 nd
1274 4097 1419 4180 judicem
1438 4099 1491 4160 lci-

216 4193 300 4250 cum,
316 4175 368 4236 sed
379 4179 462 4239 ntttt
474 4183 512 4243 ab
527 4185 590 4264 ipso
607 4185 742 4247 obtinet?

254 4265 346 4347 Resp.
369 4265 494 4348 Affirm.
514 4273 660 4347 Quamvis
681 4275 764 4336 enim
784 4275 894 4338 dehac
912 4275 1083 4357 quaestione
1106 4273 1237 4356 theologi
1260 4275 1336 4339 olim
1357 4275 1444 4339 inter
1463 4293 1492 4338 se

213 4353 466 4434 disceptaverint,
485 4378 519 4422 eo
538 4363 618 4441 quod
635 4364 724 4443 paulo
738 4364 912 4428 obscuriora
931 4371 1120 4446 essentque
1139 4364 1174 4427 in
1189 4363 1401 4428 sittacene
1418 4367 1491 4446 lege

214 4438 338 4516 bantur,
352 4463 435 4507 nune
448 4447 540 4509 verba
551 4467 686 4514 censure
698 4471 705 4513 :
718 4462 747 4514 et
761 4452 803 4514 od
816 4453 869 4514 lios
884 4463 1077 4516 recurrentes
1090 4455 1131 4516 ud
1140 4453 1243 4535 sorum
1258 4455 1423 4534 seculare,
1437 4455 1491 4526 ita,
