3224 5044
539 267 581 310 un
601 263 767 310 nxrnnna
790 266 968 311 unornane
1323 258 1391 320 m

155 379 252 460 Resp.
266 377 343 456 Nep.
361 381 424 439 lmo
446 376 642 438 communiter
655 376 763 438 docent
778 373 922 454 theologi,
940 376 1073 455 graviter
1094 395 1214 458 peceare
1228 381 1392 458 Pambos,

112 467 172 546 qui
185 467 265 530 illud
280 465 431 530 differunt
445 465 617 544 usquedum
628 463 771 526 inbnnus
782 463 970 528 destituatur
982 483 1041 528 usu
1053 483 1200 533 sensuum
1209 474 1241 532 ct
1251 469 1390 546 rationis

110 556 191 636 quie
205 555 342 620 siccaret
357 554 502 618 infirmus
515 552 647 618 uberiori
661 553 764 616 bonu
778 570 870 632 quem
885 553 1073 634 percepisset,
1091 553 1116 618 si
1130 572 1251 635 compos
1266 558 1394 622 rationis

113 647 352 708 Sacramentum
373 643 547 724 recepisset;
569 642 694 720 insuper
715 641 789 721 quia
811 641 953 720 privatur
976 641 1191 721 spiritualibus
1215 644 1334 710 viribus
1354 649 1394 714 ad

113 733 327 794 resistenclmn
348 732 495 805 demoni,
512 737 543 793 et
564 732 602 792 ad
622 729 797 810 perferenda
820 730 918 792 morbi
937 730 1146 806 incommoda;
1161 737 1195 796 et
1214 732 1307 798 stiam
1322 735 1396 814 quia

114 821 278 894 infirmus,
296 820 323 882 si
338 827 418 884 esset
431 819 466 884 in
480 819 618 893 mortali,
637 825 670 882 et
690 822 922 882 Sacramentum
944 819 1124 899 suscepisset
1147 820 1246 884 edbuc
1266 821 1394 888 rationis

112 928 252 990 conspos,
267 909 383 974 auxilio
397 908 565 974 attritionis
576 907 710 987 gratiam
728 906 837 970 luisset
851 908 990 987 adeptus,
1006 927 1069 988 qua
1086 907 1225 988 alioquin
1238 909 1394 990 privatum

112 1000 248 1062 demum
267 999 340 1079 quia
352 999 470 1064 uirtute
482 999 577 1077 hujus
591 997 779 1060 Sacramenti
791 995 934 1075 consequi
951 997 1099 1076 potuisset
1113 997 1278 1064 sanitatem
1292 1017 1394 1080 corpo-

113 1087 174 1164 ris,
193 1087 220 1152 si
236 1093 370 1168 tempore
382 1105 514 1168 congruo
527 1085 586 1166 ipsi
600 1085 745 1148 collatum
759 1083 878 1146 ferisset.
894 1084 973 1148 Hinc
987 1084 1195 1150 Gatecbismus
1213 1091 1372 1152 Romanus
1387 1108 1395 1151 :

114 1175 303 1240 Gram'sst'me
314 1187 453 1258 peccant,
471 1176 523 1258 qai
537 1175 617 1236 ittoat
630 1184 744 1253 tempus
755 1175 866 1256 reproti
878 1174 1013 1252 carpendi
1027 1173 1184 1236 obseruare
1195 1175 1302 1250 soient,
1316 1196 1393 1254 cnm,

106 1265 180 1346 jam
202 1267 287 1328 omni
310 1266 424 1334 solatis,
441 1285 493 1347 spe
513 1267 641 1342 amissa,
662 1265 727 1324 cita
749 1275 777 1325 et
799 1261 934 1324 sensibns
953 1281 1056 1326 carere
1083 1266 1206 1344 incipit.
1229 1264 1275 1328 De
1297 1266 1401 1336 Este,

117 1354 225 1431 Urias,
243 1376 274 1415 n.
292 1361 341 1419 lt.

156 1445 319 1506 Panaciam
333 1445 366 1506 in
379 1444 491 1526 primis
506 1445 670 1506 meminisse
683 1440 768 1506 debet
781 1461 841 1502 non
855 1453 1021 1522 postremas
1036 1461 1096 1506 esse
1109 1443 1241 1506 eneceris
1255 1444 1305 1506 sai
1319 1464 1399 1526 par-

114 1545 160 1594 tes
171 1535 393 1615 &rotantium
407 1553 508 1596 ennam
521 1533 639 1594 babere.
655 1534 699 1594 lta
713 1531 834 1594 ltitaale
848 1532 947 1603 Ram,
964 1533 1013 1594 tit.
1027 1532 1064 1594 de
1081 1532 1202 1596 Visitat.
1218 1542 1247 1596 et
1262 1552 1336 1596 cara
1351 1536 1400 1595 in·

114 1623 291 1702 firmorum.
312 1622 456 1698 Quocirca
475 1629 554 1686 recte
579 1621 654 1686 dicit
684 1619 849 1682 Caesianus
861 1639 874 1681 .·
891 1621 999 1682 Teneai
1022 1640 1061 1682 es
1073 1622 1202 1701 justitia
1224 1621 1401 1684 Paroalaam

116 1713 254 1790 infirnus
265 1712 419 1791 parachiae
431 1713 582 1786 assistere,
598 1711 786 1790 potissimam
801 1713 834 1768 r'n
857 1710 1109 1770 commendatione
1124 1713 1243 1782 anianae,
1259 1720 1344 1772 certa
1360 1719 1404 1770 est

114 1801 270 1864 sententie
294 1799 429 1860 ananim-i
453 1799 662 1876 theologorum
688 1817 829 1857 consensa
859 1796 1061 1878 conspectam.
1091 1799 1267 1861 Consentini
1293 1803 1401 1860 numm

118 1889 228 1967 plures
250 1887 470 1948 Declarationes
494 1887 528 1948 S.
550 1885 663 1966 Conpr.
683 1884 774 1946 Cone.
792 1885 894 1946 relate
913 1885 996 1964 apud
1013 1883 1164 1946 Analecta
1183 1885 1272 1946 deris
1286 1885 1402 1966 ponta's.

119 1975 224 2053 <subo
238 1975 340 2056 laer.)

628 2128 804 2208 CAPUT
836 2127 892 2204 IV

433 2301 479 2350 DE
504 2299 675 2353 SUBJECl'O
703 2299 881 2364 EXTREMAE
910 2301 1096 2353 UNCTIONIS
1149 2370 1153 2381 Ι

161 2471 236 2531 689.
254 2504 288 2512 -
305 2466 481 2546 Snbjeotum
501 2467 596 2548 hujus
614 2465 802 2528 Sacramenti
822 2473 896 2528 sunt
916 2483 1036 2538 omues,
1053 2469 1083 2527 et
1107 2465 1163 2530 soli
1188 2473 1357 2546 peccatores
1378 2475 1411 2532 et

120 2557 243 2620 infirmi
262 2556 324 2617 ‘vita
338 2555 555 2635 periclitantes.
572 2559 698 2618 Constat
714 2561 743 2617 l⁰
758 2574 795 2616 en
810 2553 910 2616 verbis
931 2555 968 2615 l).
987 2554 1093 2614 taraci
1105 2574 1117 2614 .·
1132 2555 1316 2633 Infirmatar
1334 2557 1402 2637 quis

120 2650 153 2705 in
174 2645 276 2707 vobis?
295 2645 419 2704 inducat
443 2643 638 2725 Presbyteros
661 2644 823 2721 Ecclesiae,
850 2649 906 2704 etc.
922 2662 929 2702 τ
946 2642 1076 2706 verbum
1099 2649 1205 2706 atatem
1227 2644 1404 2722 infirmatur

119 2753 217 2814 graece
233 2733 384 2811 significat
398 2732 541 2794 morbum
555 2731 775 2808 periculosum·
788 2736 821 2794 2⁰
833 2751 871 2794 ex
884 2731 1061 2794 definitione
1080 2731 1229 2794 Ecclesiae.
1247 2731 1294 2794 Sic
1314 2731 1398 2796 anim

119 2823 155 2883 in
171 2822 296 2882 Decreta
310 2823 448 2881 nniants:
462 2817 528 2878 Hoc
542 2819 773 2880 Sacramentum
789 2823 849 2878 nisi
865 2819 986 2901 irrfirano
1001 2819 1037 2880 de
1051 2822 1138 2902 cajus
1152 2828 1246 2880 morte
1262 2823 1394 2888 timetur,

120 2910 193 2970 dari
211 2927 271 2966 non
289 2907 384 2968 debet.
398 2911 550 2970 Consonat
569 2907 665 2984 Trici,
683 2927 751 2968 sess.
769 2909 847 2980 XIV,
865 2927 890 2968 c.
907 2925 954 2968 111.

162 2996 244 3064 Hinc
257 2995 351 3076 hnjus
366 2993 552 3057 Sacranrenti
568 3013 688 3074 capaces
706 3013 767 3056 non
787 3002 862 3056 sunt
877 2995 964 3074 pueri
984 3003 1055 3058 ante
1069 3014 1164 3062 usum
1182 2993 1327 3068 rationis,
1345 3013 1401 3062 aec

121 3093 270 3170 perpetuo
284 3091 436 3160 amentes,
453 3081 526 3162 quin
537 3083 623 3146 nube
634 3089 753 3164 peccata
767 3083 897 3146 actualia
912 3084 1142 3150 commiserunt.

248 3239 443 3316 eroestta.

162 3389 235 3448 690.
253 3419 292 3428 -
306 3387 407 3459 Quen.
423 3389 455 3445 l⁰
471 3383 519 3442 An
539 3381 689 3444 Eatroma
707 3381 815 3442 t'nctto
833 3381 969 3460 conferri
991 3380 1094 3444 debeat
1114 3381 1245 3462 infirmis
1262 3379 1404 3446 retinn-

125 3474 229 3536 tibus?
272 3493 276 3502 ’

163 3561 254 3643 Resp.
270 3565 294 3624 A
301 3563 412 3642 ffirm„
429 3562 455 3624 si
470 3569 561 3624 antea
579 3561 812 3624 Sacramentum
829 3557 1014 3641 petiverint,
1030 3564 1085 3620 aut
1107 3558 1233 3639 petituri
1255 3559 1403 3632 fuissent,

121 3652 150 3714 si
162 3653 201 3716 de
215 3652 272 3714 boc
287 3652 481 3730 cogitassent,
496 3658 551 3714 aut
564 3650 689 3730 signum
701 3647 813 3710 doloris
827 3649 863 3709 da
880 3647 1007 3728 peccatis
1019 3647 1218 3712 ostenderint.
1230 3650 1294 3712 Imo
1309 3653 1338 3710 et
1353 3647 1402 3712 in-

124 3740 225 3806 firmis
240 3741 397 3804 destitutis
412 3739 569 3816 sensibus,
588 3747 624 3802 at
642 3744 761 3804 constat
774 3756 813 3798 ex
828 3737 894 3799 llit.
913 3737 998 3798 llam.
1008 3771 1048 3784 -
1061 3736 1168 3802 Itecole
1189 3737 1272 3800 dicta
1288 3736 1324 3800 de
1339 3735 1403 3800 Sa-

123 3849 217 3890 crum.
232 3831 263 3890 in
278 3849 401 3910 periere,
415 3851 446 3891 a.
458 3833 528 3894 2510.

166 3923 270 3995 Quen.
289 3923 321 3980 2⁰
338 3919 386 3980 An
406 3919 461 3980 boa
480 3920 709 3981 Sacramentum
726 3917 805 3980 licite
826 3917 960 3996 conferri
975 3917 1069 3998 possit
1090 3925 1199 3996 spreto
1216 3915 1250 3978 in
1263 3916 1402 3997 periculo

124 4011 232 4070 mortis
251 4008 354 4081 dictio,
371 4027 421 4070 sea
432 4006 608 4088 probabili?

165 4097 255 4170 Ilesp.
270 4098 294 4155 A
300 4097 397 4172 sltem.
417 4113 488 4158 cum
507 4096 662 4158 sententie
681 4094 884 4158 communiet
901 4113 987 4166 vera,
1004 4093 1094 4174 quia,
1107 4093 1147 4156 acl
1160 4093 1403 4156 ministrandum

125 4185 183 4250 hoc
201 4185 433 4246 Sacramentum
455 4183 553 4245 calide
574 4193 602 4244 et
624 4185 723 4258 licite,
747 4183 858 4246 suflicit
880 4189 914 4244 ut
934 4183 1077 4244 infirmus
1097 4181 1210 4244 laboret
1231 4182 1337 4246 morbo
1357 4180 1402 4242 ita

127 4271 229 4352 graui,
249 4278 284 4332 at
298 4272 464 4351 prudenter
477 4271 672 4334 existimetur
687 4273 802 4336 versari
817 4272 849 4334 in
865 4271 998 4351 periculo
1012 4270 1131 4334 mortis.
1147 4271 1403 4336 mnfirmamrox

127 4361 189 4424 ,lita
209 4359 359 4436 Roarano,
379 4359 433 4424 abi
452 4359 496 4422 sic
510 4359 679 4422 statuitur:
699 4361 792 4422 Debet
810 4365 864 4422 troc
880 4360 1109 4421 Sacramentum
1122 4361 1255 4441 praeterr·
1270 4359 1401 4441 infirmis

128 4449 182 4530 qai
208 4459 269 4508 tarn
296 4453 433 4530 praviter
455 4447 611 4518 laborant,
633 4457 666 4510 ni
687 4448 857 4529 pericnlum
881 4451 984 4510 mortis
1010 4451 1164 4512 amnainere
1189 4449 1338 4516 amenter.
1360 4481 1400 4498 ···

127 4535 162 4600 S.
178 4538 260 4620 Lep,
276 4559 309 4602 n.
324 4543 399 4614 tlt,
412 4545 469 4606 ala.
