3180 5040
590 301 699 348 tubex
720 299 991 352 errassemus

777 510 802 571 J

151 659 321 735 Jejunium.
342 659 463 726 Natura,
479 661 505 726 Ι,
527 659 593 727 358,
610 660 762 730 obligatio,
781 660 846 728 359,
864 661 933 717 hora
952 661 1134 729 reiectionis,
1150 660 1217 730 361,
1234 677 1328 719 causae
1347 679 1431 719 excu-

188 741 298 807 santes,
315 737 381 807 365,
399 737 491 809 quoad
505 738 755 807 communionem,
770 742 810 808 ΙΙ,
827 739 894 808 103,
909 743 1057 814 Responsa
1071 744 1100 799 S.
1116 742 1340 800 Poenitentiariae
1354 743 1430 799 circe

183 820 340 892 jejunium,
357 819 383 887 Ι,
400 816 463 874 368.

148 900 270 957 lubens.
290 898 360 953 Vide
375 896 535 953 Mandane.

148 979 322 1036 Jubttaeum.
340 981 462 1045 Natura,
476 980 516 1046 ΙΙ,
533 976 600 1046 500,
619 978 814 1046 conditiones,
830 977 894 1036 503.

148 1059 261 1116 Judaei.
288 1057 513 1116 communicatio
540 1073 604 1113 cum
627 1058 716 1131 ipsis,
735 1060 761 1126 Ι,
785 1057 852 1127 011,
876 1073 913 1114 an
935 1073 1034 1118 eorum
1054 1059 1109 1116 filii
1133 1059 1246 1132 possint
1269 1055 1431 1134 baptizarit

184 1142 220 1210 ΙΙ,
235 1138 296 1194 105.

148 1219 261 1275 Judear.
278 1217 492 1289 obligationes,
507 1221 547 1286 ΙΙ,
564 1219 596 1286 1,
610 1217 698 1289 judex
714 1218 743 1274 in
759 1219 819 1276 loro
834 1219 959 1287 intorno,
973 1219 1036 1276 077.

147 1297 308 1355 dedictum
323 1297 352 1354 in
366 1299 544 1369 juramento,
561 1299 587 1366 l,
598 1296 667 1365 069,
682 1299 884 1368 temerarium,
901 1299 967 1368 307,
984 1301 1112 1368 forense,
1129 1301 1169 1366 ΙΙ,
1183 1299 1197 1356 l
1213 1305 1240 1356 et
1253 1315 1312 1372 seq.

144 1377 373 1436 loramentum.
387 1381 509 1448 blatum,
531 1380 558 1446 Ι,
574 1377 641 1446 068,
665 1377 815 1448 honestas,
837 1379 906 1448 070,
921 1379 1117 1448 conditiones,
1134 1379 1201 1449 071,
1217 1381 1249 1437 in
1267 1379 1428 1450 contractu,

145 1538 252 1594 lura-tt
266 1537 395 1612 {durrat
413 1541 448 1610 ΙΙ,
466 1539 499 1608 Ι,
516 1553 615 1594 eorum
630 1555 764 1607 munera,
780 1539 857 1596 ibid.

145 1618 325 1674 Juriadiclio
347 1620 383 1675 ad
405 1619 626 1687 absolvendum,
647 1622 687 1688 ΙΙ,
710 1619 777 1688 010,
799 1622 829 1675 in
851 1619 973 1676 articulo
990 1620 1107 1688 mortis,
1128 1619 1196 1689 015,
1219 1619 1295 1676 circa
1313 1621 1428 1694 peccata

182 1701 343 1766 reservata,
354 1697 422 1769 050,
437 1699 530 1770 quoad
542 1699 775 1764 matrimonium,
789 1699 854 1755 370.

144 1776 328 1834 Juriadtctio
338 1777 538 1848 Regulan'um,
550 1781 586 1846 ΙΙ,
599 1779 666 1848 018,
676 1779 851 1836 confessarii
867 1783 999 1853 respectu
1019 1777 1205 1846 monialium,
1220 1777 1283 1836 053.

145 1857 203 1914 Jus
216 1857 362 1926 naturale,
379 1861 406 1926 1,
424 1857 490 1926 165,
511 1857 656 1926 diuinum,
674 1857 742 1928 166,
763 1859 947 1928 canonicum,
966 1859 1033 1928 167;
1050 1858 1150 1928 ciuile,
1169 1857 1235 1928 170,
1252 1861 1425 1927 Romanum,

181 1935 270 2006 ibia.‚·
285 1937 444 2008 Gallicum,
459 1937 533 1995 ibid.
549 1942 650 1996 -tus
665 1939 865 2012 proprietatis,
881 1939 944 1997 371.

144 2017 282 2076 auena.
302 2017 396 2086 Quid?
406 2017 579 2092 quotuplex?
592 2021 619 2090 l,
633 2017 700 2088 370,
711 2021 777 2092 ejus
793 2021 945 2094 reparatio.
963 2020 1035 2079 Vide
1049 2018 1220 2079 Restitutio.

771 2239 804 2306 L

141 2411 238 2468 Labor
250 2412 295 2468 die
307 2412 393 2481 testo,
406 2415 435 2482 l,
449 2413 519 2484 093,
536 2429 631 2471 causae
643 2415 830 2482 excusantes,
846 2413 909 2471 096.

140 2491 318 2548 Locta‘ca'nio.
335 2492 453 2559 Quando
466 2491 631 2565 prohibita?
645 2495 674 2560 Ι,
688 2493 741 2548 360
754 2499 781 2549 et
795 2511 854 2565 seq.

139 2571 283 2628 Laetorio.
296 2573 419 2645 Tempus
428 2571 611 2642 lactationis,
626 2573 738 2630 ratione
751 2573 833 2630 ectus
845 2573 1020 2645 conjugalis,
1035 2571 1152 2640 ΙΙ,398.

139 2649 236 2707 lectio
251 2651 389 2709 librorum
401 2653 625 2724 prohibitorum,
636 2655 661 2717 Ι,
679 2652 746 2719 000,
759 2655 800 2719 ΙΙ,
817 2653 886 2720 185,
899 2651 962 2708 liii.

138 2731 322 2786 Lectorotus.
341 2730 411 2784 Vide
425 2731 513 2784 Orcto.
813 2738 816 2745 '

138 2807 317 2880 Legatorius
337 2823 388 2861 seu
402 2805 495 2861 hreres
507 2851 513 2872 ,
525 2807 589 2877 ejus
598 2807 680 2876 jura,
696 2809 722 2876 Ι,
736 2806 789 2861 500
804 2809 831 2860 et
842 2821 904 2877 sap.

138 2887 294 2960 Legatum.
311 2885 458 2954 Quomodo
472 2885 710 2958 adimplendum?
722 2889 751 2954 1,
769 2885 832 2942 506.

86 2969 96 2990 ’
136 2966 313 3040 Legistutor.
330 2968 392 3033 Qua
404 2966 510 3035 gaudet
523 2963 681 3039 potestate?
695 2969 723 3033 l,
743 2967 806 3020 115.

137 3047 287 3120 Legitima
301 3047 397 3103 debita
412 3047 481 3102 filiis
492 3088 500 3115 ,
512 3049 538 3115 1,
550 3045 619 3116 500,
638 3046 823 3120 parentibus,
836 3045 910 3102 ibid.

136 3127 267 3184 Leniter.
284 3126 486 3198 irregularitas
500 3143 533 3182 eu
544 3125 656 3184 deiectu
671 3126 819 3193 lenitatis,
835 3129 875 3194 ΙΙ,
890 3123 955 3182 089.

135 3208 207 3266 aar.
226 3207 322 3276 Quill
337 3205 513 3280 quotuplex?
526 3210 554 3276 Ι,
575 3207 642 3274 103,
661 3210 777 3274 auctor,
799 3207 868 3273 ΙΙΙ,
887 3205 1045 3277 objectum,
1067 3203 1135 3273 tt7;
1153 3205 1332 3275 subiectum,
1352 3203 1420 3274 178,

172 3287 327 3358 obligatio,
341 3287 408 3356 153;
430 3287 646 3360 interpretatio,
663 3287 732 3355 150,
749 3286 941 3358 dispensatio,
959 3285 1022 3340 161.
1040 3315 1076 3326 -
1099 3287 1155 3340 Lex
1171 3283 1330 3354 naturalis,
1350 3283 1419 3353 165,

171 3368 284 3436 divina,
300 3367 369 3436 166,
386 3367 596 3435 ecclesiastica,
611 3365 677 3434 167,
689 3366 800 3432 civilis,
818 3365 885 3430 170,
898 3365 1034 3438 plenalia,
1049 3363 1116 3430 173,
1130 3363 1261 3433 irritans,
1278 3364 1340 3420 lit.

139 3447 236 3508 uber.
254 3451 293 3504 De
306 3447 403 3521 pravis
412 3447 511 3516 libris,
527 3449 557 3516 Ι,
573 3446 642 3516 009,
659 3446 695 3504 de
709 3446 1017 3514 librisbaereticorum,
1031 3447 1073 3512 ΙΙ,
1090 3443 1158 3513 035,
1175 3445 1243 3516 quid
1259 3445 1293 3500 de
1307 3443 1422 3502 indice?

170 3529 224 3584 767
240 3533 339 3598 etseq.

136 3607 279 3664 Libertas.
296 3607 430 3664 Liberum
444 3609 605 3676 arbitrium,
622 3610 644 3675 Ι,
661 3607 727 3675 100,
743 3605 942 3677 irregularitas
959 3619 993 3664 en
1009 3605 1121 3664 delectu
1136 3604 1290 3676 libertatis,
1305 3606 1342 3674 ΙΙ,
1355 3603 1418 3661 189.

136 3687 292 3761 Liparaea.
309 3691 350 3744 De
365 3687 571 3762 impedimento
585 3687 751 3758 ligaminis,
769 3689 810 3756 ΙΙ,
826 3686 889 3743 368.

135 3767 263 3824 Litterae.
278 3768 395 3826 Alienae
411 3769 536 3843 aperire,
552 3771 580 3838 Ι,
596 3767 662 3836 350,
680 3767 866 3835 dimissorias,
884 3769 926 3836 ΙΙ,
942 3766 1006 3824 315.

135 3847 295 3922 Litargio.
305 3847 407 3916 Qualis
424 3849 570 3922 sequenda
580 3848 610 3904 in
625 3845 790 3904 breviario?
802 3849 844 3916 ΙΙ,
858 3846 902 3904 05.

134 3927 263 3986 locatio
279 3931 318 3986 De
329 3931 475 3987 conuentu
490 3929 657 3998 locationis,
672 3933 701 3996 Ι,
717 3929 780 3984 till.

132 4009 227 4070 Locus
236 4009 274 4064 ad
288 4010 406 4068 Missam
421 4011 614 4078 audiendam,
632 4013 661 4077 Ι,
674 4007 745 4076 000,
760 4007 796 4064 ad
811 4006 1040 4078 restitutionem,
1053 4007 1122 4075 ΙΙΙ,
1138 4007 1174 4064 ad
1187 4009 1293 4075 liores,
1306 4007 1346 4074 ΙΙ,
1363 4003 1414 4072 09,

169 4089 205 4144 ad
220 4090 397 4161 Baptismum
409 4135 416 4158 ,
428 4089 499 4160 107,
514 4091 551 4146 ad
566 4089 798 4158 matrimonium,
810 4087 873 4143 375.

132 4167 388 4237 Loteria,1,548.
1029 4214 1043 4246 ⁸

133 4247 276 4302 Lucrum.
294 4248 359 4303 lilii
375 4248 406 4302 in
421 4247 504 4306 domo
521 4249 629 4321 patris,
649 4251 676 4320 Ι,
692 4247 759 4318 381,
776 4248 807 4302 in
821 4247 903 4319 ludo,
917 4248 984 4320 5l93
998 4249 1029 4306 in
1043 4249 1160 4319 mutuo,
1176 4247 1229 4306 517
1244 4252 1271 4305 et
1287 4263 1347 4319 seq.
1356 4261 1366 4315 ,·
1378 4261 1417 4304 an

167 4329 287 4384 excuset
298 4343 315 4386 a
326 4327 415 4384 ltisse
424 4328 472 4384 die
486 4325 579 4386 testo?
591 4329 654 4385 000.

134 4407 268 4464 Lucrum
282 4423 401 4464 cessans
413 4407 444 4466 in
455 4411 571 4479 mutuo,
584 4413 612 4482 Ι,
628 4407 692 4466 519.

131 4487 244 4546 Ludus.
257 4488 455 4558 conditiones,
466 4493 493 4559 l,
509 4489 571 4546 509.
588 4519 624 4532 -
639 4488 710 4545 Ludi
724 4489 841 4546 clericis
856 4489 1010 4563 prohibiti,
1023 4493 1048 4548 ΙΙ
1059 4534 1066 4559 ,
1078 4489 1123 4548 39.

131 4569 247 4628 lumen
258 4570 288 4628 in
300 4569 440 4640 ecclesia,
456 4573 498 4640 ΙΙ,
512 4569 579 4641 131,
597 4569 633 4628 ad
644 4570 764 4632 llissam
774 4611 783 4643 ,
795 4570 859 4628 176.
