3224 5044
203 245 267 309 at8
736 259 944 304 reserares

204 375 413 456 prescribitur
429 373 535 446 aliem,
556 381 592 434 ut
615 373 653 434 ad
672 372 841 451 superiores
861 372 984 434 ordines
1005 373 1163 446 ascendat,
1180 372 1242 434 nisi
1256 373 1326 453 quis
1348 383 1486 456 acceptet

204 462 386 527 heneficium
401 461 559 542 requirens
576 461 801 533 Sacerdotium,
821 461 867 522 vel
879 460 1024 523 Ordinem
1039 479 1171 524 sacrum.
1191 497 1233 510 —-
1251 463 1287 524 S.
1301 463 1384 542 Lip,
1402 465 1480 526 ibid.

244 555 387 628 Qenn8⁰
395 549 443 610 An
452 551 499 610 oei
508 549 650 630 quomodo
658 549 936 631 peecatordioatus,
944 550 1122 630 puionn'ttit
1130 554 1336 612 recitationem
1340 572 1479 633 precum,

206 661 273 723 aecae
285 653 352 722 post
367 639 587 700 ordinationem
608 658 666 720 per
686 638 805 698 modum
821 640 1009 718 penitentie
1026 638 1064 698 ad
1083 639 1242 720 Episcopo
1259 643 1483 724 imponuntur?

245 731 338 811 neep.
350 748 363 790 .·
376 733 443 790 Nou
458 727 656 789 consentiunt
668 727 705 788 de
719 727 775 788 hoc
793 726 934 806 theologi.
951 727 1014 788 dlii
1035 727 1118 790 enim
1134 727 1255 802 dicunt,
1273 747 1344 790 erim
1360 748 1481 810 peecare

206 819 351 899 graviter,
376 817 450 896 quia
472 815 600 877 materia
622 815 763 895 praecepti
793 822 838 878 cst
865 816 977 894 gravis.
1005 815 1067 876 nni
1092 822 1212 888 tenent,
1234 817 1323 878 illum
1349 819 1480 881 minime

205 925 335 988 peecare,
351 907 425 986 quia
440 905 605 984 Episcopus
617 912 801 984 praeceptum
815 924 875 966 non
891 905 1036 984 imponit.
1054 905 1115 966 Atii
1131 906 1255 966 tandem
1270 913 1405 980 censent,
1422 908 1480 970 hu-

203 996 341 1078 jusmodi
356 993 553 1056 oririssionem
569 1011 631 1054 nou
647 1011 753 1055 vacare
766 994 892 1073 quidem
910 995 1008 1074 culpa,
1023 995 1073 1056 sed
1087 992 1237 1056 venialem
1250 1011 1311 1057 uon
1326 997 1477 1058 excedere.

207 1089 275 1148 Haee
290 1082 442 1146 sententia
456 1081 639 1161 probabilior
653 1082 783 1143 videtur.
801 1117 841 1128 -
862 1082 934 1142 tide
944 1079 978 1142 S.
989 1081 1073 1161 Lip,
1090 1103 1121 1141 n.
1135 1085 1206 1144 829.

246 1173 350 1248 Quoad
378 1171 452 1233 istas
478 1189 579 1250 preces
606 1170 670 1232 baec
692 1170 825 1232 habetur
846 1172 875 1231 S.
904 1174 936 1232 G.
962 1175 998 1234 R.
1028 1170 1194 1233 Declaratio
1221 1176 1253 1230 in
1278 1172 1476 1244 Granatensi,

206 1269 242 1325 ii
260 1265 450 1339 Aug.18t‡0:
476 1261 572 1320 Verba
586 1259 784 1339 Pontip‘r'calis
797 1260 943 1334 Itomem',
961 1265 1152 1321 Nocturnum
1168 1260 1237 1321 talis
1249 1261 1324 1333 diei,
1345 1261 1480 1343 intelte'pe

206 1353 241 1413 de
255 1355 346 1410 unica
361 1349 516 1408 Nocturna
536 1352 570 1407 in
591 1348 715 1428 feriali,
734 1349 782 1408 vet
800 1348 835 1408 de
847 1352 947 1428 primo
963 1349 1143 1426 Domine'cae,
1163 1358 1196 1408 ut
1214 1350 1248 1409 ia
1266 1350 1434 1430 Psatterio‚
1449 1351 1481 1410 id

206 1450 249 1501 est
265 1439 418 1498 duodecim
433 1435 628 1496 Psalmorum
644 1438 783 1496 cuiusuis
798 1438 980 1517 antiphonis
996 1437 1032 1497 de
1046 1447 1187 1512 tempore,
1207 1457 1292 1518 quem
1307 1439 1478 1520 Episcopus

207 1528 351 1589 ordinans
362 1519 520 1606 desipuere
530 1534 644 1606 potest,
661 1527 710 1586 vel
722 1527 819 1608 ipsius
835 1526 897 1586 diei
910 1547 969 1606 quo
987 1526 1077 1587 babet
1093 1527 1331 1599 ordinationem,
1349 1529 1396 1588 oei
1410 1528 1480 1588 aite-

205 1621 272 1676 rius
295 1635 356 1697 pro
381 1635 433 1674 suo
462 1615 603 1674 arbitrio.
621 1649 662 1660 --
684 1614 809 1688 Quando
826 1635 894 1676 aero
919 1615 1088 1696 Ep'seopus
1112 1614 1192 1675 nr'til
1209 1615 1298 1675 atiud
1320 1618 1478 1698 impr-imit,

206 1724 295 1786 quam
309 1703 342 1763 id
355 1703 433 1784 qnod
446 1703 535 1763 verba
550 1703 744 1784 Pontificaiis
763 1705 917 1784 referunt,
936 1704 1092 1764 dicendum
1109 1714 1153 1765 est
1170 1704 1360 1765 Noctumum
1374 1707 1477 1786 series,

206 1814 273 1874 quae
287 1793 465 1873 respondeat
481 1791 530 1851 illi
545 1791 607 1851 diei
620 1793 652 1852 in
666 1812 724 1873 qno
739 1797 825 1872 sacta
840 1805 883 1854 est
899 1794 1059 1854 ordirrotr'o.

248 1885 318 1944 rto.
332 1917 373 1928 -
387 1883 488 1956 Quaen.
508 1884 541 1942 9ο
561 1882 676 1942 Annei
695 1882 840 1962 qraomodo
861 1881 1126 1942 lieo-Sacerdotes
1148 1891 1206 1942 tres
1225 1879 1334 1942 orme
1349 1883 1481 1964 obEpi-

208 1991 295 2052 scopo
307 1972 501 2053 praescriptas
517 1971 614 2050 tepere
630 1974 815 2031 teneantur-i

248 2061 337 2138 Besp.
357 2066 404 2121 1⁰:
418 2063 483 2120 Non
500 2064 643 2120 tenentur
654 2079 704 2121 eas
716 2059 865 2140 applicare
877 2061 915 2121 ad
928 2057 1066 2138 Episcopi
1080 2057 1295 2132 intentionem,
1311 2065 1339 2120 et
1353 2059 1481 2139 proinde

207 2149 393 2228 stipendium
407 2167 460 2226 pro
473 2147 534 2208 illis
549 2149 679 2226 scopere
691 2156 830 2227 possunt.
845 2185 885 2194 -
898 2149 947 2209 lto
959 2151 1164 2208 comneaniter.
1180 2183 1220 2194 -
1234 2147 1267 2207 S.
1286 2147 1364 2224 Lip,
1379 2147 1458 2210 ibid.

248 2238 337 2316 nep.
363 2241 395 2296 9⁰
417 2255 424 2296 :
448 2242 506 2298 Neo
529 2243 653 2315 apparet
676 2238 819 2314 obligatio
837 2238 938 2315 grossis
957 2257 1008 2298 eas
1029 2237 1135 2298 Missas
1163 2235 1360 2298 celebrandi:
1384 2255 1482 2318 neque

207 2325 293 2406 prius
308 2325 440 2385 dicendae
455 2332 543 2396 sunt,
561 2343 652 2403 quam
669 2325 835 2386 adveniant
849 2327 913 2387 dies
929 2346 990 2387 non
1005 2323 1157 2404 impediti,
1174 2341 1245 2386 cum
1262 2325 1361 2388 Missae
1373 2327 1483 2388 votive

205 2432 271 2474 esse
283 2413 421 2473 debeant.
437 2447 478 2458 —-
500 2413 570 2472 tide
587 2414 623 2474 S.
640 2413 722 2492 Lr‘p„
741 2414 817 2474 e'tz'ct.

246 2503 348 2573 Quen.
366 2499 570 2580 sordetque
588 2510 749 2560 terreantur
767 2503 947 2563 Sacerdotes
965 2508 995 2563 oi
1018 2504 1207 2576 obedientie,
1225 2523 1311 2584 qnam
1325 2503 1482 2583 Episcepro

207 2590 237 2648 t'n
252 2591 440 2646 ordireotr'nne
450 2592 679 2668 praesenserunt?

250 2677 334 2758 desp.
351 2696 363 2736 .·
376 2676 424 2738 Sic
437 2677 566 2756 explicat
579 2679 732 2740 Benedist.
748 2682 815 2741 XIV
831 2680 879 2760 (in
896 2681 993 2759 Epist.
1011 2683 1065 2743 En·
1079 2703 1135 2762 prro
1150 2681 1309 2758 dilecturi:
1328 2679 1481 2759 Apreersci-

205 2787 281 2843 mus,
298 2766 513 2846 Presbyterum
525 2767 700 2848 trrp'uunodi
713 2773 929 2848 promissionis
943 2775 1043 2848 cipere
1058 2792 1092 2832 ee
1111 2771 1172 2850 lepe
1188 2773 1264 2830 inter
1279 2768 1355 2828 atros
1368 2769 1481 2830 adstri-

204 2866 284 2917 ctum
300 2859 410 2929 teneri,
429 2866 463 2915 ot
487 2877 505 2916 a
524 2861 648 2916 seruitio
668 2858 699 2918 E
701 2858 828 2923 cataste.
846 2863 895 2918 cni
908 2860 1044 2920 addictus
1055 2862 1151 2939 feceret
1157 2907 1165 2936 ,
1180 2859 1328 2920 discedere
1349 2871 1481 2940 remeat

203 2947 268 3006 sine
284 2944 405 3004 licentur
420 2945 584 3025 Episcopi.
596 2983 635 2992 -
650 2945 683 3007 S.
704 2947 786 3022 Lim,
809 2968 839 3006 n.
857 2953 926 3010 8⁹28.

245 3039 315 3096 717.
333 3069 372 3078 —-
391 3035 492 3108 Quen.
509 3040 560 3095 tr
578 3037 628 3094 An
644 3034 835 3106 Sacerdotes,
857 3036 1008 3096 ueletiam
1026 3037 1160 3098 Porocte'
1177 3045 1289 3097 statum
1306 3036 1477 3116 redipiosum

204 3125 349 3203 anrpteetr'
357 3123 489 3202 possint,
504 3135 645 3184 renuente
658 3124 838 3205 Episcopo?

245 3213 333 3291 Itesp.
351 3211 474 3289 Asflrnz.
492 3216 617 3273 Constat
637 3233 672 3274 ex
688 3205 760 3274 iure
777 3233 856 3286 can,
875 3235 941 3293 cap.
959 3215 1133 3292 diaecesani,
1151 3235 1242 3274 eausa
1260 3218 1313 3286 19,
1332 3235 1361 3295 q.
1377 3218 1408 3286 E,
1426 3212 1480 3274 ubi

203 3301 242 3363 ab
260 3302 382 3361 Urbano
398 3303 425 3361 ll
440 3301 600 3374 statuitur,
622 3303 816 3382 Presbyteros
833 3305 879 3364 vel
896 3304 1041 3365 Parocbos
1060 3306 1194 3365 volentes
1215 3301 1345 3364 transire
1362 3301 1399 3362 ad
1419 3301 1477 3361 uti-

205 3391 284 3470 quod
305 3390 538 3459 ttonasterium,
556 3409 641 3469 posse
661 3392 752 3451 iibere
771 3392 938 3463 discedere,
958 3393 1053 3453 etiam
1073 3392 1295 3454 contradicente
1315 3389 1472 3466 Episcopo.

202 3513 243 3524 -
268 3478 338 3538 Vide
353 3479 388 3539 S.
407 3480 488 3556 Lep,
504 3501 535 3539 o.
552 3484 626 3552 828,
644 3487 674 3542 et
689 3480 739 3540 cit.
758 3481 808 3560 (Q.
825 3486 927 3560 prae.)
943 3482 1038 3560 Epist.
1053 3482 1162 3541 liemed.
1178 3481 1228 3542 XI
1236 3481 1268 3542 V.

242 3571 313 3630 718.
327 3602 367 3614 -
380 3570 481 3642 Qu.·en.
496 3573 550 3629 ti⁰
564 3569 613 3628 dn
631 3573 671 3627 sit
689 3571 873 3628 concedenda
892 3569 1039 3630 absolutio
1057 3570 1082 3630 C
1084 3571 1172 3630 terico
1184 3570 1346 3629 dabr'tuato·
1357 3569 1389 3625 in
1402 3565 1475 3625 uitio

204 3660 287 3735 turpi
302 3657 428 3725 occ-atto,
444 3661 497 3736 qui
512 3659 553 3717 ad
570 3657 696 3718 Ordines
711 3679 809 3718 sacros
821 3661 980 3719 ascendere
992 3661 1064 3719 stetit
1078 3663 1141 3720 sinc
1153 3659 1271 3739 pannio
1287 3655 1477 3716 corrtinentiae

202 3744 430 3826 ceperinoento?
879 3750 882 3756 ’

243 3836 334 3915 ltesp.
359 3836 505 3914 Nepotioe
528 3854 564 3896 ex
584 3837 736 3898 sententia
760 3836 794 3897 S.
811 3839 949 3916 ciperet,
969 3840 1003 3900 de
1022 3839 1159 3898 Sacram.
1180 3842 1212 3898 in
1231 3853 1352 3916 penae,
1373 3853 1405 3892 n.
1427 3837 1477 3895 os.

203 3922 285 3984 Licet
306 3925 406 3998 enim,
423 3925 504 4003 quod
526 3924 637 3984 attinet
659 3927 696 3985 ad
718 3936 899 4004 praesentem
918 3928 1014 3988 animi
1039 3927 1286 4007 dispositionem,
1303 3922 1420 3984 sineere
1438 3919 1478 3982 sit

204 4027 367 4073 conversus
382 4013 418 4073 ad
442 4013 622 4082 Dominum,
643 4019 672 4073 et
693 4013 759 4075 idco
776 4017 872 4094 possit
885 4017 990 4077 statim
1006 4017 1140 4090 absolsi,
1155 4015 1181 4076 si
1200 4033 1234 4075 ea
1250 4018 1375 4073 tanturn
1392 4025 1481 4089 spec-

205 4102 305 4170 tetur;
320 4100 382 4176 lege
407 4108 508 4162 tauron
526 4101 725 4163 ecelesiastica
745 4104 954 4182 prohibetura
972 4106 1064 4166 sacris
1082 4104 1246 4167 Ordinibus
1260 4097 1476 4179 suscipiendis,

203 4185 263 4248 nisi
279 4187 412 4265 probatu
427 4191 575 4251 castitatis
594 4191 736 4264 exsistat,
754 4211 787 4254 ao
802 4193 927 4271 proinde
943 4195 1004 4255 nisi
1023 4193 1203 4273 aliquandiu
1221 4205 1345 4270 operam
1361 4186 1479 4249 dederit

204 4276 242 4339 ed
268 4293 398 4354 pravum
424 4277 567 4342 habitum
589 4281 834 4360 exstirpandum.
865 4283 895 4344 Si
917 4301 986 4362 ergo
1012 4283 1155 4362 persistat
1181 4296 1301 4343 sacrum
1334 4276 1477 4339 Ordinem

204 4364 371 4444 suscipere,
390 4383 450 4426 uon
472 4376 612 4430 censetur
632 4370 798 4448 dispositus
823 4372 860 4432 ad
880 4372 1116 4444 absolutionem,
1130 4370 1205 4450 quia
1224 4371 1320 4447 legem
1340 4362 1479 4427 Emiesiae

207 4452 299 4516 violat
311 4454 342 4514 in
359 4473 391 4516 re
405 4456 500 4532 gravi.
518 4457 628 4535 Excipe
642 4461 856 4521 tantummodo
870 4479 974 4521 casum
989 4461 1022 4521 in
1040 4479 1100 4540 qrro
1114 4465 1191 4520 Deris
1206 4460 1298 4520 donet
1312 4450 1478 4536 poenitenti

202 4542 477 4608 extraordinariam
490 4546 732 4625 compunctionis
745 4547 894 4627 gratiam,
910 4568 980 4630 quen
993 4568 1066 4612 eum
1084 4549 1190 4612 reddat
1205 4547 1278 4610 adeo
1292 4543 1476 4626 probatum.
