3198 5036
572 205 614 248 ns
634 203 880 249 eucneursrre
1302 193 1365 254 197

136 319 222 400 Resp.
237 316 316 399 Nep.
329 336 342 378 .·
358 316 384 378 si
398 315 483 378 enim
497 333 565 377 raro
584 313 616 377 id
629 313 735 390 saciat,
754 334 783 376 v.
801 333 860 394 gr,
877 331 948 394 erga
966 331 1066 376 unum
1085 321 1141 378 eut
1155 316 1303 391 alterum,
1320 337 1366 381 se-

99 410 178 470 cluso
191 406 330 470 scandalo
349 409 403 467 aut
420 403 505 484 gravi
524 403 656 484 petentis
670 402 918 477 contristatione,
934 421 997 466 non
1012 403 1148 483 peccabit
1163 403 1226 466 nisi
1240 405 1367 468 venialis

98 495 254 559 tertiatio
271 501 332 568 est,
346 491 420 575 quio
432 509 488 555 nec
505 492 606 572 gravis
620 491 750 573 injuria,
767 511 822 556 nec
841 509 932 571 grave
950 491 1100 554 damnum
1122 491 1165 554 sic
1182 492 1323 567 infertur,
1336 502 1367 557 et

97 584 122 646 si
136 583 219 646 adsit
229 583 396 658 danmnm,
411 581 488 644 illud
500 581 587 644 leoile
601 580 735 660 reparari
749 585 858 660 potest.
871 615 912 625 —-
927 580 978 642 Ito
993 599 1100 642 omnes.
1114 617 1153 626 -
1167 581 1273 643 Recole
1285 583 1368 644 diets

98 671 131 734 de
144 669 349 734 Socrammtt's
363 675 397 730 in
412 689 534 751 periere,
551 691 582 730 n.
596 673 667 734 eto.

135 764 236 837 Qum.
258 766 291 824 4⁰
307 759 356 821 An
373 759 527 822 Poroclue
547 768 684 820 teneatur
702 759 932 820 Eucharislr'om
950 759 1040 820 etiem
1058 777 1124 820 cum
1146 763 1216 822 oilae
1230 762 1368 843 periculo

97 851 287 924 ministrare,
306 869 332 910 o.
349 870 411 931 pr„
427 858 555 931 tempore
563 851 662 929 pestis
674 848 723 910 vel
731 847 830 910 morli
841 847 1004 928 contagiosi
1008 849 1022 908 ?

133 940 226 1021 Hesp.
241 938 335 1020 Nep„
347 938 433 1000 valde
446 936 645 1018 probabiliter
658 954 729 1000 oum
742 935 775 998 S.
786 937 870 1018 teg,
887 959 919 997 n.
935 939 1059 1000 135-
1074 936 1147 998 Vide
1160 938 1241 1002 dicto
1252 959 1284 1000 c.
1295 945 1368 1004 Sil.

95 1063 134 1072 -
148 1026 315 1090 Affirmant
330 1033 434 1090 tamen
450 1025 578 1106 quidam
592 1024 693 1088 innixi
711 1025 851 1088 doctrina
863 1025 1017 1089 Benedicti
1031 1027 1109 1100 XIV,
1132 1026 1170 1088 de
1185 1027 1264 1109 Syn.
1281 1028 1366 1093 disee

96 1116 117 1176 l.
130 1117 215 1190 XIII,
229 1135 255 1178 c.
269 1133 332 1178 ιιι.

137 1208 207 1268 293.
221 1239 260 1250 -
272 1205 372 1280 Qoue.
386 1208 418 1266 5ο
428 1203 621 1280 mordeam
634 1201 789 1264 Porcellus
803 1213 959 1266 censeatur
972 1205 1113 1268 excusare·
1124 1203 1163 1264 ab
1172 1205 1370 1266 nectareos

95 1293 222 1354 subditis
233 1293 401 1376 petentibus
415 1289 642 1354 ministrando?
892 1357 893 1362 ἵ

135 1382 228 1463 Resp.
241 1401 253 1442 .·
267 1381 413 1462 legitime
429 1387 604 1453 excusatur,
622 1385 654 1442 1ο
666 1380 788 1460 quando
803 1380 920 1443 subditi
937 1381 974 1443 ob
989 1382 1108 1462 aliquas
1123 1382 1369 1446 circumstantias

96 1489 159 1532 non
186 1469 407 1533 rationabiliter
431 1475 555 1550 petunt;
577 1486 685 1548 ugr„
710 1468 735 1529 si
761 1472 866 1548 petant
886 1476 958 1532 ante
980 1470 1121 1544 Missam,
1142 1473 1264 1551 quando
1285 1470 1370 1534 facilc

96 1564 226 1638 possunt
241 1565 426 1638 exspectare,
442 1564 513 1634 etc.;
530 1562 563 1620 2⁰
579 1557 606 1618 si
618 1556 682 1638 ipse
696 1556 845 1636 parochus
862 1556 900 1619 ob
914 1557 1142 1632 infirmitatem,
1157 1559 1269 1622 aliasve
1283 1578 1370 1623 occu-

95 1647 237 1726 pationes
249 1647 431 1708 necessarias
444 1645 610 1726 impeditus
625 1645 676 1718 sit,
690 1651 749 1706 etc.
760 1645 906 1706 Attamen
918 1652 1006 1706 caute
1017 1647 1170 1724 agendum
1181 1654 1238 1722 est,
1253 1647 1327 1728 quia
1337 1649 1370 1710 in

94 1734 145 1796 his
161 1734 265 1796 fideles
281 1733 366 1794 facile
380 1741 509 1812 possunt
523 1733 701 1794 scandalum
715 1731 863 1810 accipere,
880 1737 910 1794 et
923 1751 941 1794 a
955 1734 1157 1795 Sacramentis
1171 1735 1283 1813 saepius
1298 1736 1371 1797 reci-

93 1820 221 1901 piendis
234 1820 340 1882 arceri.
354 1855 393 1866 --
407 1821 428 1883 I
427 1831 459 1882 to
472 1840 580 1882 omnes.

602 2001 817 2062 ARTICULUS
838 1999 877 2059 ΙΙΙ

202 2155 240 2198 ΒΕ
260 2154 429 2206 nnootststs
448 2155 488 2198 AD
510 2154 631 2198 clotten
653 2153 773 2198 SANCTAE
794 2153 1000 2198 EUGHARISTIAE
1021 2153 1275 2200 otsruusntlottstt

220 2289 446 2369 Principia.

137 2439 213 2499 sot.
226 2439 303 2498 -1.
317 2441 429 2500 Praeter
438 2434 699 2518 jurisdictionem,
715 2434 884 2516 requiritur
897 2441 934 2498 ut
947 2435 1088 2499 Minister
1099 2436 1141 2498 eit
1154 2437 1231 2500 liber
1241 2438 1280 2500 ab
1290 2439 1375 2502 omni

99 2523 429 2598 excommunicatione,
449 2523 610 2586 interdicto
622 2530 654 2586 et
665 2524 864 2604 suspensione
877 2543 896 2586 a
909 2523 1021 2598 Saoris;
1038 2543 1124 2587 secem
1141 2525 1225 2588 enim
1241 2527 1376 2608 grauiter

100 2619 252 2693 peccaret,
269 2620 299 2675 et
311 2613 569 2692 irregularitatem
585 2611 785 2674 contraheret.

141 2705 183 2764 11.
203 2701 384 2782 Requiritur
401 2709 439 2764 ut
457 2700 598 2764 Minister
616 2700 658 2762 sit
675 2701 710 2762 in
729 2707 812 2763 statu
835 2701 956 2781 grstia,
977 2701 1051 2781 quia
1069 2703 1327 2782 augeretissimum
1346 2712 1377 2768 at

102 2789 336 2854 aestimem
353 2789 468 2852 Christi
488 2792 603 2870 Corpus
625 2789 758 2868 impuris
777 2789 923 2851 manibus
942 2790 1066 2852 tractari
1086 2807 1148 2853 non
1171 2791 1270 2854 debet.
1290 2793 1377 2855 Unde

102 2879 196 2942 toties
213 2883 315 2959 peccat
331 2879 486 2952 Sacerdos,
503 2877 621 2958 quoties
634 2895 705 2939 reus
719 2877 832 2957 peceati
848 2877 987 2940 mortalis
1003 2879 1260 2940 communionem
1274 2878 1377 2942 distri

103 2967 188 3042 buit,
209 2967 279 3029 licet
299 2966 496 3048 probabiliter
516 2983 577 3027 non
599 2972 643 3027 tot
661 2969 779 3044 peccata
799 2965 986 3039 committat,
1007 2971 1081 3046 quot
1098 2973 1174 3029 sunt
1191 2985 1326 3046 persona
1342 2969 1377 3030 in

102 3058 210 3120 eedem
224 3055 441 3118 distributione
453 3053 654 3116 Eucharistiae
666 3053 939 3117 communicantes.
953 3089 993 3100 --
1003 3053 1038 3116 S.
1051 3056 1122 3136 Lip.
1137 3075 1168 3116 o.
1182 3060 1221 3120 30
1234 3065 1264 3117 et
1275 3075 1377 3138 seq.—

104 3147 263 3208 Encusant
277 3149 379 3206 tamur
392 3141 505 3222 agrati
514 3149 632 3221 peccato
645 3141 820 3221 gravissimi
835 3142 979 3224 theologi,
995 3163 1024 3206 r.
1038 3161 1096 3223 gn,
1110 3144 1377 3226 1595198515-

103 3237 228 3304 mutis,
243 3233 275 3295 d.
289 3251 363 3307 nn,
380 3251 412 3292 n.
428 3234 505 3304 155,
521 3240 549 3290 et
563 3229 621 3291 olli
633 3231 714 3309 apud
726 3230 762 3291 S.
779 3231 944 3311 Liporz'cm,
964 3232 1014 3294 tt.
1030 3235 1085 3306 VI,
1101 3254 1133 3294 n.
1146 3239 1195 3298 35.

144 3325 197 3384 ΠΙ.
221 3321 401 3403 Requiritur
419 3325 455 3381 ut
473 3317 612 3384 Minister
633 3318 860 3381 Eucharistiam
883 3319 1048 3382 distribuet
1065 3321 1129 3384 ritu
1149 3322 1290 3386 Ecclesia
1308 3341 1377 3386 con-

106 3417 203 3474 sueto.
221 3410 313 3484 Hinc,
331 3407 500 3490 generatim
517 3407 682 3486 loquendo,
696 3405 866 3468 omittendo
879 3413 926 3469 est
937 3408 1030 3488 hujus
1044 3410 1231 3472 sacramenti
1245 3409 1378 3472 admini-

106 3499 232 3573 stratio,
253 3498 374 3579 quando
393 3515 475 3560 more
492 3516 510 3558 a
528 3495 649 3557 Rieoole'
669 3495 800 3556 Romano
821 3495 869 3557 rel
889 3495 945 3557 loci
965 3499 1183 3560 consuetudine
1205 3498 1379 3580 praescripto

105 3587 171 3650 lieri
187 3585 306 3668 nequit.
320 3621 362 3633 -
378 3585 452 3649 Vide
465 3586 501 3648 S.
515 3585 597 3666 Llp„
612 3605 644 3646 o.
659 3588 716 3647 tlt
735 3593 836 3665 etseq.

228 3732 440 3796 Resolves.

145 3864 219 3924 295.
242 3895 282 3906 --
301 3867 332 3923 1ο
349 3859 489 3924 Minister
508 3858 708 3922 Eucharistiae
728 3876 798 3920 oum
819 3875 931 3939 magna
952 3859 1121 3922 reverentia
1143 3863 1272 3923 tractare
1293 3861 1383 3924 debet

105 3948 368 4030 augustissimum
381 3948 698 4022 hoeSacrameutum,
713 3965 774 4028 quo
788 3954 937 4027 prasente
951 3953 1129 4012 venerantes
1141 3953 1282 4012 tremunt
1295 3952 1381 4013 Pete-

106 4043 218 4113 nete,
233 4044 265 4100 et
279 4037 405 4118 supplex
417 4038 522 4100 adorat
535 4040 599 4099 tota
611 4037 703 4100 Curia
716 4035 863 4098 Caelestis.
878 4037 934 4099 Sed
949 4055 1011 4099 non
1025 4037 1100 4100 satis
1114 4043 1176 4113 eet,
1190 4044 1228 4100 ut
1240 4040 1383 4102 Sacerdos

106 4126 200 4207 digne
221 4132 252 4189 et
274 4126 381 4189 devote
403 4131 542 4188 sanctam
564 4123 790 4188 Eucharistiern
809 4129 927 4205 tangat,
948 4133 980 4188 et
1001 4124 1142 4188 fidelibus
1162 4125 1334 4204 ministret;
1356 4127 1383 4189 si

105 4215 194 4276 enim
205 4215 358 4279 Perochus
373 4213 428 4288 sit,
443 4217 498 4276 unt
509 4216 575 4294 ejus
587 4213 718 4294 adjutor,
730 4213 768 4275 ad
782 4211 887 4293 ipsum
898 4220 1014 4293 spectet
1028 4231 1149 4290 curare,
1163 4221 1201 4277 ut
1211 4221 1384 4280 asservatur

107 4301 143 4364 in
161 4303 225 4366 loco
239 4303 380 4377 honesto,
396 4321 452 4365 seu
467 4303 501 4364 in
518 4301 711 4364 tabernaculo
726 4301 854 4363 decenti.
868 4301 998 4364 omissio
1016 4302 1161 4366 notabilis
1178 4321 1258 4368 enrae
1273 4305 1383 4368 adhoc

106 4391 221 4455 debita
243 4391 329 4454 facile
349 4389 485 4454 mortalis
503 4389 628 4452 eradere
651 4394 757 4469 potest.
780 4423 821 4436 -
839 4390 943 4468 Ellel,
968 4412 996 4452 n.
1012 4395 1061 4453 tc.
1081 4425 1121 4438 -
1139 4391 1173 4454 S.
1190 4393 1273 4473 Lip,
1291 4390 1380 4454 Hom.

106 4491 222 4560 apost,
241 4501 273 4542 n.
289 4483 346 4556 Sl,
363 4489 391 4542 et
413 4479 470 4544 ato·
481 4497 589 4540 menes.
