3220 5042
205 207 272 267 Dii
734 215 940 261 reserares

237 331 283 394 Et
298 340 444 412 quatenns
457 327 612 408 negative,
629 333 665 392 V.
682 329 733 388 Aa
747 329 799 409 qai
815 325 988 408 hujusmodi
1002 324 1216 386 absolutionem
1235 333 1384 398 attentat,
1399 324 1477 387 irre·

198 421 393 503 palaritatera
405 419 552 479 incurrat.

239 513 328 572 Sacra
339 506 535 586 congregatio
554 506 773 587 Episcoporum
791 510 822 566 et
840 504 1053 583 Regularium,
1072 520 1104 564 re
1121 501 1276 576 discussa,
1291 501 1339 563 die
1357 506 1378 564 8
1396 506 1478 566 Mar-

201 598 236 660 tii
251 599 345 668 1866,
360 595 515 674 respondit
533 613 539 656 :

240 685 329 758 111,
346 683 604 764 Affirmatice.-
619 685 666 747 Ad
685 687 729 758 Π,
746 683 961 764 Affirmatice;
981 681 1026 740 ita
1046 689 1144 742 tamea
1153 728 1162 758 ,
1180 689 1213 740 at
1230 680 1400 761 lielipiosas
1412 699 1478 740 sus-

197 793 326 857 pensas,
347 772 467 848 illicite,
482 795 543 834 non
560 793 629 836 aero
643 771 790 850 invalide,
808 771 1008 852 confessiones
1021 771 1167 851 accipiat.
1184 805 1223 814 -
1238 770 1285 831 Ad
1302 770 1357 842 Ill,
1377 768 1400 827 Α
1405 769 1479 849 ffir-

200 863 325 936 malive,
342 881 408 923 cnm
422 863 543 940 seratur
556 883 613 944 per
624 861 744 923 medam
757 861 905 942 praecepti
916 857 1128 941 particularis.
1147 893 1186 903 -
1198 859 1245 920 Ad
1260 860 1310 930 lv,
1327 858 1353 918 A
1357 857 1481 938 ffirma-

202 954 270 1013 tice.
286 986 328 996 -
338 951 386 1013 Ad
403 954 440 1011 V.
462 952 623 1013 Provisam
644 952 676 1011 ia
692 949 948 1032 precedentibus,
964 948 997 1009 id
1010 953 1073 1023 est,
1088 967 1151 1010 nou
1162 946 1293 1008 incurrit
1306 946 1482 1026 irregulari-

201 1046 313 1114 tatem,
325 1040 399 1120 quia
411 1040 569 1120 suspensio
583 1040 645 1102 lata
656 1045 702 1101 est
714 1057 767 1119 per
781 1039 908 1100 modum
922 1036 1078 1118 precepti,
1092 1055 1155 1098 non
1167 1041 1272 1098 autem
1284 1053 1336 1116 per
1350 1035 1480 1097 modum

202 1147 347 1191 censura.
371 1132 524 1191 Gaurum
541 1129 575 1190 in
597 1128 646 1190 his
670 1127 821 1206 responsis
844 1125 1027 1207 supponitur
1046 1126 1168 1206 plenam
1187 1123 1362 1186 absolvendi
1385 1123 1479 1185 iacul-

202 1223 314 1294 tatem,
332 1235 385 1279 seu
396 1216 642 1296 J'urisdictionem
657 1215 751 1278 simul
770 1222 802 1278 et
821 1215 1084 1296 approbationem,
1105 1214 1209 1276 datam
1227 1212 1319 1276 luisse
1338 1212 1377 1274 ab
1392 1212 1477 1276 Ordi-

203 1323 300 1369 narro.

243 1397 344 1470 Quina.
364 1400 395 1458 9⁰
414 1395 462 1456 An
482 1395 648 1476 deputares
667 1395 818 1456 absolvere
828 1394 962 1476 possint,
984 1393 1049 1453 sine
1067 1392 1218 1474 Episcopi
1236 1389 1478 1472 approbatione,
1533 1415 1537 1423 ·

202 1482 334 1562 [amalos
349 1504 418 1548 snos
433 1482 481 1545 cel
492 1483 569 1544 alios
581 1484 753 1564 familiares
764 1485 795 1544 in
811 1483 995 1544 dionosteric
1010 1481 1166 1563 depactas?

247 1573 334 1654 llesp.
348 1574 375 1634 Α
379 1573 491 1654 sfirm,
513 1573 539 1634 si
553 1573 607 1634 isti
621 1571 728 1634 1111111
747 1573 794 1634 rel
813 1572 865 1634 alii
885 1571 1041 1634 seculares
1063 1571 1127 1632 sint
1143 1569 1224 1632 velat
1243 1569 1278 1630 de
1291 1569 1429 1648 familia,
1448 1569 1478 1632 id

203 1668 266 1735 est,
284 1659 311 1722 si
329 1662 384 1724 diu
404 1668 557 1742 noctuque
576 1662 610 1723 in
632 1662 721 1724 domo
736 1663 929 1734 remaneant,
952 1659 1057 1739 ibique
1078 1658 1276 1732 nutriantur,
1297 1658 1342 1720 ita
1362 1665 1399 1720 ut
1416 1659 1477 1720 sint

204 1751 340 1812 cantiani
357 1750 571 1812 commensales
590 1761 618 1811 et
634 1751 735 1812 cicant
748 1751 803 1811 sab
822 1749 991 1811 obedientia
1012 1749 1242 1830 Relipiosoram.
1263 1749 1354 1809 Sosus
1368 1746 1475 1809 verosi
1599 1769 1600 1812 t

204 1838 249 1901 ita
268 1857 328 1901 non
351 1839 535 1914 habeantur,
557 1860 587 1902 v.
612 1859 670 1920 ga,
694 1839 720 1902 si
742 1845 866 1903 tantine
886 1837 1023 1900 interdiu
1037 1844 1231 1910 remaneant,
1251 1841 1282 1898 et
1303 1843 1390 1899 nocte
1406 1835 1475 1898 abbi
1599 1835 1600 1908 ξ

204 1927 330 2006 degant,
345 1934 382 1991 ut
396 1935 470 1991 sunt
482 1928 629 2008 operarii,
646 1928 827 1991 mercenarii
839 1926 1026 2009 quotidiani,
1039 1925 1190 1998 ruricolae,
1207 1931 1264 1987 etc.

244 2019 288 2078 lta
308 2035 345 2078 ex
361 2017 475 2096 pluries
494 2018 585 2080 citata
605 2017 770 2080 Clementis
789 2022 815 2080 X
836 2015 1062 2079 Constitutione
1082 2013 1240 2096 Superna,
1257 2014 1308 2094 §t
1327 2033 1333 2074 :
1356 2013 1394 2075 la
1408 2013 1477 2074 Mo-

205 2105 359 2182 nosteriis,
380 2125 416 2166 ac
430 2107 518 2167 etiam
539 2107 570 2166 in
589 2104 742 2186 Collepiis,
758 2104 809 2165 nbi
818 2105 916 2186 jacta
935 2105 1075 2165 instituta
1088 2102 1242 2184 repularia
1257 2103 1379 2177 eicitur,
1393 2121 1479 2184 posse

206 2202 267 2255 tam
281 2192 432 2253 Preietos
447 2193 601 2274 reputares
621 2213 709 2274 qaam
729 2193 754 2257 C
756 2195 920 2274 opsessores
934 2192 1134 2273 Repalariam
1148 2191 1317 2253 eorumdem
1331 2192 1480 2253 11111111-

205 2282 322 2341 riorum
341 2299 391 2340 sea
411 2279 628 2362 Collepioram‚
648 2281 755 2342 andire
774 2282 975 2358 consessiones
996 2279 1119 2340 illoram
1132 2280 1322 2342 saeculariam
1343 2281 1395 2363 qai
1414 2291 1480 2342 sant

206 2368 241 2431 de
258 2368 384 2450 familia
402 2379 431 2429 et
451 2371 588 2429 continui
606 2369 834 2445 commensales,
853 2391 913 2430 ncn
936 2379 1035 2430 autem
1056 2369 1177 2430 illoram
1199 2371 1251 2450 qai
1272 2379 1388 2430 lantum
1410 2371 1482 2450 ipsis
1599 2421 1601 2476 Α

206 2457 386 2518 deserviant.
405 2489 445 2502 —
467 2457 538 2518 Vide
552 2457 703 2537 Lacroie,
721 2479 752 2518 n.
771 2463 859 2522 1505.

245 2548 314 2606 sat.
330 2577 369 2588 -
384 2545 483 2618 Quae.
507 2551 560 2608 10ῠ
579 2547 627 2606 Aa
649 2545 814 2627 Ilcpalares
836 2545 987 2609 absoluere
1007 2547 1123 2628 possint
1145 2546 1280 2609 alanicus
1295 2547 1480 2609 ccrroictores

204 2634 267 2693 sine
279 2632 429 2714 Episcopi
442 2634 680 2715 approbatione,
695 2645 801 2716 utpote
815 2634 852 2696 de
864 2635 1008 2716 fartilia?

248 2722 338 2802 Resp.
351 2741 363 2781 .·
377 2723 494 2803 Duplex
508 2723 599 2786 datur
613 2723 776 2786 sententia.

245 2809 278 2871 1ιι
301 2811 460 2874 Sestertio
481 2823 571 2894 nepot
595 2812 745 2888 absolute,
771 2814 844 2893 quia
867 2813 1051 2878 consisteres
1071 2833 1133 2878 non
1156 2819 1229 2878 sunt
1249 2815 1285 2876 de
1304 2812 1422 2876 familia
1445 2821 1482 2876 ut

207 2899 325 2963 ianruli.
349 2901 473 2962 Etenim
492 2901 601 2964 1111111
616 2905 690 2964 sunt
704 2903 740 2964 de
759 2903 849 2965 domo
868 2909 899 2965 et
917 2902 983 2966 ideo
998 2903 1151 2966 domestici
1171 2903 1326 2978 dicuntur,
1343 2903 1417 2984 quia
1429 2921 1481 2983 per

206 2989 390 3052 farntrlatmn
406 2990 530 3053 iarniliae
546 2989 634 3072 quasi
648 2991 897 3071 incorporantur;
917 2992 1036 3055 alumni
1052 3013 1122 3056 vero
1141 2993 1304 3074 pecuniam
1320 2993 1479 3064 tribuunt,

208 3084 244 3140 ut
259 3076 392 3154 victum,
407 3079 577 3142 doctrinam
597 3085 627 3141 et
644 3080 856 3142 educationem
874 3099 892 3142 1
911 3082 1066 3161 magistris
1087 3083 1244 3165 accipiant.
1268 3081 1378 3142 —lta
1398 3081 1480 3162 Lapa
1601 3097 1602 3100 ¹

206 3166 351 3249 llespcas.
378 3168 499 3246 marat,
524 3167 545 3229 l.
566 3171 617 3242 tv,
644 3167 805 3232 (111111.
830 3173 974 3233 Constare
998 3170 1121 3234 videtur
1143 3171 1237 3234 etiam
1261 3189 1299 3232 er
1327 3169 1482 3232 [recisione

206 3254 241 3316 S.
258 3255 372 3337 Conpr.
390 3257 541 3340 Episcop.
560 3267 590 3318 et
606 3256 822 3338 Repalarinm,
839 3258 887 3321 die
905 3262 939 3321 at
965 3260 1051 3322 iunii
1067 3265 1160 3336 1818,
1177 3279 1246 3341 quae
1260 3260 1316 3321 hac
1329 3258 1484 3321 occasione

208 3344 270 3406 leta
286 3352 342 3407 est.
361 3346 528 3426 Episcopus
541 3346 714 3408 Parmensis
725 3349 884 3410 Decretum
897 3346 1043 3423 edixerat,
1054 3354 1089 3411 ul
1098 3349 1292 3425 Barnabita,
1305 3365 1358 3409 seu
1370 3346 1485 3408 Caria·

207 3433 371 3515 Repularcs
388 3434 423 3496 S.
440 3435 544 3513 Pauli,
563 3443 686 3515 possent
703 3435 916 3499 administrare
936 3438 1130 3500 Sacramenta
1149 3435 1361 3508 Eucharistiae,
1377 3433 1482 3495 Pteni-

208 3523 328 3597 tentiae,
340 3529 371 3585 ct
385 3527 537 3586 Extremas
550 3523 710 3588 Unctionis
723 3523 788 3586 suis
800 3523 935 3587 alumnis
945 3525 1179 3601 convictoribus
1192 3527 1305 3606 absque
1316 3521 1484 3584 111111111-

206 3609 252 3673 tia
265 3610 388 3674 Paroebi
400 3613 537 3692 paroecia
551 3611 586 3674 S.
605 3613 752 3695 Sepulcri
758 3661 767 3692 ,
784 3613 817 3676 in
829 3617 917 3695 cujus
931 3613 1083 3677 territorio
1098 3616 1175 3678 situs
1191 3623 1256 3680 erat
1269 3612 1484 3694 praedictorum

208 3700 405 3780 Regularium
427 3709 605 3764 conventus.
636 3706 766 3778 Verum,
795 3703 978 3765 reclamante
1003 3704 1149 3780 parocho,
1177 3703 1215 3765 lis
1238 3703 1351 3785 perlata
1373 3707 1421 3764 est
1445 3701 1485 3762 ad

205 3787 239 3849 S.
259 3787 544 3872 Conprepatioaan,
556 3809 625 3871 quae
636 3795 793 3854 Decretum
807 3791 943 3872 Episcopi
959 3791 1124 3855 declaravit
1137 3812 1197 3854 esse
1208 3790 1448 3872 reformandam.

246 3877 298 3938 11οι
317 3877 476 3941 Sententia
488 3878 576 3941 valde
584 3879 787 3960 probabiliter
799 3880 953 3960 affirmat.
971 3879 1059 3944 Ratio
1073 3888 1134 3957 est,
1155 3887 1185 3943 l⁰
1202 3880 1275 3962 quia
1292 3879 1348 3942 ubi
1365 3877 1484 3942 alumni

208 3983 262 4027 seu
277 3967 460 4031 convictores
474 3967 590 4030 babent
601 3974 671 4030 actu
683 3968 893 4031 omnimodam
905 3969 1140 4049 dependentium
1154 3989 1171 4032 1
1187 3969 1405 4050 Regularibus,
1417 3969 1484 4049 jam

208 4052 346 4133 ipsomm
366 4057 535 4138 familiares
561 4062 645 4118 sunt.
668 4061 727 4121 Nee
751 4057 918 4120 verisimile
940 4065 1002 4134 est,
1028 4063 1133 4122 Patres
1156 4057 1282 4124 Consilii
1310 4054 1484 4121 Tridentini

208 4140 339 4204 minoris
351 4144 518 4209 estimasse
530 4145 775 4226 dependentium,
787 4164 856 4227 qua
867 4146 1069 4228 Repnaribus
1082 4145 1247 4227 adstringit
1259 4147 1404 4210 alumnos
1417 4161 1484 4206 con-

209 4229 339 4292 victores
361 4231 417 4294 sub
437 4241 576 4316 respectu
593 4235 797 4312 educationis,
818 4255 912 4317 quarn
934 4253 1003 4318 qua
1020 4235 1151 4301 famulos
1167 4236 1223 4300 sub
1238 4239 1375 4316 respectu
1389 4237 1485 4297 mate-

210 4317 294 4381 rialis
309 4319 425 4383 seriitii
437 4329 467 4384 et
481 4323 627 4403 stipendii
641 4323 750 4387 iisdem
765 4323 887 4405 alligat3
904 4327 986 4388 unde
1001 4326 1185 4389 credendum
1200 4331 1247 4388 est
1258 4325 1340 4405 ipsos
1352 4320 1485 4387 voluisse

208 4405 365 4484 alumnos,
377 4427 439 4473 non
453 4429 538 4474 secus
552 4431 586 4475 ac
595 4412 740 4488 famulos,
751 4412 896 4476 beneficio
908 4413 1135 4494 familiaritatis
1145 4415 1268 4477 donare.
1283 4415 1329 4476 Ita
1343 4409 1482 4475 Picller.

208 4495 424 4577 Pellirzarias,
454 4497 729 4580 Sedmclzpraebcr.
756 4507 789 4565 2⁰
811 4501 888 4577 Quia
911 4501 1051 4582 pluribus
1073 4502 1238 4566 Ordinibus
1262 4499 1480 4582 pigneribus,
