3224 5044
227 255 296 314 976
756 263 962 309 reserares

226 381 349 444 diverso
360 377 550 462 applicando
564 385 634 436 soret
645 375 806 457 praccipio
815 423 824 453 ‚
845 385 874 435 et
886 379 921 435 in
937 375 989 436 tot·
1006 374 1178 457 difficultas
1194 374 1346 456 consistit,
1365 397 1433 440 com
1448 401 1503 442 ne-

226 479 315 552 queat
329 467 362 529 id
370 469 443 550 fieri
451 470 515 527 sine
524 485 638 546 mopso
648 464 842 540 discussione,
857 464 1055 526 eeloccuroto
1064 465 1190 524 lectione
1198 462 1340 545 plurium
1352 465 1501 530 librorum

224 564 278 641 qui
291 579 338 618 ros
356 557 532 617 examinant
546 564 574 614 et
588 553 769 616 dilucidant.

792 769 889 812 sacrm
908 771 930 811 ll

583 895 623 948 lle
638 890 813 962 obligatione
827 890 946 947 docendi
958 891 1140 964 paenitentes.

343 1054 567 1133 Prlnclpla.

159 1272 164 1282 ,
262 1209 333 1267 616.
355 1237 394 1246 -
412 1203 436 1261 l.
452 1203 587 1261 Tenetur
601 1197 809 1260 confessarius
823 1196 1007 1277 penitentes
1021 1198 1125 1258 docere
1138 1215 1174 1258 ea
1184 1197 1304 1274 omnia,
1320 1217 1390 1280 quae
1406 1203 1500 1281 perti-

221 1300 297 1356 nent
318 1291 357 1353 ad
377 1292 608 1351 Sacramentum
633 1286 684 1348 hie
709 1291 740 1348 et
760 1304 844 1347 nunc
864 1286 923 1347 rite
946 1285 1185 1366 suscipiendum.
1208 1286 1310 1362 Ratio,
1332 1289 1407 1370 quia
1428 1310 1500 1353 eum

222 1381 362 1443 Sacerdos
377 1377 418 1439 sit
439 1375 582 1438 minister
601 1373 803 1450 Sacramenti,
821 1374 910 1436 debet
923 1392 1083 1454 procurare
1097 1376 1163 1454 ejus
1178 1375 1311 1438 validam
1329 1383 1361 1440 et
1381 1379 1497 1442 licitam

222 1467 460 1548 susceptionem,
476 1469 568 1545 atque
587 1465 660 1526 adeo
680 1463 798 1525 tradere
812 1462 1048 1524 instructionem
1063 1462 1114 1526 hic
1134 1469 1164 1525 et
1183 1483 1266 1526 nunc
1282 1468 1496 1531 necessariam.

260 1559 298 1619 II.
314 1555 406 1618 Debet
419 1554 523 1616 docere
536 1552 735 1632 prenitentes,
753 1551 808 1613 ubi
822 1552 962 1614 advertat
976 1551 1152 1632 quempiam
1166 1551 1282 1632 aliquid
1300 1573 1338 1615 ex
1354 1555 1394 1617 iis
1412 1556 1498 1638 iguo

221 1664 303 1720 rare,
319 1661 388 1724 qua
400 1641 568 1705 necessaria
582 1645 657 1702 sunt
671 1641 710 1702 ad
722 1639 888 1703 christiane
902 1639 1087 1716 vivendum,
1102 1641 1273 1721 cujusmodi
1288 1649 1374 1718 sunt,
1389 1664 1420 1708 v.
1436 1665 1495 1727 gn,

221 1733 419 1812 obligationes
436 1734 500 1811 ejus
515 1729 654 1810 propriae.
670 1765 711 1774 -
727 1728 762 1790 S.
779 1729 848 1810 Lip.
864 1750 895 1789 a.
912 1733 970 1792 607
989 1738 1018 1790 ct
1031 1749 1091 1811 seq.

259 1825 311 1884 ιιι.
327 1826 395 1884 Non
405 1827 525 1894 nmen,
538 1839 597 1901 pu·
611 1839 641 1878 se
659 1828 687 1878 et
705 1819 824 1897 stricte,
840 1817 907 1880 illos
918 1817 1070 1880 instruere
1087 1825 1206 1881 tenetur
1220 1821 1257 1882 de
1271 1821 1496 1904 omnibusque

220 1912 280 1994 ipsi
292 1910 368 1973 scire
380 1909 506 1983 debent,
523 1913 553 1970 et
561 1907 684 1970 aliunde
698 1907 811 1969 discere
821 1913 960 1987 possunt.
975 1905 1063 1970 Ratio
1078 1914 1139 1982 est,
1154 1908 1228 1988 quia
1238 1927 1355 1972 munus
1367 1912 1496 1975 doctoris

219 2002 253 2063 iu
267 1998 455 2063 Confessario
469 2015 521 2077 per
536 2015 567 2059 se
586 1996 718 2076 pertinet
737 2001 861 2058 tantum
879 1997 918 2058 ad
938 2001 1051 2057 rectam
1072 1996 1368 2061 administrationem
1390 2002 1496 2063 Sacra-

221 2088 318 2152 menti
332 2085 533 2150 Paenitentia.
551 2085 612 2146 Per
626 2085 763 2146 occidens
781 2091 883 2146 tamen
900 2090 1000 2164 posset
1015 2085 1116 2147 adesse
1130 2085 1273 2165 obligatio
1291 2107 1328 2149 οι
1343 2087 1494 2165 Caritate,

220 2177 342 2259 quando
365 2174 540 2237 difficillime
558 2173 637 2234 hanc
661 2171 820 2236 scientiam
843 2177 897 2234 aut
916 2191 968 2252 per
990 2192 1035 2247 se,
1057 2178 1113 2235 aut
1132 2173 1316 2253 paralium,
1342 2177 1496 2257 penitens

220 2281 395 2344 comparare
409 2261 468 2324 sibi
482 2268 598 2341 posset,
614 2279 720 2323 verum
735 2279 806 2322 eum
821 2260 888 2340 ipsa
898 2265 971 2322 tunc
983 2280 1046 2324 non
1056 2262 1171 2324 oriatur
1185 2281 1223 2324 ex
1237 2281 1365 2327 munere
1376 2266 1496 2330 conas

220 2353 310 2424 sarii,
325 2352 377 2413 sed
390 2368 428 2411 ex
440 2349 572 2428 generali
588 2348 731 2411 Caritatis
745 2348 822 2428 lege,
839 2368 900 2410 non
920 2349 1018 2428 magis
1035 2349 1258 2414 confessarium
1277 2361 1381 2434 urget,
1401 2374 1496 2436 quam

219 2439 317 2502 alium
331 2437 513 2518 quemlibet,
531 2436 580 2498 eui
598 2441 672 2498 nota
690 2441 767 2498 esset
785 2437 890 2498 eadem
909 2437 1042 2516 proximi
1058 2439 1238 2515 necessitas;
1259 2441 1321 2503 nisi
1335 2449 1446 2522 agatur
1459 2447 1496 2508 de

218 2525 349 2591 Parocho
363 2524 463 2606 quoad
475 2524 651 2597 subditum,
666 2543 759 2604 quem
769 2543 807 2586 ex
820 2523 914 2587 officio
928 2524 1080 2589 instruere
1092 2529 1209 2592 debeat.
1222 2565 1261 2575 -
1275 2529 1310 2592 S.
1324 2531 1406 2612 lig,
1417 2533 1493 2596 ibid

343 2704 537 2782 Quaesita.

259 2857 329 2916 611.
346 2887 387 2896 -
398 2852 498 2924 Quas.
514 2855 546 2912 10
559 2848 609 2908 Aa
621 2849 663 2909 sit
677 2869 793 2930 semper
812 2849 976 2910 moeotidas
992 2851 1142 2932 penitens
1157 2849 1298 2913 loborans
1317 2855 1493 2935 ignorantia

220 2944 301 3003 circo
315 2939 450 3022 aliquam
466 2937 695 3019 obligationem?

259 3031 349 3112 Resp.
367 3034 397 3091 10
410 3029 438 3088 A
442 3027 538 3108 [firm.
543 3074 552 3106 ,
570 3024 597 3088 si
609 3027 781 3106 ignorantia
795 3029 936 3092 rideatur
949 3027 1113 3106 vineibilis,
1127 3028 1160 3090 id
1171 3035 1231 3105 est,
1244 3029 1271 3092 si
1285 3032 1492 3096 confessarius

218 3118 459 3191 animadvertat,
480 3116 682 3196 poenitentem
705 3117 749 3179 ita
772 3117 928 3190 dubitare,
946 3123 982 3179 ut
997 3121 1064 3199 jam
1083 3118 1161 3180 desit
1179 3117 1259 3180 bona
1276 3119 1361 3182 fides.
1389 3120 1488 3194 Ratio,

218 3209 292 3289 quia
308 3207 344 3269 in
361 3201 570 3268 admonitione
592 3203 729 3268 facienda
751 3206 873 3268 nullum
893 3205 1037 3270 imminet
1052 3205 1237 3287 perieulum;
1258 3207 1397 3289 alioquin
1422 3227 1491 3272 vero

218 3297 371 3378 paenitens
384 3312 456 3356 cum
470 3312 503 3356 eo
516 3293 609 3356 dubio
623 3311 749 3374 operans
764 3314 823 3358 non
838 3294 990 3358 immunis
1004 3302 1050 3358 est
1063 3315 1081 3356 a
1092 3302 1221 3375 peccato.

258 3385 381 3467 Respt
361 3388 415 3446 90·
408 3381 464 3446 Si
480 3381 651 3463 cujuspiam
664 3382 857 3463 obligationis
869 3383 1043 3463 ignorantia
1055 3384 1094 3446 sit
1109 3385 1307 3463 invincibilis,
1316 3385 1492 3447 monendus

217 3481 264 3537 est
284 3471 452 3554 paenitens,
477 3469 503 3532 si
523 3469 639 3532 boetus
663 3490 700 3534 ex
721 3472 869 3535 admonit'
847 3479 929 3535 ιιοιιο
949 3480 1048 3553 speret
1048 3492 1100 3548 ιιι;
1122 3491 1207 3536 secus
1227 3491 1295 3537 vero
1316 3472 1490 3551 generatim

217 3562 381 3643 loquendo,
395 3560 420 3622 si
433 3578 495 3622 non
510 3567 657 3639 speretur.
673 3561 763 3624 Retro
777 3566 837 3635 est,
854 3561 927 3641 quia
941 3580 979 3623 ex
990 3579 1053 3623 una
1067 3567 1153 3642 parte
1166 3562 1231 3626 haec
1245 3559 1412 3624 admonitio
1425 3579 1491 3624 non

216 3652 386 3731 prodesset,
402 3654 433 3711 et
420 3648 541 3710 ttexal
528 3654 593 3710 tera
610 3667 638 3710 οι
629 3632 784 3712 obesset·
756 3649 953 3729 t‚siquidem
968 3649 1170 3713 admonitus
1161 3670 1194 3712 ιιι
1206 3655 1361 3732 posterum
1378 3649 1490 3712 sorma-

215 3739 442 3818 literpeecaret.
419 3735 546 3800 t-.S
561 3737 632 3818 Liy.
647 3758 678 3797 n.
695 3742 771 3813 610,
787 3738 886 3798 etalii
897 3742 1101 3800 communiter.

256 3827 423 3890 Monendus
440 3825 544 3906 itaque
558 3830 604 3886 est
620 3825 787 3906 ροιιιιιοιιι,
805 3831 837 3888 10
852 3845 913 3907 quo
915 3826 972 3889 ties
987 3827 1052 3907 ipse
1065 3826 1232 3928 interrogat
1244 3829 1281 3890 de
1296 3827 1395 3890 malit
1373 3833 1417 3890 tra
1435 3827 1491 3890 ali·

216 3915 303 3990 cujus
316 3913 361 3975 rei
369 3914 479 3995 ,quim
497 3931 569 3975 cum
584 3914 621 3974 de
639 3932 683 3976 rer
674 3913 829 3976 liceitate
843 3913 1005 3991 dubitet,
995 3933 1030 3977 ιιι
1043 3915 1188 3996 ignorant
1188 3915 1218 3979 ia
1174 3914 1435 3979 tinsiucibili'
1422 3933 1489 3998 Jam

218 4014 279 4057 non
290 4009 444 4079 versatum
458 4007 491 4065 90
505 4021 566 4083 quo
567 4001 625 4064 ties
567 4001 798 4064 tsileutium
813 3965 993 4066 confessarii
1011 4021 1082 4066 euni
1101 4004 1297 4067 obfirmaret
1288 4023 1323 4066 m
1336 4005 1489 4086 proposito

217 4080 261 4140 rei
275 4086 362 4147 mala
374 4092 564 4169 peragendae;
580 4095 611 4154 30
623 4097 697 4172 quot
698 4090 741 4152 ies
751 4093 816 4172 eJ'us
825 4091 998 4172 ignorantia
1012 4111 1098 4154 versa
1100 4098 1239 4155 urerrca
1245 4111 1395 4174 primaria
1403 4111 1488 4174 prm

217 4165 296 4243 cipio
311 4173 392 4249 juris
412 4179 575 4252 naturalis,
599 4182 654 4241 aut
674 4179 751 4242 circa
774 4179 980 4242 conclusiones
1003 4199 1109 4243 eorum
1127 4181 1299 4261 proximas3
1322 4181 1398 4262 quia
1420 4177 1491 4243 talis

216 4250 404 4335 ignorantia,
428 4265 455 4325 si
473 4267 626 4345 possibilis
645 4273 706 4344 est,
723 4266 777 4329 diu
795 4267 984 4332 invincibilis
1005 4287 1069 4332 esse
1087 4287 1150 4332 non
1167 4277 1281 4350 potest;
1302 4276 1335 4333 10
1352 4269 1487 4350 quoties,

217 4338 385 4408 monitione
403 4353 530 4428 omissa,
551 4355 704 4437 poninus
722 4356 757 4418 in
771 4357 924 4419 occasione
942 4357 1082 4439 proxima
1099 4357 1264 4421 formaliter
1283 4356 1426 4440 peccandi
1442 4375 1490 4420 re

217 4439 381 4495 mansurus
394 4443 485 4515 esset;
506 4451 560 4504 aut
579 4446 645 4524 ejus
663 4444 838 4524 ignorantia
851 4446 1000 4508 damnum
1015 4445 1171 4528 spirituale
1185 4447 1400 4512 communitati
1413 4445 1490 4509 alla-

217 4513 287 4572 tura
300 4514 351 4580 sit
367 4557 408 4569 —
421 4523 455 4587 S.
467 4527 535 4608 Ls'g.
550 4549 582 4593 n
597 4535 667 4594 616.
