3198 5034
466 233 509 278 nn
529 231 704 277 exserens
724 230 1038 276 rsnrrcunsnraus
1345 221 1387 280 tr

118 350 218 430 praei,
235 351 272 407 ut
285 349 383 426 patet;
399 341 473 424 quia
486 341 695 425 pretermittit
709 340 810 404 acedia
823 341 862 404 ad
880 341 959 403 hanc
973 339 1189 420 obligationem
1207 345 1389 408 servandam

117 433 304 507 essentialia,
320 438 350 495 et
362 438 579 513 consequenter
593 429 719 494 omnino
734 429 913 493 necessaria.
927 429 1033 492 -Ita
1047 449 1157 492 omnes.
1173 435 1207 492 2⁰
1224 431 1255 493 Si
1270 435 1389 512 regulas

115 543 151 586 ex
171 529 350 603 contemptu
369 519 537 601 generatim
556 518 809 599 transgrediatur,
826 525 863 581 ut
880 519 970 582 modo
986 518 1106 582 dictum
1123 523 1179 582 est.
1196 523 1287 583 Serus
1300 539 1388 597 vero,

114 612 140 675 si
152 631 206 675 eas
221 611 314 674 violet
328 608 570 691 concupiscentia
584 609 710 682 ductus,
726 609 775 671 vel
790 606 864 688 quia
878 613 967 688 putat
988 626 1039 670 eas
1056 625 1119 671 non
1133 627 1198 671 csse
1211 607 1271 672 sibi
1288 627 1390 673 neces-

115 701 215 764 sarias
227 701 267 762 ad
281 699 423 774 salutem,
440 698 487 761 vel
499 697 525 760 si
539 697 650 778 cogitet
663 715 713 759 eas
728 715 790 759 non
804 695 928 776 praecipi
941 697 999 760 sub
1013 695 1109 777 gravi.
1127 701 1204 760 Nam
1219 700 1390 778 transgredi

115 790 238 870 regulas
250 788 285 850 in
296 787 387 850 rebus
396 786 499 867 exigui
509 785 668 861 momenti,
677 785 772 850 etiam
781 803 819 847 ex
827 785 1057 860 consuetudine,
1067 785 1190 865 praeciso
1200 792 1389 868 contemptu,

114 877 237 941 reniale
250 895 314 940 nen
328 876 562 940 excedit-Ita
575 893 712 958 oppresse
730 873 764 934 S.
781 874 865 956 atq,
882 895 914 934 n.
935 879 989 948 lD,
1003 893 1075 937 otuu
1088 873 1122 936 S.
1142 874 1261 952 Tiora„
1277 876 1388 956 Satn„

112 977 142 1028 et
164 966 239 1028 aliis
256 967 464 1028 communiter.
1184 1032 1186 1037 ‚

155 1059 227 1118 Non
240 1056 351 1118 desunt
365 1059 485 1128 tamen,
503 1047 557 1134 igni
573 1053 759 1116 contendant
774 1070 895 1133 peccare
910 1053 1043 1133 graviter
1057 1055 1161 1116 contra
1174 1051 1389 1134 obligationem

113 1143 265 1207 tendendi
279 1144 318 1206 ed
331 1140 547 1224 perfectionem
562 1141 763 1222 Religiosum‚
779 1140 834 1222 qm
855 1141 1040 1222 frequenter,
1056 1145 1111 1205 aut
1131 1143 1238 1205 saltem
1255 1143 1390 1222 plerum·

112 1249 189 1312 que,
205 1232 325 1313 regulas
339 1229 495 1312 infringit;
509 1230 584 1312 qnia
595 1237 670 1294 sunt
683 1230 785 1293 media
800 1228 944 1305 efficacia,
960 1229 1029 1293 licet
1049 1229 1242 1306 secundaria,
1259 1231 1297 1293 ad
1310 1231 1392 1294 Reli-

114 1320 240 1400 giosum
254 1322 289 1383 in
304 1320 355 1384 ria
371 1319 561 1400 perfectionis
575 1319 785 1400 dirigendnm;
802 1320 854 1382 sed
865 1319 948 1401 prior
960 1319 1122 1394 sententia,
1135 1338 1202 1402 qum
1217 1319 1391 1383 communis

112 1414 180 1485 est,
196 1410 298 1472 verior
311 1412 447 1490 apparet,
464 1409 555 1472 modo
572 1407 695 1471 omissio
709 1409 885 1489 regularum
898 1408 932 1469 in
952 1425 1076 1488 gravem
1089 1415 1120 1471 et
1133 1407 1324 1490 frequentem
1339 1427 1391 1472 ro-

116 1503 226 1561 torum
237 1497 435 1562 violationem
449 1516 512 1561 non
525 1497 663 1561 inducat.

157 1590 231 1649 rte.
245 1623 285 1631 —
298 1588 399 1662 Quas.
418 1591 450 1651 8⁰
463 1587 515 1648 An
526 1597 628 1669 peccet
641 1587 776 1668 praviter
789 1585 963 1666 Religiosus
976 1589 1031 1668 qai
1046 1585 1177 1647 intendit
1194 1605 1313 1648 encore
1327 1597 1395 1648 tan-

110 1681 182 1737 tum
196 1674 339 1736 mandata
353 1674 520 1756 obligantis
533 1674 587 1736 sud
601 1675 706 1756 gravi,
718 1683 746 1736 et
761 1674 797 1734 de
811 1675 925 1735 aalma
940 1673 1113 1734 nuliatenus
1127 1674 1257 1735 aurare?

163 1762 269 1841 neap:
278 1763 393 1841 Duplex
408 1769 454 1825 est
466 1761 616 1825 sententia
627 1761 805 1842 probabilia.

162 1849 198 1911 1⁰
212 1847 369 1911 Sententia
386 1850 524 1913 absolute
544 1851 701 1934 affirmat,
715 1849 789 1929 qrria
801 1847 905 1928 ipsmn
920 1847 1110 1928 propositum
1132 1867 1194 1912 non
1213 1849 1339 1912 curandi
1358 1850 1395 1912 de

115 1937 250 2017 regulis,
262 1936 358 1999 etiam
372 1955 435 2024 non
449 1938 696 2019 praecipientibus
713 1937 770 1999 sub
783 1941 915 2016 peccato,
927 1942 974 1998 est
983 1935 1125 1999 virtualis
1137 1939 1314 2001 earumdem
1326 1956 1394 2000 con-

116 2031 271 2106 temptus.
288 2061 328 2071 —
341 2026 488 2106 Laeroic,
507 2025 527 2088 l.
543 2029 594 2103 IV,
613 2047 643 2088 n.
661 2030 710 2090 57.
726 2061 765 2074 -
779 2023 880 2088 Elbet.
896 2060 936 2070 -
951 2023 1094 2108 Syiar'ur,
1108 2031 1164 2088 etc.

160 2118 213 2180 11⁶
227 2117 388 2180 Sententia
399 2138 467 2200 neq.
483 2118 572 2183 Ratio
586 2125 647 2194 est,
662 2119 734 2201 quia
748 2137 782 2180 eo
799 2118 864 2198 ipso
878 2118 958 2197 quod
972 2116 1141 2197 Religiosus
1155 2118 1230 2182 velit
1243 2119 1330 2198 plnra
1344 2119 1396 2182 illa

120 2206 304 2287 adimplere,
322 2225 390 2288 quae
410 2207 547 2287 obligant
561 2208 618 2270 sub
633 2207 733 2288 gravi,
746 2210 812 2289 jam
826 2205 925 2267 tendit
938 2205 976 2268 ad
990 2204 1221 2287 perlectionem,
1238 2224 1310 2269 cum
1322 2208 1396 2270 velit

121 2295 289 2377 adimplere
300 2296 388 2376 plura
399 2313 468 2377 que
482 2301 620 2376 respectu
633 2295 764 2359 aliorum
776 2313 838 2358 non
852 2293 998 2374 obligant,
1011 2294 1063 2357 sed
1079 2301 1153 2358 sunt
1169 2295 1248 2359 meri
1261 2295 1391 2361 consilii.

124 2402 166 2428 -ὲ
181 2384 229 2446 Ita
245 2384 397 2461 Sanedez,
415 2384 580 2463 Selmena,
597 2390 667 2460 eta.;
684 2390 769 2447 —et
791 2383 870 2446 hano
891 2383 1077 2447 sententiam
1096 2390 1184 2447 vorat
1204 2385 1395 2448 communio-

125 2489 193 2534 rem
208 2477 235 2535 et
247 2472 482 2555 probabiliorem
500 2472 537 2536 S.
550 2473 633 2554 Lig„
650 2493 681 2534 n.
700 2478 750 2537 lD.

166 2564 316 2625 Ceterum
327 2569 407 2626 recte
420 2562 553 2626 advertit
565 2562 601 2626 S.
611 2555 695 2644 Liq,
706 2584 737 2624 n.
751 2567 801 2637 ll,
812 2560 998 2642 Religiosum
1008 2561 1052 2624 ite
1067 2562 1249 2644 dispositum
1262 2564 1295 2627 in
1311 2564 1397 2646 gravi

124 2651 267 2732 peccandi
282 2651 452 2714 mortaliter
465 2649 599 2732 periculo
613 2650 728 2715 versari
742 2670 779 2714 ex
792 2649 861 2713 aliis
873 2649 1024 2732 capitibus
1037 2669 1140 2731 posse,
1156 2671 1186 2713 v.
1204 2670 1262 2732 gr.,
1278 2655 1397 2716 ratione

124 2739 250 2821 periculi
262 2739 506 2820 transgrediendi
520 2746 607 2818 vota,
622 2739 670 2804 vel
684 2758 774 2821 grave
790 2741 941 2803 danmum
959 2737 1110 2802 inferendi
1128 2739 1277 2820 Religioni
1297 2741 1397 2822 quoad

125 2826 334 2908 disciplinam,
351 2835 407 2892 eto.

165 2914 236 2982 lte.
252 2953 291 2963 —
305 2921 406 2994 Quen.
423 2921 456 2982 9ο
471 2919 522 2980 An
535 2917 584 2981 oei
595 2928 743 3001 qnatenus
760 2917 871 3000 obliget
884 2917 939 2977 snb
953 2925 1074 2999 pearata
1092 2915 1197 2998 regula
1210 2913 1402 2978 distributive

123 3015 261 3088 sumpta,
276 3025 326 3068 seu
340 3008 462 3070 attentis
475 3007 605 3090 singuiis
619 3007 735 3090 regalis
747 3011 780 3068 in
786 3005 992 3087 particulari?

166 3095 257 3176 Besp.
269 3114 282 3156 .·
296 3097 331 3158 ln
344 3095 496 3177 plerisque
507 3095 671 3159 Ordinibus
685 3096 800 3176 regula,
815 3097 984 3176 generatim
997 3092 1153 3176 loquendo,
1168 3099 1199 3155 et
1207 3111 1268 3176 per
1281 3111 1321 3170 se,
1336 3111 1398 3156 non

126 3184 241 3265 obligat
263 3184 320 3247 suh
339 3188 473 3265 peccato,
489 3202 528 3247 ne
541 3183 653 3247 veniali
670 3184 807 3266 quidem.
822 3187 948 3247 Constat
971 3201 1009 3245 ex
1029 3181 1104 3262 ipsis
1128 3181 1399 3244 constitutionibus

128 3270 286 3336 rariorum
305 3273 471 3346 Ordinum,
492 3277 524 3333 et
544 3289 582 3334 ex
603 3271 760 3335 communi
784 3270 1036 3352 interpretatione
1064 3270 1284 3350 theologorum.
1310 3269 1399 3332 Exci-

128 3359 233 3442 piendi
246 3368 321 3425 sunt
331 3360 458 3424 Ordines
472 3359 506 3423 in
522 3359 636 3440 quibus
650 3359 884 3422 constitutiones
900 3359 1076 3439 oppositum
1089 3377 1227 3440 expresse
1241 3362 1396 3421 statuunt.

168 3449 239 3514 Dixi
253 3454 286 3513 1⁰
300 3453 467 3533 generatim
483 3446 646 3532 loquendo;
660 3447 734 3528 quia
751 3463 952 3526 quaecumque
966 3447 1080 3508 cadunt
1092 3447 1149 3508 sub
1165 3445 1243 3509 votis
1258 3451 1312 3507 aut
1325 3462 1401 3524 pra·

129 3539 223 3621 ceptis
237 3539 388 3622 expressis
402 3537 615 3620 Superiorem,
630 3555 691 3600 non
705 3539 810 3598 carent
824 3533 926 3613 culpa,
942 3538 972 3595 et
989 3533 1115 3613 quidem
1129 3533 1215 3613 gravi
1232 3549 1286 3612 pro
1299 3531 1400 3612 gravi-

130 3634 193 3690 tate
205 3627 358 3703 materiae,
373 3633 409 3690 ut
421 3627 501 3690 inire
515 3628 552 3690 de
565 3625 646 3690 rotis
661 3625 810 3688 dicemus.

170 3715 240 3780 Dixi
257 3721 290 3780 2⁰
300 3737 360 3798 per
376 3735 423 3794 se,
437 3716 510 3798 quia
531 3715 661 3797 theologi
675 3711 874 3786 conveniunt,
889 3708 1163 3790 transgressionem
1181 3706 1290 3788 regula
1309 3706 1401 3772 raris·

131 3804 209 3868 sirm
223 3804 309 3869 omni
324 3806 411 3886 culpa
425 3804 462 3868 ob
474 3805 609 3869 rationes
621 3803 806 3868 extrinsecas
819 3819 936 3864 vacare.
950 3799 1030 3864 Dicit
1045 3798 1081 3862 S.
1098 3797 1182 3880 dig,
1196 3817 1227 3859 n.
1240 3801 1289 3873 lo,
1309 3797 1402 3861 talem

133 3894 404 3975 transgressionem
419 3893 473 3956 vix
484 3912 624 3975 unquam
640 3891 784 3957 areniali
801 3892 1006 3955 excusandam
1022 3907 1102 3960 esso,
1119 3885 1192 3968 quia
1206 3883 1267 3949 lere
1284 3904 1403 3968 semper

132 3982 229 4046 aderit
245 3983 333 4064 culpa
348 3983 451 4064 aliqua
464 3983 583 4046 ratione
599 3979 802 4063 negligentia,
819 3976 1081 4060 concupiscentia,
1096 3973 1240 4051 scandali,
1256 3973 1400 4056 pigritie,

132 4077 186 4133 aut
199 4072 325 4136 alterius
339 4071 501 4153 cujuslibet
512 4077 616 4134 motus
625 4069 803 4134 inordinati.
816 4103 855 4116 —
866 4067 919 4129 Ita
930 4068 1025 4131 etiam
1039 4065 1211 4147 haymone,
1223 4099 1263 4110 --
1273 4063 1401 4137 Saarez,

131 4195 171 4204 -
182 4160 338 4235 Buremd„
349 4197 389 4205 —
404 4159 554 4234 saneta,
570 4167 628 4223 etc.

174 4253 242 4313 ltu.
256 4287 296 4296 —
310 4253 412 4326 Qum.
429 4249 541 4313 l0⁰An
551 4259 652 4332 parret
664 4249 801 4330 praeitor
814 4244 964 4309 Prolatus
979 4243 1054 4306 bras
1065 4241 1199 4326 desectas
1212 4240 1404 4305 aldirnam

133 4339 283 4420 corripere
297 4337 473 4420 nepiiqens?

173 4425 263 4510 Resp.
280 4427 305 4489 Α
309 4427 422 4510 ffirm„
438 4425 463 4488 si
477 4425 609 4489 desectus
624 4424 726 4507 plures
740 4423 819 4500 sint,
835 4429 866 4485 et
879 4422 954 4484 tales
968 4425 1004 4484 ut
1018 4420 1215 4504 disciplinam
1229 4415 1406 4481 notabiliter

135 4515 256 4579 valeant
278 4516 423 4579 relaxare.
438 4515 505 4578 Ideo
523 4518 646 4577 tenetur
662 4513 810 4577 Pralatus
830 4508 963 4574 deiectus
987 4509 1182 4574 subditorum
1201 4507 1235 4569 in
1253 4506 1405 4567 damnum
