3220 5042
481 265 524 310 on
545 263 783 310 sacanunnro
803 265 1042 312 rmurrnurre
1329 253 1399 314 tlt

120 393 191 440 esse
204 376 437 440 absterrendum
453 379 522 438 tum
540 374 689 456 ejusmodi
709 374 926 455 paenitentem,
946 395 986 439 ne
1004 377 1085 458 apud
1100 375 1191 439 illum
1208 379 1399 442 Sacerdotem

119 464 256 530 ulterius
279 464 469 539 confiteatur,
493 471 562 527 tum
582 463 731 546 ejusmodi
755 463 996 541 confessarium,
1022 483 1060 528 ne
1083 465 1172 530 illum
1199 465 1399 548 paenitentem

118 553 252 617 ulterim
266 553 305 616 ad
319 551 536 616 confessionem
545 551 794 615 admittat-S.
809 552 892 635 Ie‘p„
909 553 945 616 de
957 561 1041 616 secto
1053 552 1219 636 Precept,
1236 574 1267 616 a.
1283 557 1399 618 tet.-

118 641 227 724 ano,
244 641 324 724 dr'ap.
341 659 411 717 aar,
426 661 457 703 a.
472 645 546 704 aar.
560 675 601 688 -
613 639 763 720 Loca-oie,
778 649 833 702 eto.

157 731 263 806 cona.
277 735 310 794 60
323 731 376 792 Aa
389 729 556 792 aeoeascric
570 730 737 792 oceanea
750 732 792 792 sit
805 731 1031 794 circumstantia
1045 734 1184 813 temporis
1195 729 1295 793 aceri?

159 819 252 902 Resp.
268 818 348 900 Nep.
364 821 451 882 Patet
464 837 502 881 ex
514 819 602 901 praxi
615 818 783 882 universali
799 825 867 882 tum
886 819 1145 884 confessariorum
1163 827 1233 883 tum
1247 819 1397 901 paeniten-

115 907 220 984 tium;
236 906 348 988 quippe
362 913 496 982 censat,
513 926 568 971 nec
582 907 650 970 illos
665 905 808 970 sollicitos
824 925 889 970 esse
906 907 944 971 de
958 907 1013 971 tali
1028 907 1256 971 circumstantia
1269 907 1396 971 interm

115 995 231 1076 gandi,
247 1013 302 1058 nec
316 995 373 1059 hos
387 995 473 1058 illam
486 996 636 1059 declarare
650 996 765 1058 solitos.
786 995 1024 1060 Circumstantia
1043 995 1142 1077 igitur
1158 996 1304 1076 temporis
1318 995 1396 1059 sacri

114 1102 183 1148 non
200 1083 323 1147 videtur
335 1084 529 1164 explicanda,
545 1083 607 1147 nisi
621 1085 763 1166 quedam
779 1083 949 1165 specialiter
961 1083 1183 1167 prohibeantur
1200 1085 1238 1147 ob
1256 1101 1397 1148 reveren·

113 1173 200 1236 tiam
218 1171 379 1253 temporis,
401 1193 430 1237 v.
452 1191 510 1253 gr,
533 1191 571 1236 ne
585 1173 661 1252 -quis
681 1173 731 1236 die
749 1173 928 1237 Parasceves
946 1174 1033 1237 ludos
1045 1174 1197 1256 publicos,
1213 1173 1394 1249 comoedias,

113 1267 174 1326 aut
203 1261 320 1324 ludicra
344 1262 513 1342 spectacula
537 1261 690 1325 exhibeat.
713 1297 753 1308 -—
773 1262 811 1324 S.
831 1263 901 1346 Liq.
928 1261 981 1324 ct.
1006 1263 1061 1338 ΠΙ,
1085 1281 1116 1324 a.
1141 1266 1210 1327 2¹13.
1232 1297 1272 1308 -
1290 1261 1394 1343 Lupo,

112 1353 151 1410 a:
162 1353 237 1424 520,
253 1359 283 1412 et
296 1350 354 1412 clii
362 1349 570 1412 communiter.

154 1442 229 1502 488.
249 1475 289 1486 -
307 1441 408 1515 Quen.
427 1444 460 1504 7⁰
485 1440 535 1501 Aa
556 1440 726 1520 satisfaciat
743 1441 916 1521 intepritoti
936 1440 1146 1521 confessionis,
1167 1439 1221 1524 qai
1239 1448 1394 1522 peecatum

111 1545 217 1590 recem
231 1539 353 1590 comat
370 1536 512 1610 tanquam
527 1527 599 1590 olim
613 1531 822 1590 commissum?

154 1617 252 1699 nep.
268 1621 302 1679 l⁰
313 1617 442 1699 Affirm.
456 1637 515 1699 per
526 1637 574 1694 ae,
595 1617 668 1699 quia
683 1617 828 1698 temporis
842 1617 1074 1680 circumstantia
1087 1617 1217 1680 minime
1228 1618 1267 1680 ad
1281 1617 1395 1680 confes-

111 1704 237 1770 sionem
248 1703 389 1784 pertinet.
405 1705 484 1768 Hinc
500 1705 679 1785 obligationi
694 1705 891 1768 confessionis
906 1704 1053 1768 satisfacit
1065 1705 1234 1786 paenitens,
1249 1705 1304 1786 qui
1315 1723 1395 1768 nova

109 1795 237 1872 peccata
248 1809 320 1854 cum
331 1791 470 1872 antiquis
481 1792 650 1866 immiscet,
660 1793 708 1854 vel
718 1794 788 1874 qui,
799 1791 1019 1856 confessionem
1029 1793 1199 1872 generalem
1208 1793 1392 1866 instituenS,

110 1896 180 1942 non
193 1878 339 1940 discernit
352 1879 390 1941 ab
410 1879 478 1942 aliis
497 1887 618 1960 peccata
635 1881 775 1942 mortalia
794 1880 833 1943 ab
851 1879 964 1943 ultima
977 1879 1163 1944 confessione
1174 1887 1308 1962 patrata,
1324 1880 1394 1944 licet

109 1965 146 2029 id
161 1967 202 2028 de
214 1965 370 2029 industria
383 1967 473 2030 iaciat
485 1968 524 2030 ad
539 1969 704 2049 tegendum
718 1973 840 2049 tempus
855 1986 918 2049 quo
930 1975 1052 2049 peccata
1065 1969 1229 2032 commisit.
1246 1969 1393 2031 Attamen

110 2052 265 2135 explicare
279 2055 381 2130 debet,
401 2075 441 2118 an
455 2055 573 2119 ratione
588 2056 748 2138 temporie,
770 2075 831 2138 quo
850 2062 1006 2138 peccatum
1023 2055 1168 2131 admisit,
1184 2057 1284 2120 adhuc
1297 2056 1393 2137 subji-

110 2141 217 2206 ciatur
236 2143 437 2206 reservationi
455 2145 502 2207 vel
524 2163 673 2220 censure,
696 2149 750 2207 aut
771 2151 912 2208 versetur
928 2145 963 2208 in
981 2145 1124 2226 proxime
1141 2145 1296 2208 relabendi
1309 2161 1394 2208 occa-

110 2230 210 2294 sione.
220 2230 319 2294 -lte
333 2237 527 2295 emamuniter
539 2234 744 2295 Hectorea-
756 2234 823 2296 Vid.
834 2235 937 2315 Lupo,
954 2233 985 2296 d.
1001 2253 1069 2310 xtn,
1078 2255 1110 2295 a.
1124 2237 1223 2298 58-
1235 2233 1392 2310 temtor,

110 2319 211 2382 ueta.
229 2321 310 2400 conf.
324 2321 344 2381 t.
359 2322 401 2394 11,
417 2341 443 2383 e.
457 2339 479 2385 1.

122 2463 127 2474 .
150 2408 245 2491 Itnp.
262 2413 297 2471 2⁰
314 2428 321 2472 :
339 2408 371 2472 Si
385 2427 456 2474 vero
469 2409 623 2491 paenitens
636 2411 809 2474 mentiatur
823 2410 902 2474 circa
919 2415 1057 2492 tempus,
1071 2431 1102 2474 v.
1124 2429 1183 2493 gr,
1203 2411 1231 2475 si
1251 2417 1341 2492 neget
1361 2429 1392 2474 se

108 2515 249 2578 peccasse
255 2497 360 2574 hodie,
368 2505 400 2561 ει
408 2498 538 2562 declaret
544 2505 703 2581 peccatum
713 2500 799 2564 velut
810 2499 869 2563 alio
875 2503 1010 2581 tempore
1020 2500 1224 2565 determinato
1234 2505 1265 2564 et
1274 2507 1391 2563 remoto

108 2586 331 2664 commissum,
346 2587 542 2651 communius
557 2593 671 2669 putant
690 2591 832 2651 Doctores
846 2589 935 2652 illum
950 2588 1129 2670 obligationi
1144 2607 1207 2654 suaa
1220 2607 1283 2652 nou
1301 2588 1391 2652 satis-

107 2673 218 2740 facere.
242 2675 331 2740 Ratio
349 2679 412 2751 est,
436 2676 509 2758 quia
526 2681 611 2739 actus
629 2677 847 2758 quemposuit
866 2677 1019 2757 poenitens
1038 2677 1143 2753 hodie,
1158 2697 1221 2741 nou
1240 2683 1285 2740 est
1304 2679 1390 2740 actus

108 2762 232 2844 positus
241 2780 322 2824 nuno
333 2763 498 2844 praeterito.
516 2764 594 2828 Hinc
608 2763 770 2846 dupliciter
787 2765 950 2841 mentitur,
968 2765 1081 2828 scilicet
1095 2767 1216 2829 celando
1233 2769 1390 2846 peccatum

108 2849 205 2915 hodie
218 2853 390 2929 patratum,
413 2857 445 2914 et
461 2853 630 2916 accusando
650 2859 809 2932 peccatum
827 2852 887 2915 alio
903 2859 1042 2935 tempore
1056 2853 1266 2916 commissum.
1281 2887 1321 2898 -
1336 2851 1391 2914 Sic

110 2937 233 3012 Tarae„
250 2937 313 3000 loco
329 2942 434 3001 citato.

146 3029 218 3090 Non
231 3027 344 3089 deuant
358 3033 464 3090 tamen
477 3027 624 3108 theologi,
644 3029 699 3110 qui
710 3029 767 3092 hoc
779 3030 975 3093 mendacium
985 3029 1181 3110 leaeputant.
1192 3063 1232 3074 -
1245 3027 1279 3090 V.
1290 3027 1387 3109 Lupo,

107 3115 234 3178 itidem,

145 3207 221 3269 ⁴89.
237 3239 277 3250 —
288 3207 389 3280 Quum
404 3209 437 3268 80
448 3205 503 3266 Aa
513 3205 680 3267 necessario
695 3205 879 3268 mandas
888 3207 930 3268 ait
943 3215 1027 3269 aetas
1041 3217 1183 3270 creterras
1192 3206 1326 3290 peccata?

146 3293 242 3376 Resp.
256 3293 400 3375 Μήνη,
417 3293 491 3374 qraia
504 3298 550 3356 est
564 3292 640 3374 quid
653 3311 755 3356 unum
768 3299 800 3356 et
816 3294 899 3357 idon
915 3313 989 3358 cum
1007 3301 1079 3358 actu
1091 3294 1214 3359 interno
1232 3294 1266 3356 in
1280 3311 1387 3374 genere

108 3382 221 3459 morie,
242 3385 272 3445 ct
292 3384 353 3446 duo
373 3382 439 3446 haec
459 3401 554 3444 unam
577 3384 668 3446 totale
690 3382 894 3445 constituunt.
914 3383 1048 3446 Aliunde
1069 3391 1156 3447 actus
1175 3389 1320 3446 externus
1341 3388 1388 3445 est

108 3467 219 3534 directe
227 3470 403 3552 prohibitus
412 3471 476 3552 lege
486 3471 608 3546 diviua,
621 3491 651 3536 v.
665 3489 709 3552 gr.
718 3518 724 3546 ‚
734 3467 939 3532 Homicidiam
949 3491 1011 3533 noa
1020 3471 1125 3551 socies.
1136 3473 1264 3552 lnsuper
1272 3471 1387 3550 absque

107 3556 309 3622 declaratione
330 3565 417 3623 actm
436 3560 554 3622 externi
572 3561 753 3642 plerumque
771 3556 977 3624 confessarius
994 3576 1122 3626 munere
1142 3577 1198 3622 suo
1215 3559 1303 3638 fungi
1322 3577 1385 3622 non

107 3655 222 3724 poscet,
240 3655 277 3711 ut
290 3667 345 3730 par
359 3654 420 3723 est,
440 3648 518 3712 circa
536 3649 759 3712 absolutionem
773 3648 1011 3725 concedendam,
1032 3647 1247 3722 differendam,
1267 3647 1385 3710 monita

107 3735 285 3812 praebenda,
299 3743 356 3800 etc.
372 3771 414 3786 ·-
426 3741 551 3801 Constat
568 3737 663 3800 etiam
677 3755 714 3800 cx
734 3736 954 3801 consuetudine
964 3737 1132 3802 universali
1149 3735 1301 3810 fidelium,
1315 3753 1385 3817 quae

109 3819 205 3902 legem
219 3825 255 3888 in
267 3825 325 3888 lroc
338 3843 430 3890 sensu
444 3825 584 3907 explicat.

145 3917 216 3978 lac.
232 3949 271 3960 -
283 3917 385 3992 Quae.
399 3918 434 3978 80
447 3915 498 3976 Aa
511 3916 632 3996 effectus
642 3919 762 3998 peccati
774 3916 935 3997 praviore,
951 3915 1116 3998 aedpcstee
1127 3921 1381 3988 conteneantur,

107 4015 135 4060 a.
152 4021 215 4082 pru,
234 4003 447 4065 mereamim·
467 4021 504 4065 ec
525 4023 637 4066 veneno
654 4011 745 4066 antea
761 4007 927 4087 propinato
946 4013 1062 4082 secata,
1084 4003 1214 4086 pollutio
1234 4012 1382 4065 noemae

106 4091 237 4165 muria
252 4099 315 4153 eta
331 4093 436 4173 procia
454 4093 691 4174 reputationibus
705 4093 739 4154 ie
757 4092 806 4154 dfe
822 4091 997 4156 voluntarie
1010 4092 1147 4154 admirata
1160 4099 1293 4169 causata,
1309 4101 1378 4166 ete,

107 4175 146 4236 et
160 4182 327 4243 necessario
342 4183 373 4241 in
386 4179 568 4260 confessicae
581 4180 817 4263 reprimendus?

145 4265 237 4350 Resp.
252 4267 637 4332 :DissentiuntDoctores
1419 4327 1422 4334 .

146 4353 180 4416 Ι·
197 4356 360 4419 Sententia
373 4355 538 4439 probabilia
553 4360 698 4438 affimat,
719 4359 810 4420 modo
823 4364 927 4420 tamen
939 4375 1004 4421 uon
1016 4357 1111 4421 fuerit
1122 4363 1285 4422 retractata
1298 4358 1379 4420 mala

16 4483 18 4494 .
109 4441 250 4508 voluntas
263 4451 335 4508 ante
354 4445 496 4508 effectum
515 4451 666 4508 secutum.
683 4446 771 4510 Ratio
783 4453 844 4520 est,
861 4453 931 4508 tum
944 4446 1017 4528 quia
1031 4446 1102 4510 talis
1119 4446 1258 4522 effectus,
1274 4449 1379 4526 utpote

110 4529 208 4595 malos
222 4537 253 4596 et
266 4533 378 4598 directe
393 4533 442 4597 vel
455 4533 601 4597 indirecte
614 4533 770 4610 intentus,
784 4540 830 4600 est
843 4539 1001 4616 peceatum
1012 4533 1046 4600 in
1060 4553 1106 4612 se,
1118 4542 1173 4600 aut
1184 4536 1293 4599 saltem
1302 4551 1382 4597 com·
