3220 5042
453 262 495 309 ua
515 261 750 310 sucnauanro
771 260 1008 308 rmnrraurnu
1293 239 1363 302 tta

90 369 146 434 aut
170 369 363 474 matrimonii
385 371 615 436 circumstantia
640 372 726 436 addit
750 370 946 435 fornicationi
967 369 1120 432 malitiam
1146 364 1294 446 sacrilegii
1315 365 1363 428 vel

90 459 256 611 ruffi
271 554 346 611 sunt
360 559 562 632 appr-acanus
575 557 714 626 tantum,
731 551 784 613 sed
800 549 987 624 notabiliter,
1003 551 1058 610 aut
1074 545 1191 618 leviter,
1207 548 1299 646 prout
1315 543 1363 644 vel

91 635 270 700 notabiliter
291 637 339 700 vel
352 637 461 702 leviter
477 639 560 702 intra
574 640 713 703 eamdem
735 637 864 720 speciem
886 637 1037 701 malitiam
1058 641 1144 699 actus
1162 649 1364 714 peccaminos1

92 732 207 827 augent
223 725 343 789 ratione
356 725 544 804 durationis,
558 727 765 802 intensitatis,
782 729 911 808 gradus,
924 725 1023 800 modi,
1038 723 1200 806 temporis,
1215 737 1362 803 persona,

90 815 164 967 106ἐῖ
179 820 258 967 biera
276 911 351 968 sunt
367 905 590 984 imminuentes,
606 911 711 988 utpote
730 925 798 989 quaa
819 888 971 968 minorem
989 901 1103 986 peccati
1120 899 1275 968 malitiam
1295 897 1363 960 red·

90 993 182 1067 dunt,
196 1012 228 1056 v.
243 1011 301 1074 gr„
318 992 450 1057 deiectus
464 994 671 1071 advertentia,
686 1003 743 1060 etc.
757 1031 797 1042 -
811 993 916 1058 Recole
930 993 1012 1057 dicta
1024 991 1138 1056 dedet.
1155 989 1251 1068 bum,
1266 1008 1298 1050 n.
1309 990 1361 1050 2¹1.

214 1155 437 1239 Principia.

128 1305 204 1366 483.
217 1336 256 1348 -
268 1303 292 1364 l.
309 1306 435 1366 Certum
449 1309 506 1378 est,
522 1304 707 1366 accusandos
721 1321 786 1367 esse
799 1300 1047 1366 circumstantias
1058 1300 1184 1383 speeiem
1197 1303 1362 1374 mutantes,

89 1408 144 1452 seu
157 1409 227 1472 quae
238 1397 395 1472 peccatum
411 1391 540 1455 trabunt
552 1392 587 1455 in
602 1392 695 1456 aliam
707 1391 837 1474 speciem
848 1391 963 1474 peccati
976 1377 1107 1454 lethalis.
1118 1387 1208 1453 Ratio
1220 1389 1275 1460 est,
1289 1383 1364 1466 quia

90 1496 210 1542 novum
230 1487 386 1561 peecatum
410 1481 519 1544 lethale
540 1499 593 1564 per
614 1499 646 1544 se
666 1481 875 1558 constituunt;
894 1487 925 1543 et
948 1485 1067 1544 constat
1089 1497 1127 1542 cx
1146 1476 1238 1540 Cone.
1260 1473 1362 1547 Trici,

88 1585 159 1630 sess.
176 1569 256 1645 XIV,
273 1589 299 1630 c.
315 1589 345 1644 v,
360 1579 389 1632 et
404 1590 471 1632 ean.
484 1574 515 1633 ¹1.

128 1657 168 1719 ll.
185 1660 311 1720 Certum
327 1664 451 1721 estnon
467 1658 634 1723 necessario
651 1660 834 1722 accusantes
853 1676 917 1720 esse
930 1654 1175 1720 circumstantias
1190 1654 1297 1716 leniter
1309 1671 1364 1732 ap·

86 1753 266 1825 grauanter,
283 1748 336 1806 aut
346 1747 523 1824 minuentes,
536 1747 606 1809 licet
620 1764 670 1808 eas
684 1765 831 1827 erponem
844 1744 955 1808 melius
970 1745 1020 1807 sit.
1036 1743 1125 1808 Ratio
1145 1747 1192 1804 est
1209 1740 1282 1823 quia
1295 1757 1361 1819 pec·

86 1839 158 1910 cata
173 1831 305 1894 venialia
317 1851 379 1895 non
393 1838 467 1895 sunt
478 1833 608 1897 materia
621 1833 789 1898 necessaria
803 1832 990 1896 sacramenti
1003 1829 1207 1895 Paenitentia.

128 1921 183 1980 lll.
200 1922 324 1982 Certum
338 1927 385 1984 est
397 1921 502 1997 etiam,
519 1921 731 2003 exprimendas
746 1940 810 1985 esse
825 1919 1083 1994 circumstantias,
1099 1917 1217 1981 ratione
1228 1931 1362 1998 quarum

86 2013 251 2088 peccatum
264 2029 301 2072 ea
313 2029 420 2090 genere
431 2029 483 2071 suo
492 2009 720 2074 oaniateevadit
730 2009 869 2073 mortale.
880 2012 957 2073 Item
971 2007 1138 2090 aperiendae
1150 2003 1361 2071 suntcircum-

88 2095 215 2159 stantim
229 2115 296 2178 quae
310 2104 467 2179 peccatum
490 2099 535 2162 ita
557 2097 722 2174 minuunt,
739 2105 776 2162 ut
794 2099 873 2179 quod
895 2097 935 2161 iis
953 2095 1077 2160 seclusis
1094 2093 1202 2158 ficisset
1216 2093 1359 2170 mortale,

89 2183 144 2248 liat
155 2202 263 2248 earum
277 2186 393 2250 ratione
403 2187 450 2250 vel
462 2188 584 2252 nullum
599 2187 646 2250 vel
660 2187 777 2251 veniale
791 2193 927 2251 tantum.

212 2338 406 2417 Quaesitae.

126 2486 199 2548 ldl.
207 2517 246 2532 -
258 2487 359 2560 Quas.
372 2492 404 2548 t⁰
415 2485 463 2546 Aa
477 2486 640 2548 necessario
653 2485 828 2548 accusandae
841 2487 901 2548 sint
913 2484 1149 2547 circunstantiae
1161 2497 1360 2545 norisianas

87 2590 306 2636 asanavsuvas
317 2573 468 2637 malitiam
481 2584 673 2656 peccatorum
686 2575 861 2638 mortalium
871 2575 956 2638 intra
967 2573 1098 2638 eamdem
1109 2569 1256 2656 opedam?

111 2661 243 2742 Respa:
257 2662 373 2743 Duplex
387 2670 432 2726 est
444 2663 597 2726 sententia
613 2663 788 2744 probabilis.

124 2749 158 2811 1⁰
171 2749 333 2811 Sententia
345 2755 534 2812 communior
546 2758 579 2814 et
589 2751 784 2833 probabilior
798 2761 888 2834 negat
902 2751 1044 2815 absolate.
1063 2749 1151 2814 Ratio
1165 2754 1226 2823 est,
1242 2747 1357 2828 primo,

89 2837 160 2916 quia
181 2836 274 2899 Cone.
295 2837 382 2901 laid.
398 2839 477 2902 nibil
495 2840 580 2902 aliud
599 2838 708 2919 exigit,
724 2857 819 2921 quam
837 2840 1057 2904 confessionem
1070 2836 1192 2902 numeri
1206 2841 1237 2898 ct
1251 2833 1360 2915 speciei

87 2931 292 3003 pcccatorum,
309 2931 339 2988 et
352 2926 480 3006 proinde
491 2928 616 2990 videtur
630 2929 785 2991 excludere
802 2927 1019 3010 obligationem
1033 2923 1195 2991 confitendi
1209 2923 1284 2986 alias
1300 2921 1358 2985 cir·

88 3012 301 3077 cumstantias.
315 3016 416 3087 Adde,
431 3016 511 3095 quod
525 3033 611 3078 secus
626 3023 695 3078 tum
708 3015 908 3097 poenitentes,
926 3024 995 3080 tum
1011 3013 1192 3080 confessarii
1206 3013 1287 3076 inter
1303 3028 1358 3074 an-

87 3103 204 3180 gustias
217 3113 336 3184 semper
349 3102 549 3178 fluctuarent,
565 3121 639 3166 cum
652 3103 772 3168 difficile
786 3104 828 3168 sit
841 3105 1044 3186 distinguere,
1058 3119 1200 3187 quaenam
1217 3101 1281 3164 sint
1299 3099 1356 3166 cir-

88 3189 280 3254 oumstantia
294 3191 471 3254 notabiliter
483 3198 683 3272 aggravantes
695 3211 703 3254 :
717 3193 803 3256 nulla
815 3193 898 3256 enim
913 3194 1032 3275 regola,
1046 3193 1223 3275 plerumque
1235 3189 1355 3264 saltem,

88 3277 237 3359 assignari
258 3286 372 3360 potest,
388 3297 425 3342 ex
444 3299 505 3361 qua
523 3279 752 3360 dignoscantur,
768 3300 799 3343 v.
814 3299 872 3361 gn,
889 3299 943 3362 pro
966 3281 1142 3356 duratione,
1160 3277 1354 3352 intensitate,

88 3367 189 3443 modo,
206 3374 264 3432 etc.
280 3369 383 3431 -Ita
398 3367 435 3432 S.
450 3369 533 3451 Lep,
550 3389 581 3430 n.
597 3371 668 3432 ld'l.

124 3455 230 3538 Aliqui
244 3457 402 3538 excipiunt
421 3456 681 3534 circumstantias,
700 3475 769 3540 qua
790 3457 956 3540 respiciunt
971 3457 1015 3522 rei
1028 3457 1249 3539 quantitatem,
1264 3461 1301 3517 ut
1320 3453 1356 3517 in

88 3538 181 3620 lurto;
196 3544 249 3608 alii
265 3565 335 3609 vero
349 3563 421 3609 cum
437 3545 474 3608 S.
490 3547 616 3628 Liparis
631 3554 758 3627 putant,
772 3564 828 3609 nec
843 3546 1067 3610 admittendam
1080 3566 1140 3628 per
1152 3565 1181 3608 se
1199 3561 1263 3608 esse
1276 3542 1355 3608 hanc

89 3632 305 3712 exceptionem,
319 3636 409 3698 modo
421 3635 580 3716 queuntes
594 3642 631 3698 ut
642 3635 744 3715 gravis
763 3635 945 3712 declaratum
959 3635 1065 3698 eadem
1081 3637 1184 3698 autem
1197 3631 1275 3696 ratio
1290 3637 1351 3708 est',

87 3718 156 3796 quia
169 3722 330 3803 quantitas
342 3742 404 3787 non
417 3729 522 3787 mutat
534 3724 647 3806 pcccati
661 3723 801 3806 speciem.

123 3807 173 3870 11⁶
190 3811 352 3874 Sententia
369 3812 521 3895 affirmat.
537 3813 626 3880 Ratio
638 3821 685 3876 est
699 3820 732 3877 t⁰
744 3813 818 3895 quia
832 3813 928 3877 currit
942 3815 1046 3878 eadem
1057 3813 1135 3877 ratio
1146 3831 1200 3893 pro
1213 3831 1354 3876 accusan-

87 3891 131 3956 dis
149 3898 391 3964 circumstantiis
409 3901 665 3984 aggravantibus,
678 3921 713 3966 oc
733 3921 787 3983 pro
801 3903 978 3966 accusandis
993 3903 1124 3985 speciem
1138 3901 1350 3978 mutantibus;

88 3982 376 4080 2f’q11iapeccatum
393 3990 631 4055 circumstantiis
644 3991 818 4055 notabiliter
835 3991 1073 4072 aggravantibus
1088 3992 1269 4067 adauctum,
1285 3991 1352 4072 plu·

87 4068 171 4136 ubus
185 4076 362 4158 equivalet3
378 4083 410 4142 3⁰
422 4078 509 4160 quia,
524 4078 552 4142 si
565 4097 626 4142 nou
639 4085 864 4156 accusarentur,
879 4080 1086 4144 Gonicssarius
1097 4099 1162 4146 nou
1173 4085 1273 4162 posset
1286 4099 1354 4162 pro-

88 4161 289 4234 portionatam
300 4166 517 4247 paenitentiam
531 4167 702 4249 injungere.
711 4203 750 4214 -
759 4167 862 4245 Callet,
877 4179 947 4232 sect.
959 4173 989 4233 3.
997 4205 1037 4214 -
1048 4169 1200 4250 Biltuart,
1209 4171 1280 4233 disc
1293 4187 1349 4247 vn,
1405 4201 1412 4216 ·

88 4255 145 4309 art.
158 4253 219 4331 2,§
235 4257 265 4317 3.
281 4253 488 4334 -concina,
505 4275 532 4319 c.
548 4273 597 4329 v1,
613 4264 642 4317 et
655 4256 723 4317 alii.

125 4339 275 4406 Gaurum
287 4342 321 4406 in
332 4343 420 4425 praxi
432 4343 530 4407 solent
543 4343 656 4419 fideles,
672 4343 824 4408 ordinarie
837 4346 997 4426 loquendo,
1011 4346 1205 4412 notabiliores
1221 4348 1352 4412 circum-

91 4427 216 4491 stantias
230 4431 394 4508 declarare;
411 4432 492 4514 quod
513 4431 639 4513 quidem
660 4431 740 4496 sicut
753 4433 792 4495 ad
807 4435 951 4514 majorem
965 4435 1157 4502 conscientia
1170 4454 1289 4518 pacem,
1308 4435 1352 4499 sic

90 4511 230 4582 etiamad
244 4519 415 4584 uberiorem
428 4520 564 4584 fructum
576 4519 805 4602 percipiendum
817 4521 942 4600 confert,
953 4529 1021 4587 tum
1034 4525 1150 4590 ratione
1163 4524 1351 4590 humilitatis
