3224 5044
503 291 545 336 ua
566 290 799 336 sacramento
819 291 1057 336 rmnrrnnrrn
1347 276 1411 336 98ι

146 403 335 485 estquidam
349 402 438 483 quasi
452 409 635 474 contractae,
650 401 682 464 ιι
698 405 785 482 cujus
798 401 951 480 poenitens
963 402 1023 464 rite
1037 400 1190 463 confessus
1204 408 1234 463 et
1248 401 1415 480 dispositus

145 495 240 556 habet
255 495 308 573 jus
327 493 366 554 ad
382 493 615 554 Sacramentum
634 489 874 570 suscipiendum.
896 491 986 554 Secus
1005 495 1110 552 autem
1128 507 1206 551 onus
1226 489 1415 553 intolerabile

146 583 213 645 sine
229 585 315 663 justa
332 598 423 642 causa
440 579 603 660 poenitenti
622 579 842 659 imponeretur,
861 584 898 642 ut
912 578 1025 641 scilicet
1042 578 1124 658 apud
1143 578 1241 640 alium
1259 577 1418 641 consessio-

146 689 219 734 nem
230 669 385 743 instituat,
401 669 478 750 quin
490 668 638 731 confidere
651 667 777 748 insuper
795 675 876 730 certo
890 667 1001 747 possit,
1018 685 1049 730 se
1063 666 1102 729 ab
1119 667 1179 730 isto
1198 685 1276 730 novo
1295 667 1415 730 Confes-

145 759 225 822 εει-ιο
250 757 473 820 absolutionem
500 775 565 820 osse
596 764 801 839 recepturum.
838 761 986 818 Praeterea
1009 755 1066 818 boc
1098 755 1192 817 etiam
1222 753 1317 835 erigit
1343 755 1415 818 finis

144 845 352 910 institutionis
367 847 556 908 Sacrameuti
574 852 604 908 et
620 845 785 910 tribunalis
804 844 1011 920 Paenitentia,
1027 845 1109 925 quod
1128 843 1342 906 misericordie
1356 844 1416 906 im-

145 937 308 1017 pertiendae
330 954 422 998 causa
444 955 462 998 a
485 935 606 998 Christo
628 935 813 997 institutum
834 938 890 996 εει.
916 935 1057 996 Sacerdos
1076 933 1172 1012 igitur
1192 933 1415 996 absolutionem

145 1024 309 1106 poenitenti
321 1025 468 1104 disposito
482 1025 645 1103 denegans,
662 1024 777 1103 injuste
787 1031 898 1102 ageret,
915 1027 1062 1102 potestate
1076 1020 1210 1084 clavium
1222 1021 1410 1096 abuteretur,

145 1119 176 1176 ct
191 1113 331 1176 odiosum
345 1113 484 1176 redderet
497 1115 740 1174 Sacramentum.

186 1204 223 1264 ll.
252 1200 411 1264 Absolutio
428 1208 532 1264 tamen
553 1200 674 1282 differri
687 1209 787 1280 potest
809 1203 848 1264 ad
870 1200 961 1262 breve
982 1206 1118 1279 tempus,
1138 1197 1232 1260 etiam
1250 1197 1414 1277 paenitenti

145 1293 205 1351 rite
220 1291 385 1372 disposito,
401 1294 491 1372 atque
505 1289 598 1352 etiam
613 1289 679 1352 sine
692 1291 758 1369 ejus
774 1307 934 1363 consensu,
951 1289 1074 1370 quando
1085 1305 1195 1366 nempe
1208 1285 1415 1349 Confessarius

142 1379 273 1459 judicet,
290 1380 323 1442 id
335 1379 411 1442 utile
424 1398 488 1442 esse
503 1380 542 1442 ad
555 1383 620 1459 ejus
632 1378 888 1442 emendationem.
907 1378 995 1441 Ratio
1008 1383 1069 1451 est,
1084 1376 1156 1458 quia
1171 1375 1276 1438 dilatio
1295 1374 1415 1437 absolu-

146 1467 240 1530 tionis
254 1487 317 1531 non
336 1475 381 1530 est
398 1470 535 1549 ejusdem
554 1468 727 1547 denegati03
744 1473 775 1530 ει
796 1467 866 1529 licet
884 1466 1036 1546 peanitens
1054 1465 1221 1545 dispositus
1236 1465 1292 1544 jos
1306 1463 1414 1524 debeat

145 1557 184 1618 ad
207 1556 446 1632 absolutionem,
469 1576 532 1620 non
555 1563 661 1620 tamen
677 1560 730 1638 jus
745 1557 843 1618 babet
863 1557 971 1618 saltem
987 1574 1048 1637 per
1068 1573 1098 1615 se
1120 1553 1266 1634 loquendo
1288 1554 1415 1615 adeam

146 1643 254 1708 statim
266 1645 475 1710 obtinendam.
491 1649 570 1708 Nam
584 1644 790 1708 confessarius
807 1663 870 1706 non
884 1652 931 1706 est
943 1649 1069 1706 tantum
1080 1643 1189 1722 judex,
1206 1642 1258 1704 sed
1272 1648 1303 1702 et
1319 1641 1415 1702 medi-

146 1749 211 1808 cus,
226 1733 354 1813 ideoque
374 1733 400 1796 si
413 1735 532 1814 judicet
547 1735 606 1796 tale
621 1733 792 1795 remedium
812 1731 922 1794 anima
941 1730 1104 1811 poenitenti
1123 1729 1299 1791 notabiliter
1313 1727 1415 1808 profu-

145 1824 254 1882 turum
265 1839 340 1896 esse,
357 1840 390 1883 eo
402 1822 515 1902 poterit
528 1823 693 1900 prudenter
704 1820 762 1883 uti.
778 1855 819 1864 -
833 1821 882 1880 lto
893 1839 1032 1900 expresse
1042 1817 1077 1879 S.
1096 1818 1179 1898 Ltp„
1196 1838 1228 1880 ιι.
1247 1821 1322 1890 tou,
1340 1826 1367 1876 et
1384 1816 1415 1876 iu

145 1907 248 1968 Proui
258 1907 410 1989 Confusa,
426 1931 456 1971 n.
474 1915 523 1973 76.
539 1945 580 1954 -
592 1909 741 1983 Lacr-otio,
758 1930 787 1968 u.
806 1913 894 1970 1764.

185 1995 266 2072 Dixi,
281 1997 388 2060 saltem
397 2018 495 2080 perse
511 1997 675 2080 loquendo,
689 1996 763 2078 quia
781 1997 808 2058 si
828 1995 978 2059 absolutio
998 1993 1115 2057 differri
1132 2002 1264 2074 nequeat
1282 1993 1348 2056 sine
1366 1991 1414 2053 in-

146 2087 304 2148 commodo
327 2087 520 2167 penitentis,
545 2087 653 2149 statim
678 2086 865 2148 concedenda
888 2091 934 2148 εει
951 2103 958 2145 :
975 2083 1128 2164 paenitens
1154 2083 1237 2145 enim
1265 2088 1340 2144 tunc
1361 2083 1414 2160 jus

145 2172 290 2236 strictum
304 2176 343 2237 ad
357 2193 424 2238 eam
439 2177 546 2239 statim
562 2175 761 2238 obtinendam
778 2175 888 2237 habere
911 2179 1061 2235 censetur.
1076 2208 1116 2216 -
1127 2171 1161 2234 S.
1180 2172 1261 2254 etp,
1280 2169 1371 2246 idid,
1388 2178 1417 2230 et

145 2262 202 2326 otu
213 2266 423 2326 conemunitcr.

185 2355 255 2414 622.
271 2390 310 2398 -
326 2355 377 2414 Ill.
392 2354 552 2416 Absolutio
565 2353 693 2416 omnino
708 2354 845 2432 neganda
858 2357 903 2414 εει
917 2353 950 2414 in
965 2351 1051 2414 omni
1063 2369 1145 2424 casu,
1162 2347 1257 2410 etiam
1269 2355 1415 2412 extremae

146 2441 346 2518 ιιεεεεειιειιε,
363 2441 587 2522 poenitentibus
605 2451 685 2503 certo
705 2440 907 2522 indispositis.
922 2439 1148 2504 Poemtentibus
1164 2455 1236 2500 vero
1249 2437 1338 2498 dubie
1352 2437 1415 2499 dis—

145 2528 252 2609 positis
267 2532 416 2594 absolutio
433 2532 573 2610 neganda
586 2536 633 2593 est
649 2537 735 2592 extra
749 2549 855 2593 casum
875 2529 977 2610 gravis
991 2527 1194 2602 necessitatis;
1211 2525 1246 2587 in
1265 2525 1415 2608 ejusmodi

145 2622 247 2681 autem
267 2620 446 2682 necessitate
469 2619 619 2682 absolutio
643 2620 700 2682 sub
722 2619 893 2682 conditione
921 2617 1076 2698 impertiri
1097 2621 1211 2696 potest,
1234 2613 1298 2677 imo
1320 2615 1414 2676 etiam

145 2706 244 2769 debet.
261 2744 301 2753 -
312 2708 347 2768 S.
363 2707 434 2788 Lip.
449 2728 481 2768 ιι.
498 2713 554 2771 ι3ι
573 2717 602 2770 et
617 2713 686 2772 t32.

268 2851 462 2925 Quaesitae.

187 2981 310 3040 633-
271 2980 425 3053 —Qurnu
443 2983 474 3040 ιο
488 2978 574 3038 An
551 2998 627 3060 saepe
641 2978 784 3060 expediat
804 2978 930 3056 differre
946 2976 1078 3038 absolut
1053 2988 1163 3038 taonem
1177 2975 1343 3058 poertiteutt'
1356 2973 1417 3053 suf-

144 3066 287 3150 ficienter
299 3066 462 3148 disposito,
473 3066 601 3128 remedii
615 3075 669 3127 out
680 3067 879 3149 experimenti
893 3066 1005 3127 causo?

187 3153 432 3237 Resp..·Solutio
445 3153 625 3235 questionis
642 3175 660 3216 a
677 3155 772 3216 variis
786 3153 1028 3217 circumstantiis
1046 3139 1173 3233 pendet3
1193 3151 1416 3215 attendendum

147 3251 252 3308 autem
266 3243 418 3324 precipue
432 3249 477 3306 εει
464 3244 529 3305 tad
544 3245 645 3323 majus
658 3243 819 3323 poenitent
811 3261 837 3305 ιε
797 3241 980 3306 t.bonum

187 3334 310 3398 Hincl⁰
328 3335 496 3414 Nunquam
515 3331 681 3394 differenda
699 3337 744 3394 est
764 3330 929 3406 absolutio,
947 3330 1069 3410 quando
1086 3331 1191 3393 dilatio
1196 3327 1308 3432 ‘magis
1328 3327 1415 3389 obfu-

147 3429 219 3486 tura
234 3422 428 3503 praevidetur.
457 3425 584 3486 Constet
604 3439 641 3482 ex
660 3419 760 3484 dictis.
781 3425 815 3482 ιε
834 3422 893 3482 Νει
911 3380 1077 3482 differenda
1096 3424 1157 3493 est,
1179 3419 1205 3482 si
1221 3437 1258 3480 ει
1272 3414 1417 3478 dilatione

146 3511 299 3592 penitens
313 3517 419 3574 notam
433 3495 840 3574 1nlam1aesub1ret3⁰ltaro
852 3507 1020 3570 differenda
1034 3507 1243 3569 estabsolutio
1255 3503 1417 3586 poenitenr

148 3599 303 3680 disposito,
320 3599 381 3662 nisi
395 3599 461 3682 ipse
475 3599 653 3662 dilationem
664 3604 711 3660 sat
724 3598 811 3660 facile
824 3601 971 3676 acceptet
988 3613 1074 3658 secus
1086 3594 1170 3657 enim
1188 3591 1366 3657 difficilius
1358 3591 1417 3670 1psi

147 3689 311 3768 prodesset.
328 3691 477 3752 Gaeterum
498 3697 579 3750 certa
595 3687 701 3770 reputo
717 3688 809 3748 statui
826 3685 948 3766 nequit;
963 3691 993 3748 et
1012 3703 1038 3746 ει
1030 3683 1177 3766 quando
1191 3681 1275 3745 dilat'
1253 3688 1296 3744 tro
1314 3680 1417 3760 aliqua

147 3777 347 3840 absolutionis
361 3778 503 3858 expedire
517 3776 651 3850 videtur,
668 3778 706 3839 ad
719 3776 811 3840 breve
826 3781 894 3839 tant
895 3791 951 3836 um
965 3778 1088 3854 tempus
1104 3773 1171 3836 fieri
1185 3771 1290 3844 debet,
1260 3776 1337 3833 tu
1354 3787 1413 3849 gr,

147 3865 186 3927 ad
197 3871 268 3939 tres,
285 3865 437 3947 quinque,
456 3873 522 3930 octo
543 3866 623 3942 dies,
641 3873 698 3930 etc.
722 3865 881 3928 Interdum
902 3862 957 3925 ubi
977 3862 1063 3926 facile
1077 3862 1143 3925 fieri
1161 3865 1274 3942 potest,
1288 3859 1414 3921 absolu-

148 3951 263 4018 tionem
277 3954 371 4017 etiam
387 3956 426 4016 ad
438 3973 538 4017 unum
552 3954 645 4030 diem,
659 3955 707 4018 vel
721 3955 761 4017 ad
774 3971 889 4035 paucas
898 3952 989 4015 boras
1005 3950 1126 4015 differre
1139 3950 1215 4014 utile
1229 3947 1297 4012 erit.

187 4045 257 4106 624.
272 4078 312 4088 -
326 4045 426 4117 Quina.
443 4047 476 4105 2⁰
490 4043 542 4104 An
558 4047 737 4125 requiratur
753 4041 900 4104 certitudo
918 4041 954 4103 de
974 4041 1171 4122 dispositione
1178 4037 1368 4120 poenitentis,
1384 4046 1414 4097 ut

146 4130 266 4194 absolui
277 4131 397 4213 poscit?

186 4219 279 4300 Respo.
293 4225 344 4280 1⁰:
361 4223 426 4282 Non
441 4219 611 4300 requiritur
620 4221 769 4283 certitudo
784 4219 936 4295 absoluto,
956 4234 1011 4280 nec
1024 4217 1118 4280 etiam
1128 4216 1275 4280 certitudo
1289 4214 1414 4278 moralis

144 4309 264 4380 stricta,
279 4307 378 4387 qualis
392 4307 561 4387 requiritur
578 4307 612 4370 in
631 4308 699 4371 aliis
717 4307 936 4382 sacramentis,
953 4327 983 4370 ι.
1000 4325 1058 4386 ιιι,
1072 4306 1150 4368 circa
1163 4306 1274 4370 vinum
1288 4305 1326 4367 ad
1342 4320 1413 4365 con-

145 4395 345 4460 secrationem
366 4395 575 4458 Eucharistiae.
601 4395 689 4461 Ratio
711 4402 772 4472 est,
793 4395 867 4478 quia
886 4397 1117 4459 Sacramentum
1141 4393 1332 4458 Poenitentiae
1352 4390 1414 4453 fere

145 4485 259 4549 certius
273 4484 421 4566 ejusmodi
432 4483 585 4566 judicium
597 4503 660 4548 non
674 4485 823 4548 admittit.
924 4525 930 4544 .

186 4573 280 4657 Resp.
304 4577 358 4637 2⁰:
376 4572 555 4657 Requiritur
577 4581 608 4638 et
626 4572 737 4638 sufficit
752 4573 904 4654 judicium
927 4575 1075 4656 prudeus,
1101 4591 1155 4637 seu
1177 4571 1327 4636 certitudo
1345 4585 1413 4630 mo·
