3198 5036
609 231 652 274 ns
672 227 919 273 EUCHARISTIA

640 405 855 469 ARTIGULUS
874 406 887 464 l

549 553 588 596 na
608 549 743 596 uernam
767 549 973 594 nucumrsrns

523 711 607 778 1.-
625 711 676 779 De
693 710 844 777 materie
862 717 1008 776 remoto.

250 871 473 951 Prlnolpla.

167 1021 237 1080 2¹16.
252 1053 291 1062 —
305 1019 328 1079 l.
342 1016 439 1078 Panis
451 1026 481 1078 et
494 1017 599 1079 vinnm
615 1023 690 1079 sunt
708 1015 835 1079 materia
853 1016 1040 1078 sacramenti
1054 1008 1253 1079 Eucharistiae
1266 1021 1393 1077 remota.

123 1109 252 1170 constat
267 1112 299 1169 1⁰
312 1124 350 1168 ex
367 1105 565 1168 institutione
580 1105 647 1186 ipsa
662 1104 756 1186 huJ'us
770 1104 971 1181 Sacramenti3
987 1104 1129 1168 Christus
1142 1104 1226 1170 enim
1239 1104 1274 1166 in
1285 1103 1396 1166 ultima

123 1213 213 1258 coena
230 1193 342 1275 aceepit
360 1213 471 1276 panem
492 1201 522 1258 et
541 1194 666 1269 vinum,
683 1200 714 1256 et
727 1212 762 1256 ea
776 1193 960 1257 consecravit
978 1193 1013 1256 in
1030 1195 1144 1274 Corpus
1163 1197 1193 1256 et
1210 1191 1397 1273 Sanguinem

123 1300 235 1360 suum;
252 1287 285 1346 2⁰
300 1301 337 1346 ex
352 1282 528 1346 delinitione
544 1282 683 1347 Ecclesiae
696 1282 730 1345 in
751 1281 843 1344 Cone.
859 1282 1065 1359 Lateraoensi,
1088 1302 1151 1363 cap.
1175 1283 1343 1356 Firmium
1361 1283 1396 1341 in

124 1371 216 1436 Cone.
235 1372 375 1434 Floreat.
391 1371 426 1434 in
439 1374 557 1435 decreto
571 1372 710 1446 unionis;
727 1381 756 1432 et
773 1376 807 1430 in
828 1371 927 1451 Prin,
942 1391 1010 1434 sess.
1030 1375 1111 1446 Xlll,
1129 1371 1164 1434 in
1177 1370 1322 1434 omnibus
1335 1368 1396 1432 lere

122 1459 287 1541 capitibus.
310 1496 351 1507 -
374 1461 494 1524 Accedit
512 1461 561 1523 his
580 1461 725 1525 omnihus
745 1460 904 1523 unanimis
927 1461 1054 1523 traditio
1076 1460 1238 1542 utriusque
1259 1458 1396 1522 Ecclesia

121 1549 240 1612 Latina
251 1555 282 1611 et
293 1554 412 1614 Graeoae.

164 1639 203 1698 ll.
219 1637 306 1699 Solus
320 1637 409 1716 panis
424 1640 561 1699 triticeae
574 1643 606 1700 et
619 1639 720 1700 solum
740 1637 851 1699 vinum
870 1637 905 1698 de
925 1641 986 1699 uite
1000 1643 1074 1699 sunt
1088 1637 1216 1699 materia
1230 1638 1330 1699 valida
1343 1639 1396 1698 Sa-

120 1723 276 1787 cramenti
289 1725 499 1792 Eucharistiae.
516 1731 642 1789 Constat
662 1745 699 1788 ex
721 1725 814 1786 Cone.
832 1724 967 1786 Floreat.
987 1725 1021 1786 in
1039 1726 1158 1787 decreto
1177 1725 1394 1804 supracitato,

119 1811 180 1874 nbi
193 1810 306 1872 dicitnr
322 1831 329 1872 ε
348 1812 480 1874 Tertium
493 1823 535 1875 est
545 1814 753 1876 Eucharistiae
763 1813 1004 1889 Sacramentum,
1016 1814 1102 1894 eujus
1116 1813 1244 1874 materia
1257 1821 1299 1873 est
1309 1829 1395 1874 rarat

120 1915 281 1962 ramanus
300 1905 331 1961 et
348 1919 446 1964 vanua
462 1921 500 1964 nn
522 1919 604 1964 vrrs.
627 1902 793 1964 concordat
815 1901 908 1963 etiam
928 1908 1073 1981 perpetua
1096 1899 1222 1963 traditio
1244 1906 1276 1962 et
1295 1899 1397 1980 praxis

119 1987 289 2067 utriusque
304 1989 442 2052 Ecclesiae
454 1990 569 2053 Latina
580 1995 611 2051 et
622 1994 741 2053 Graecae.

162 2079 235 2138 ΞΠ.
257 2111 297 2122 -
320 2079 371 2139 lll.
394 2081 483 2159 Aqua
502 2077 711 2140 modicissima
733 2079 805 2140 vino
830 2078 1038 2158 permiscenda
1057 2085 1120 2151 est,
1141 2084 1233 2158 atque
1256 2078 1312 2140 hoc
1334 2095 1396 2140 non

120 2163 301 2227 necessitate
313 2167 582 2242 Sacramenti,sed
596 2167 738 2246 praecepti
752 2167 956 2230 ecclesiastici.
1299 2183 1313 2208 ·

161 2250 253 2317 Ratio
272 2254 311 2315 1²¹
328 2255 490 2318 deducitur
508 2261 541 2317 l⁰
559 2253 597 2318 e'x
616 2262 760 2335 perpetua
780 2256 918 2318 Ecclesia
936 2257 1022 2338 praxi
1040 2261 1071 2319 et
1089 2254 1255 2318 universali
1271 2260 1396 2319 Petrum

119 2339 302 2416 traditione3
316 2346 349 2405 2⁰
367 2361 405 2405 ex
426 2343 630 2406 Declaratione
643 2343 863 2418 conciliorum,
880 2351 911 2407 et
924 2345 1094 2425 prasertim
1112 2343 1297 2422 Formam,
1314 2346 1396 2425 quod

121 2429 253 2494 declarat
267 2432 428 2494 materiam
449 2431 550 2496 caliois
568 2451 628 2494 esse
642 2435 745 2494 vinam
760 2433 796 2494 de
814 2435 888 2511 vite,
904 2435 955 2495 oui
967 2434 1262 2516 modicissimoque
1277 2433 1399 2495 misceri

120 2518 226 2601 deden
239 2526 271 2582 et
282 2519 372 2582 Cone.
387 2521 484 2599 Μ,
500 2541 570 2582 sess.
587 2523 683 2595 XXII,
700 2541 725 2582 c.
740 2541 797 2584 ru.

161 2611 251 2674 Ratio
264 2611 309 2671 [1⁶¹
319 2609 479 2672 deducitur
486 2629 526 2672 ex
535 2628 569 2674 eo
581 2611 663 2691 quod
674 2610 829 2686 Christus,
844 2610 878 2674 in
888 2611 1082 2676 institutione
1088 2614 1182 2694 hujus
1194 2611 1392 2686 sacramenti,

121 2697 223 2760 solum
233 2699 343 2762 vinum
350 2698 571 2778 designaverit,
581 2705 612 2762 et
622 2699 769 2773 concilia,
781 2699 874 2781 hujus
881 2700 1237 2764 mixtionismentionem
1246 2700 1392 2773 iaciendo,

120 2785 160 2848 de
174 2787 235 2848 solo
249 2792 395 2867 praecepto
405 2787 582 2868 loquantur,
594 2786 642 2849 uti
654 2786 792 2849 Trident.
806 2788 868 2852 loco
877 2789 982 2863 citato;
996 2789 1110 2852 accedit
1119 2787 1256 2852 doctrina
1269 2787 1392 2849 Ceteri.

119 2875 258 2953 ejusdem
275 2873 422 2949 Concilii,
443 2875 511 2956 qui,
533 2883 697 2956 postquam
718 2876 822 2938 docuit
842 2877 922 2940 hanc
942 2877 1126 2940 mixtionem
1144 2895 1206 2939 non
1223 2894 1310 2956 posse
1327 2875 1394 2938 sine

118 2969 241 3043 peccato
255 2964 376 3026 mortali
391 2964 600 3044 praetermitti,
622 2965 708 3028 addit
729 2985 735 3026 :
753 2965 805 3026 Εα
824 2965 936 3047 (aqua)
952 2965 1196 3042 trimenstrem,
1216 2965 1394 3028 Sacramen-

119 3061 183 3114 tum
196 3063 331 3115 constare
342 3061 450 3134 potest.

241 3206 436 3282 Quaesita.

158 3354 228 3414 278.
244 3387 283 3396 -
297 3355 399 3428 Quas.
417 3357 450 3413 l⁰
464 3349 514 3412 An
531 3349 572 3412 eit
590 3353 719 3411 materia
738 3349 841 3412 valido
859 3353 948 3434 poni's
967 3372 1004 3415 ex
1021 3353 1136 3434 eilipine
1154 3371 1203 3413 seu
1220 3350 1310 3412 aerati
1324 3369 1391 3411 oon·

115 3439 240 3519 fectus?

158 3527 246 3610 Hesp.
268 3549 281 3589 .·
297 3527 550 3590 Coneooerttenr.
575 3527 636 3590 Alii
657 3527 832 3608 affirmant,
850 3528 923 3608 quia
937 3528 1038 3608 siligo,
1060 3529 1162 3602 aiunt,
1186 3527 1388 3590 videturesse

115 3634 154 3678 ex
166 3617 271 3678 eadem
285 3617 381 3697 specie
393 3635 427 3679 ac
441 3616 598 3691 triticum,
612 3613 682 3678 licet
696 3615 737 3678 sit
752 3615 878 3684 diversae
892 3616 1060 3695 qualitatis.
1077 3652 1117 3661 —
1130 3614 1190 3677 Alii
1206 3633 1275 3676 vero
1290 3615 1387 3678 multe

116 3709 313 3783 communias,
335 3713 365 3768 et
380 3705 568 3788 probabilius
581 3715 711 3786 repon&
726 3704 800 3788 quia
813 3704 902 3784 panis
916 3703 1047 3784 siliginis
1061 3711 1107 3767 est
1121 3702 1230 3784 speciei
1243 3701 1384 3778 diversa,

116 3811 171 3856 nec
187 3813 205 3855 a
219 3794 371 3857 divitibus
385 3794 523 3857 adhiberi
537 3793 741 3857 communiter
755 3795 838 3857 solet.
854 3795 888 3855 ln
904 3793 991 3875 praxi
1005 3793 1100 3874 igitur
1110 3793 1175 3856 haec
1187 3790 1315 3854 materia
1328 3792 1385 3854 sub

115 3881 200 3960 gravi
212 3882 400 3962 pmhibetur.
417 3919 456 3930 -
475 3882 545 3946 Vide
558 3881 592 3945 S.
609 3883 693 3965 atq„
709 3903 739 3946 n.
755 3888 824 3948 200.

154 3973 256 4046 Qun.
269 3975 302 4034 2⁰
311 3975 363 4034 An
378 3975 418 4032 sit
431 3973 559 4034 materia
573 3972 678 4034 calido
689 3975 779 4053 panis
793 3993 831 4034 eo
848 3973 934 4053 farre
948 3995 999 4036 eeu
1013 3974 1110 4057 spelte
1119 3973 1258 4053 effectus?

154 4059 243 4142 Κεφ.
261 4079 273 4120 .·
287 4059 404 4123 Pariter
418 4065 653 4123 controvertitur
662 4079 696 4123 ac
709 4063 746 4123 de
760 4061 890 4141 siligine.
907 4065 992 4127 Unde
1006 4062 1057 4126 illa
1071 4079 1191 4144 quoqne
1204 4059 1332 4123 materia
1348 4066 1385 4122 ut

113 4147 225 4222 darbia,
246 4153 276 4212 et
295 4149 421 4228 proinde
439 4155 477 4212 ut
490 4149 623 4230 graviter
636 4149 742 4212 illicita
759 4150 964 4214 habendaest.
976 4151 1061 4212 —S.
1076 4151 1158 4232 ἰόφ,
1177 4149 1266 4228 ibid„
1284 4149 1384 4212 etalii

112 4241 321 4300 munitor.
337 4241 536 4301 -Attamen
556 4237 862 4301 animadvertendum
878 4245 939 4312 est,
960 4238 1026 4302 dari
1044 4240 1079 4301 in
1098 4238 1191 4302 variis
1208 4237 1382 4318 regionibus

111 4323 249 4388 &uersas
263 4326 327 4388 veri
340 4326 488 4389 frumenti
504 4327 630 4407 species,
646 4345 715 4408 que
727 4327 784 4390 sub
798 4319 1037 4410 nomine‘epette
1047 4328 1188 4392 veniunt.
1200 4327 1285 4390 Unde
1299 4326 1382 4389 vide-

113 4417 165 4475 tur
177 4432 243 4476 esse
256 4416 476 4478 attendendum
486 4417 525 4478 ad
537 4425 731 4479 mmmuuenr
746 4415 908 4479 hominum
924 4415 1169 4481 estimationem.
1180 4414 1270 4477 -ct
1282 4414 1383 4476 Reoue

113 4500 316 4586 theolppiquc,
335 4507 423 4577 1857,
436 4523 471 4586 p.
490 4509 559 4568 122.
