3206 5042
645 301 689 345 ns
709 297 880 343 censoris
1330 293 1398 355 113

118 413 320 476 orationeset
336 431 426 493 opera
442 431 510 492 quae
527 413 608 474 fiunt
622 410 661 472 ab
675 408 813 471 Ecclesiae
831 406 981 470 ministris
998 414 1091 487 prout
1106 411 1180 474 tales
1198 422 1286 490 sunt,
1303 425 1400 482 11ῃο-

118 501 210 565 mine
226 501 329 582 ipsius
344 499 481 564 1111111111
495 507 641 580 aguntur.
659 500 707 561 nd
720 498 785 559 brec
795 495 889 558 etiam
904 496 1040 558 revocari
1054 498 1166 561 debent
1180 504 1400 570 satisfactiones

117 591 258 664 Christi,
277 593 309 651 B.
327 589 466 669 Virginis
484 597 515 652 11
534 591 731 660 Sanctorum,
750 603 818 665 que
833 585 1013 647 thesaurum
1032 588 1171 651 Ecclesiae
1187 593 1395 671 constituunt,

117 685 151 740 et
164 697 183 739 a
199 679 341 741 Praelatis
356 679 495 741 ardenta
510 697 566 758 per
578 675 787 756 indulgentias
802 673 1003 753 applicantur.

161 767 320 846 Suffragia
331 768 457 848 privato
470 786 505 829 es
519 773 609 840 sunt,
626 784 694 846 quat
708 763 893 844 proveniunt
905 781 943 824 ex
956 763 1046 825 bonis
1058 766 1200 843 operibus
1215 789 1284 849 qna
1298 771 1401 835 fidelos

117 855 245 936 proprio
262 855 387 918 nomine
400 861 560 935 peragunt.
573 855 659 917 Talia
673 858 746 916 sunt
755 852 888 932 jejunia,
902 851 1069 928 crationes,
1084 855 1206 936 aliaque
1218 857 1297 921 bona
1310 879 1399 940 opera

120 962 192 1023 qua
207 963 228 1006 a
245 944 378 1024 privatis
390 943 545 1019 fidelibus,
562 944 610 1006 vel
625 942 763 1005 Ecclesia
779 939 929 1005 Ministris
943 959 998 1002 ceu
1013 943 1149 1020 personis
1165 945 1292 1025 privatis
1306 949 1396 1011 finnt

250 1075 360 1136 Hinc
381 1074 578 1136 resolves·

162 1207 239 1265 961.
254 1237 296 1246 -
307 1208 339 1264 1ο
354 1201 621 1264 Excommunicati
637 1199 757 1261 vitandi
769 1197 932 1279 privantur
945 1199 1090 1261 omnibus
1102 1201 1255 1282 suffragiis
1265 1221 1401 1268 commu-

120 1289 221 1350 nibus
238 1290 386 1352 Ecclesiae.
405 1293 506 1364 Patet,
527 1289 600 1369 quia
615 1287 746 1350 Ecclesia
756 1290 826 1368 Jure
841 1305 896 1348 suo
910 1287 1064 1365 prohibet,
1082 1307 1121 1350 ne
1139 1308 1193 1368 pro
1207 1290 1268 1352 illis
1286 1296 1397 1367 oretur,

120 1379 172 1440 vel
187 1378 255 1439 ulla
269 1397 337 1458 pars
352 1379 503 1442 bonorum
518 1395 645 1440 suorum
660 1379 698 1439 ad
711 1395 760 1438 eos
770 1376 922 1438 deveniat.
937 1378 976 1436 Et
989 1375 1044 1437 hoc
1057 1377 1151 1451 valet,
1166 1379 1288 1441 etiamsi
1301 1388 1402 1444 essent

120 1466 255 1528 contriti
268 1473 300 1528 et
313 1466 350 1528 ad
365 1467 521 1529 meliorem
541 1466 638 1528 vitam
658 1464 811 1540 conversi,
834 1463 907 1544 quia
926 1463 1025 1526 adbuc
1043 1469 1319 1532 excommunicatio
1333 1487 1402 1548 per-

120 1555 229 1616 durat.
247 1554 336 1616 —S.
356 1555 425 1634 Lip.
443 1577 473 1615 η.
492 1560 561 1618 163.

162 1646 199 1705 2⁰
214 1647 319 1723 Neque
332 1644 463 1715 tolerati,
476 1663 574 1724 neque
586 1643 680 1705 etiam
691 1641 811 1704 attondi
817 1642 982 1721 privantur
993 1643 1147 1721 suffragiis
1162 1645 1301 1724 privatis.
1316 1647 1403 1710 Ratio

123 1737 188 1806 est,
206 1732 280 1811 quia
292 1751 353 1792 non
365 1733 511 1810 prohihen
517 1738 568 1793 tur
578 1732 681 1792 fideles
690 1749 775 1791 orare
788 1729 933 1808 privatim
945 1748 1001 1807 pro
1012 1733 1298 1806 excommunicatis,
1310 1735 1403 1794 etiam

124 1821 160 1880 in
184 1819 325 1892 ecclesia,
347 1827 377 1879 et
396 1820 460 1880 loco
477 1819 613 1897 publico;
635 1835 704 1895 ergo
722 1817 873 1878 bonorrun
893 1833 1019 1894 eperum
1038 1815 1174 1879 fructum
1192 1819 1235 1880 eis
1256 1821 1404 1900 applicare

123 1913 272 1986 possunt.
285 1942 327 1952 —
340 1905 374 1968 S.
389 1907 460 1987 Lip.
477 1927 509 1968 rr.
527 1911 595 1968 161.

169 2001 204 2062 3⁰
220 1994 484 2058 Excommunicati
506 1995 630 2056 tolerati
641 2011 702 2054 non
721 1993 884 2073 privantur
903 1992 1056 2073 suffragiis
1073 1995 1299 2058 communibus.
1316 1998 1404 2062 Ratio

125 2090 191 2158 est,
210 2085 284 2165 quia
299 2083 429 2146 Ecclesia
448 2103 510 2146 non
530 2083 671 2165 probibet
688 2081 821 2161 amplius
838 2081 977 2144 fidelibus
996 2084 1221 2147 communicare
1241 2104 1311 2148 cnm
1331 2087 1405 2149 tole·

122 2173 223 2247 111111,
240 2177 276 2235 ut
289 2173 452 2236 deducitur
466 2192 502 2234 ea·
516 2173 603 2234 dictis
617 2191 777 2254 111111.-
790 2170 827 2232 S.
845 2171 916 2250 Lr'9.
933 2192 963 2232 rr.
982 2175 1050 2234 161.

405 2328 679 2386 [V.—rn1vnrro
702 2341 878 2386 smunrunn
900 2342 1131 2388 ncctasrxsrrcs

168 2468 242 2527 965,
257 2500 295 2509 -
310 2463 473 2543 Sepultura
485 2462 685 2525 ecclesiastica
698 2479 733 2523 ea
747 2465 807 2534 est,
823 2479 891 2541 quae
904 2463 939 2523 lit
951 2463 984 2524 in
998 2463 1061 2524 loco
1074 2481 1171 2537 sacro,
1188 2483 1242 2526 seu
1256 2466 1293 2526 ad
1309 2465 1405 2545 sepul-

127 2560 235 2615 turam
250 2553 386 2614 fidelium
402 2552 571 2615 benedicto,
588 2551 687 2614 Hinc:

171 2648 205 2705 1ο
220 2640 509 2704 Excommnnicatus
526 2643 668 2703 erlandus
684 2641 838 2721 nequitia
850 2641 913 2702 loco
925 2659 1008 2702 sacro
1021 2640 1154 2719 sepeliri3
1172 2642 1197 2702 si
1213 2641 1331 2704 veroin
1350 2643 1403 2705 tali

126 2733 194 2793 loco
210 2732 347 2806 sepultus
359 2728 466 2800 suerit,
481 2733 546 2806 ejus
561 2731 687 2789 cadaver
703 2729 771 2788 erni
784 2729 890 2799 debet,
905 2729 931 2787 si
944 2729 1043 2787 adhuc
1061 2728 1126 2786 fieri
1143 2729 1254 2805 possit,
1273 2735 1304 2788 et
1321 2731 1403 2792 locus

130 2835 218 2878 sacer
233 2815 286 2874 tali
299 2819 439 2873 contactu
452 2815 589 2891 pollutus
602 2815 772 2890 expiandus
786 2820 842 2873 est.
860 2813 971 2890 Excipe
985 2812 1047 2873 nisi
1061 2816 1130 2872 ante
1144 2821 1275 2874 mortem
1287 2815 1402 2877 dederit

132 2903 224 2981 signa
243 2899 450 2980 punitentia:
466 2904 542 2960 tunc
562 2899 645 2959 enim
663 2899 770 2960 donari
786 2899 897 2977 poterit
911 2898 1108 2962 ecclesiastica
1124 2902 1294 2981 sepultura,
1313 2905 1402 2966 modo

130 2990 220 3072 prius
233 2989 271 3050 ab
286 2985 600 3050 excommunicatione
613 2986 798 3048 absolvatur.
814 3021 854 3033 -
868 2985 902 3048 S.
919 2989 989 3070 Ltp.
1005 3011 1035 3050 n.
1054 2993 1122 3053 l86.

173 3085 208 3140 2⁰
232 3075 523 3140 Excommnnicatus
549 3075 695 3136 toleratas
716 3075 830 3155 pariter
856 3078 1012 3156 sepultura
1032 3080 1228 3142 ecclesiastica
1250 3080 1400 3161 privatur,

131 3167 194 3231 nisi
213 3167 236 3229 si
241 3185 299 3245 gna
318 3163 509 3246 poenitentia
523 3163 654 3238 dederit3
669 3169 699 3224 et
717 3163 743 3225 si
761 3164 795 3225 in
811 3164 873 3227 loco
889 3183 971 3226 sacro
986 3165 1077 3226 luerit
1093 3169 1244 3246 sepultus,
1262 3169 1333 3231 inde
1351 3187 1402 3230 ex-

130 3256 302 3319 trahendus
317 3259 373 3315 est.
391 3255 537 3314 Attamen
547 3253 630 3314 locus
640 3269 702 3312 non
713 3259 853 3316 censetur
865 3254 1015 3333 pollutae,
1028 3271 1083 3314 nec
1096 3253 1221 3332 proinde
1233 3256 1403 3334 expiatione

130 3343 261 3425 indiget.

174 3439 207 3497 3⁰
223 3434 400 3499 blandantes
412 3437 515 3493 autem
534 3449 587 3493 seu
603 3433 739 3510 cogentes
755 3431 835 3492 tradi
850 3431 1058 3493 ecclesiasticae
1070 3432 1235 3512 sepulture
1247 3433 1404 3495 baereticos

131 3523 268 3584 notorios
289 3527 343 3582 aut
362 3519 548 3581 nominatim
576 3518 856 3581 excommunicatos
879 3520 927 3581 vel
945 3519 1140 3593 interdictos,
1161 3520 1405 3584 excommunica-

129 3609 211 3669 tioni
226 3607 344 3672 nemini
359 3615 519 3672 reservata
534 3607 751 3690 subjiciuntur.
768 3643 808 3653 -
823 3608 879 3669 Sic
894 3628 931 3668 ea
954 3607 1049 3668 Bulla
1063 3608 1242 3688 Apostolicae
1258 3609 1354 3673 Sedis.
1367 3645 1406 3655 -

133 3696 171 3757 S.
187 3696 270 3776 Lep„
283 3697 357 3760 ibid.

395 3791 643 3848 V.-rn1vxrro
664 3804 895 3848 rnnrsmcrroms
915 3802 1147 3849 neccssrlsncrs

174 3925 246 3985 966,
262 3958 300 3967 -
320 3929 351 3985 1ο
370 3925 661 3987 Excommunicatus
685 3923 825 3984 citandus
845 3923 931 3986 omni
951 3922 1164 4005 jurisdictione
1188 3921 1405 3998 ecclesiastica,

133 4029 188 4072 seu
200 4010 302 4090 potius
317 4013 452 4092 ejusdem
467 4013 610 4075 exercitio
623 4019 653 4074 11
667 4031 728 4074 usu
741 4013 893 4091 privatur.
910 4014 997 4074 Unde
1016 4031 1078 4073 non
1094 4017 1194 4091 potest
1208 4011 1361 4074 absolvere
1374 4011 1409 4073 in

134 4099 200 4162 loro
218 4100 423 4180 poerritentiae,
438 4120 493 4164 nec
514 4103 593 4181 leges
612 4105 666 4164 aut
685 4119 843 4175 censuras,
858 4108 914 4163 aut
932 4100 1099 4164 sententias
1117 4099 1209 4174 lerre,
1227 4117 1280 4162 nec
1300 4100 1409 4179 eligere

134 4189 173 4249 ad
187 4188 332 4274 beneficia
354 4195 409 4251 aut
429 4207 467 4269 ea
482 4191 632 4264 conferre,
654 4196 712 4252 etc.
728 4189 762 4252 si
784 4197 887 4253 autem
910 4189 984 4252 talia
1007 4194 1122 4269 ageret,
1139 4189 1225 4252 nulla
1241 4207 1364 4269 prorsus
1380 4189 1411 4249 11

135 4275 225 4340 irrita
239 4278 347 4339 forent.
365 4315 404 4322 —
418 4278 453 4340 S.
466 4279 535 4360 Lr‘p.
552 4299 582 4338 n.
598 4283 668 4342 185.

176 4370 208 4428 2⁰
223 4367 515 4429 Excommunicatus
528 4368 689 4447 toleratus,
707 4368 766 4430 etsi
783 4373 934 4442 notorius,
951 4367 1049 4430 valide
1063 4365 1308 4448 jurisdictionem
1326 4381 1410 4426 exer·

134 4461 196 4530 cet,
213 4456 287 4535 quia
299 4456 374 4518 alias
386 4457 645 4536 magnaconlusio
657 4457 690 4520 in
704 4457 835 4522 Ecclesia
853 4455 995 4519 oriretur.
1012 4457 1159 4537 Ejusdem
1170 4460 1350 4516 tamenacta
1359 4471 1410 4532 per

135 4545 344 4626 exceptionem
359 4565 412 4609 seu
427 4546 650 4627 oppositionem
663 4545 991 4611 excommunicationis
1004 4545 1155 4608 infirmari
1168 4563 1204 4607 ac
1220 4542 1324 4624 repelli
1337 4559 1411 4622 pos-
