3206 5042
635 257 678 302 na
699 256 930 304 narranaam
1354 245 1424 304 395

127 366 271 428 monium
282 387 302 430 a
312 375 339 428 te
353 373 537 428 contractum
550 385 617 428 cum
626 366 658 428 Ν
662 413 680 436 .,
694 365 729 426 in
743 367 845 429 radice
859 368 926 447 ejus
939 377 1049 429 sonoet
1059 367 1230 442 consolido,
1243 369 1422 450 prolemque

126 466 306 538 susceptam
325 464 353 517 et
373 455 595 536 suscipiendam
616 455 781 536 lopitimom
801 455 939 532 dectrro,
956 459 989 516 in
1008 457 1130 518 nomine
1147 457 1266 536 Patris,
1283 468 1313 518 et
1327 458 1419 532 Filii,

126 553 157 606 et
169 544 315 627 Spiritus
327 545 435 608 sorceti.
452 545 510 608 Sed
524 544 610 606 nulla
621 543 755 606 formula
768 543 802 606 in
815 545 879 606 Itit.
896 545 985 606 Rom.
1002 545 1144 608 habetur.

622 755 800 832 CAPUT
824 756 931 832 VIII

534 926 586 978 na
612 927 765 977 namra
792 926 1023 977 consanam

172 1085 251 1148 906.
269 1082 405 1144 -Audi
419 1079 454 1142 S.
468 1079 630 1162 Liqorinm
645 1080 846 1160 quaestionem
859 1079 939 1142 hano
953 1079 1194 1160 aggredientem,
1210 1080 1246 1142 de
1260 1080 1420 1143 Matrimo-

128 1173 202 1250 nio,
218 1193 252 1232 n.
272 1175 351 1234 900:
368 1169 458 1250 Pipet
472 1188 517 1230 mc
532 1168 568 1230 dc
581 1167 638 1230 lucc
652 1169 796 1247 materia,
814 1187 882 1250 ques
897 1177 1012 1229 tantam
1029 1187 1095 1249 pror
1113 1187 1143 1230 se
1161 1169 1225 1249 fert
1236 1169 1422 1248 feditatem,

128 1271 163 1320 ut
181 1269 288 1322 costos
299 1267 409 1320 mentes
420 1258 484 1339 ipso
495 1257 558 1318 solo
571 1261 692 1319 noniine
699 1259 853 1339 perturbet
860 1305 869 1335 ,
883 1257 1047 1338 ionyiorem
1058 1257 1166 1320 natue
1175 1277 1346 1319 sermonem.
1361 1257 1427 1319 Sed

129 1349 256 1411 utinam
273 1367 334 1410 non
349 1355 420 1408 esset
435 1346 499 1410 koec
513 1347 642 1408 matario
657 1347 801 1428 frequens
816 1351 848 1406 in
858 1346 1094 1427 confessionibus
1104 1347 1302 1428 excipiendis,
1316 1357 1348 1406 ut
1360 1367 1419 1406 non

129 1447 293 1518 oporteret
306 1437 445 1509 omnine,
460 1434 685 1516 Confessariam
696 1435 792 1517 pleno
809 1435 1003 1514 tractatione,
1018 1434 1070 1495 sed
1079 1435 1233 1516 sufficeret
1245 1435 1423 1516 compendio

129 1525 321 1586 iustrurtnm
343 1531 422 1586 esset
441 1523 582 1604 Ipuoscot
597 1524 675 1585 milei
695 1534 861 1606 propterea
881 1534 979 1586 costus
1001 1523 1103 1594 lector,
1126 1524 1156 1584 si
1169 1525 1237 1604 fuse
1257 1523 1292 1586 dc
1315 1541 1349 1584 eo
1373 1523 1424 1584 iic

128 1614 258 1694 loquor,
280 1624 308 1674 ct
328 1611 369 1674 ad
387 1631 476 1674 casus
493 1613 712 1695 particulares,
733 1615 787 1694 qui
801 1613 1015 1694 deformiorem
1030 1612 1172 1674 exhibent
1187 1611 1419 1694 turpitudinem,

129 1702 354 1764 descendam...

173 1791 343 1870 conjugale
358 1789 490 1852 debitum
505 1789 619 1852 dicitur
630 1789 805 1850 communis
819 1806 854 1848 aa
867 1791 1032 1868 conjugum
1047 1787 1140 1861 actio,
1153 1805 1221 1866 qua
1234 1786 1422 1865 generationi

129 1878 310 1939 necessaria
331 1882 391 1951 est,
411 1894 540 1956 quaeque
561 1895 579 1938 a
598 1879 725 1938 Summo
744 1893 850 1938 rerum
871 1875 1013 1938 omnium
1028 1874 1184 1936 Provisore
1197 1876 1236 1936 ad
1250 1875 1421 1936 humanam

130 1966 317 2028 societatem
336 1965 563 2045 propagandam
578 1969 624 2025 est
638 1963 787 2025 ordinata.
808 1967 877 2026 Haec
897 1967 1000 2024 antem
1017 1963 1093 2025 acti0
1113 1962 1171 2024 sita
1190 1969 1236 2024 est
1254 1963 1288 2024 in
1308 1962 1420 2024 carnali

131 2054 246 2134 copula
260 2101 266 2128 ,
284 2072 344 2133 qua
358 2052 405 2116 vir
419 2071 453 2115 ac
463 2051 578 2115 semina
590 2069 691 2114 anum
703 2052 792 2132 quasi
807 2069 915 2132 corpus
930 2058 961 2114 et
974 2070 1037 2114 una
1051 2069 1118 2114 caro
1134 2051 1319 2114 efficiuntur.

175 2141 342 2221 Ejusmodi
353 2148 439 2204 aetus
450 2147 578 2204 sonatur
589 2139 723 2202 debitum
734 2139 772 2203 ab
784 2140 943 2220 Apostolo;
956 2146 1002 2202 est
1011 2139 1096 2202 anim
1108 2139 1140 2202 id
1150 2139 1231 2220 qnod
1242 2139 1301 2202 sibi
1311 2145 1423 2200 mutuo

132 2231 253 2292 debent
267 2233 420 2310 conjuges.

175 2318 336 2399 Aquarium
352 2325 384 2379 10
399 2319 436 2380 dc
450 2317 578 2381 liceitaie
588 2323 674 2381 actus
692 2317 872 2399 conjugalis3
885 2354 925 2364 —
937 2322 970 2380 10
979 2318 1015 2381 de
1027 2317 1164 2400 ejusdem
1179 2316 1373 2397 obligatione
1383 2352 1421 2360 —

132 2412 166 2470 3⁰
183 2408 223 2469 de
235 2406 366 2486 peccatis
381 2409 558 2488 conjugum.
1089 2421 1092 2428 ’

656 2553 872 2616 ARTIGULUS
893 2552 906 2611 I

199 2708 239 2754 nn
260 2707 417 2752 mamam
436 2706 532 2752 acras
554 2707 731 2754 consaonms
753 2695 785 2752 10
807 2708 839 2751 1n
861 2707 911 2762 ss,
934 2692 968 2749 2⁰
986 2704 1083 2758 orofra
1104 2705 1360 2750 arnonnsranrms

333 2848 393 2932 31.
414 2849 461 2914 Dc
482 2849 625 2916 liceitotc
644 2857 740 2916 octus
754 2847 950 2936 conjupotis
968 2849 1006 2917 in
1022 2869 1055 2915 se
1073 2848 1224 2936 spectati.

263 3006 487 3087 Principia.

180 3157 306 3216 901-
322 3156 345 3213 l.
360 3153 456 3214 Actus
471 3151 637 3230 conjugalis
652 3152 732 3214 inter
747 3152 900 3231 legitimos
912 3155 1054 3232 conjuges
1070 3171 1124 3231 par
1140 3171 1171 3214 se
1185 3153 1325 3214 honestus
1338 3163 1378 3212 est
1393 3157 1423 3215 et

140 3244 246 3304 licitus
261 3263 273 3304 .·
288 3245 334 3304 est
348 3241 431 3303 enim
447 3239 586 3302 medinm
600 3239 637 3301 ab
652 3240 716 3320 ipso
730 3247 849 3304 natura
862 3240 1022 3303 Conditore
1035 3247 1190 3303 statutum
1202 3247 1293 3322 atque
1303 3241 1422 3303 ordina-

139 3339 211 3394 tum
226 3333 263 3393 ad
278 3330 447 3410 logitinram
461 3328 591 3392 hamam
606 3329 726 3409 generis
739 3329 996 3410 propagationem.

182 3423 219 3482 11.
237 3421 343 3496 Fiam,
362 3419 416 3500 qni
435 3426 539 3480 actam
560 3418 739 3500 hujusmodi
755 3419 920 3481 honestum
934 3419 1083 3494 reddant,
1098 3423 1172 3481 sant
1186 3423 1216 3481 10
1228 3419 1319 3498 prolis
1334 3437 1421 3498 gene-

139 3509 235 3582 ratio,
251 3529 319 3588 qma
333 3509 415 3570 Inter
425 3507 592 3588 prmsipnos
603 3507 789 3571 Matrimonii
801 3509 877 3570 fines
892 3514 1105 3582 enumeratum
1118 3511 1151 3568 2⁰
1166 3506 1331 3568 satisfactio
1345 3505 1423 3568 obli-

140 3595 275 3676 gationiS
294 3616 364 3677 erga
383 3597 516 3658 alteram
533 3601 707 3678 conjugem
729 3601 761 3659 3⁰
781 3595 890 3659 vitatio
905 3594 1136 3658 Incontinentiae
1158 3594 1335 3669 inminse,
1353 3601 1422 3656 tum

139 3685 175 3746 in
189 3693 359 3764 comparte;
380 3691 413 3748 4⁰
432 3685 619 3748 desiderium
633 3686 754 3748 honesti
770 3685 882 3747 amoris
901 3684 1025 3747 fovendi
1044 3685 1091 3746 nel
1108 3682 1304 3758 nominandi,
1319 3685 1421 3763 conju·

139 3771 217 3851 galis
239 3773 365 3836 affectus
388 3773 603 3854 patefaciendi,
622 3775 668 3837 vel
690 3773 904 3854 promovendi,
927 3779 981 3835 cio.
1006 3809 1045 3817 -
1069 3771 1118 3833 Ito
1137 3775 1336 3833 communitor
1352 3789 1422 3832 cnm

141 3861 178 3921 S.
196 3861 279 3938 Lim,
301 3883 332 3923 n.
353 3867 407 3926 881
434 3873 460 3922 ct
475 3883 548 3944 seq,
568 3861 720 3941 Sourion,
740 3864 854 3945 otiique
869 3870 974 3925 contra
993 3861 1170 3940 nonnullos,
1187 3861 1242 3940 qui
1256 3863 1421 3941 postremos

140 3949 218 4011 dnos
231 3951 321 4028 fiam,
336 3970 398 4013 non
413 3951 593 4014 admittunt.

283 4103 492 4168 Resolves

182 4253 252 4312 908.
269 4283 310 4294 ·-
324 4256 355 4312 10
369 4249 496 4311 Illicitus
510 4255 557 4312 ost
571 4248 705 4330 conjugii
717 4268 809 4324 usas,
824 4249 851 4312 si
867 4249 921 4312 fiat
931 4249 970 4312 ob
985 4247 1082 4310 solam
1097 4248 1301 4328 voluptatem,
1315 4247 1419 4322 idest,

140 4336 215 4401 alins
230 4339 305 4401 fines
319 4357 358 4402 nc
372 4337 546 4400 virtualiter
561 4339 687 4418 quidem
707 4342 761 4400 aut
779 4338 927 4418 implicite
943 4337 1141 4400 intendendo.
1154 4339 1240 4400 Patet
1259 4354 1297 4397 ex
1315 4353 1421 4416 propo-

141 4426 251 4490 sitione
264 4431 296 4490 90
313 4427 351 4490 ab
366 4429 522 4490 Innocent.
536 4430 577 4490 XI
590 4428 752 4502 damnata,
767 4445 837 4508 qna
851 4425 894 4489 sic
909 4433 1016 4490 sonat:
1032 4426 1112 4506 Opus
1127 4425 1263 4506 conjuqii
1278 4423 1315 4485 ob
1328 4425 1422 4486 sotum

141 4515 323 4598 voluptatem
338 4518 515 4595 exercitum,
537 4518 619 4580 omui
639 4520 761 4599 penitus
782 4525 865 4578 caret
885 4517 977 4598 σπῖρα
996 4535 1032 4578 oc
1051 4515 1170 4595 defectu
1185 4514 1304 4577 veniali.
1321 4517 1376 4578 Par
1390 4530 1421 4574 sc
