3198 5034
217 189 236 248 ι
755 197 961 243 reserares

217 331 280 375 non
293 329 504 384 communem,
519 314 555 372 ut
565 327 672 370 causas
684 308 844 372 intricatas
857 308 1054 388 introspicere
1067 309 1180 384 valeam
1194 315 1225 372 2⁰
1236 311 1396 375 scientiam
1408 313 1491 376 suffi-
1590 315 1591 368 ξ

216 395 363 474 cientem,
384 405 420 460 ut
438 398 580 460 omnium
595 399 810 478 adjunctorum
830 403 899 458 tum
914 396 995 477 juris
1013 403 1085 458 tum
1103 396 1174 460 lacti
1191 399 1342 462 rationem
1364 401 1489 478 babeat;

125 525 127 530 ·
214 495 246 553 3⁰
261 487 471 567 integritatem
484 485 762 566 incorruptibilem,
783 492 819 548 ιιι
833 504 886 547 trec
901 485 997 547 amori
1012 504 1068 547 nec
1082 486 1150 548 odio
1164 488 1259 549 cedat.

254 577 332 640 Hinc
346 575 517 638 mortaliter
535 581 638 656 peccet
651 580 756 655 petens
774 582 830 637 aut
847 573 1016 654 suscipiens
1030 573 1166 637 officium
1181 576 1309 656 judicis,
1330 578 1380 640 cui
1396 597 1429 640 se
1444 579 1491 641 ita

213 666 365 746 imparem
385 663 498 740 noscit,
516 669 552 725 ut
571 662 725 744 probabile
744 661 936 726 sitnotabile
957 662 1092 743 proximi
1112 663 1262 726 damnum
1276 665 1349 728 inde
1369 673 1491 730 secutu-

213 773 300 829 rum;
314 771 411 836 neque
421 751 537 822 absolvi
549 752 651 826 debet,
661 751 723 813 nisi
733 752 811 814 facta
823 751 962 813 muneris
974 749 1218 828 renuntiatione,
1232 754 1279 816 vel
1289 755 1351 817 nisi
1363 754 1491 818 firmum

213 843 325 906 habeat
339 841 539 904 merintiandi
553 841 755 921 propositum.
772 877 811 884 -
825 839 860 902 S.
876 841 945 921 Lip.
965 860 996 901 n.
1015 843 1082 903 195.

255 934 306 994 Ill.
330 932 428 992 luder
442 935 564 991 tenetur
579 929 764 990 sententiam
778 927 855 991 ferre
869 929 1037 990 secundum
1053 929 1132 1008 leges
1146 937 1176 992 et
1190 930 1328 993 ordinem
1341 951 1359 994 a
1372 934 1491 1014 legibus

214 1019 471 1092 determinetum;
484 1035 546 1079 nou
560 1017 644 1079 euim
658 1017 858 1079 constituitur
872 1017 910 1078 ad
921 1017 999 1098 leges
1014 1019 1179 1079 mutandas
1194 1025 1249 1081 aut
1263 1019 1489 1098 reformandae,

215 1109 267 1171 sed
288 1110 325 1170 ad
345 1126 395 1169 eas
416 1105 603 1168 exsecutioni
621 1105 823 1168 mandandas.
840 1106 952 1186 Excipe
971 1123 1076 1167 meum
1091 1105 1250 1185 specialem
1269 1107 1303 1169 in
1321 1127 1381 1190 quo
1391 1112 1491 1191 judici

216 1215 303 1258 mens
317 1196 391 1276 legis
404 1195 506 1275 potius
519 1195 673 1274 sequenda
687 1193 743 1269 sit,
757 1212 851 1274 quam
866 1199 968 1256 cortex
982 1194 1163 1271 verborum
1179 1200 1247 1257 tum
1262 1215 1333 1258 vero
1345 1205 1376 1260 et
1389 1199 1491 1261 etatis
1590 1231 1591 1244 2

217 1285 295 1348 ratio
313 1284 453 1346 habenda
471 1289 532 1358 cst,
554 1289 585 1344 et
603 1277 785 1344 conditionis
804 1301 837 1344 ac
856 1281 988 1344 fortunae
1007 1281 1106 1358 ilbus,
1123 1283 1173 1344 cui
1194 1302 1317 1363 paenam
1334 1285 1491 1366 imponere

217 1373 365 1523 (19616616
384 1478 474 1522 causa
491 1459 585 1521 dubia
605 1459 661 1520 bas
676 1465 778 1521 teneat
792 1459 911 1539 regulas
926 1480 933 1520 :

255 1556 287 1612 l⁰
308 1551 342 1612 ln
362 1547 572 1610 criminalibus
590 1565 640 1609 reo
659 1546 823 1610 favendum
845 1555 905 1621 εει,
923 1547 984 1610 nisi
1004 1549 1040 1610 de
1061 1547 1189 1610 crimine
1208 1555 1335 1612 constet.
1353 1588 1392 1596 —
1411 1553 1487 1636 disp.

214 1638 281 1698 λεν.
299 1657 366 1698 ean.
385 1643 419 1700 ll
438 1639 470 1696 in
487 1640 529 1699 6⁰.

252 1729 286 1788 2⁰
307 1728 343 1787 Iu
362 1725 455 1788 dubio
471 1726 507 1788 de
521 1725 712 1807 proprietate
732 1725 825 1787 simul
839 1731 870 1786 et
885 1725 922 1787 de
938 1729 1121 1806 possessione
1138 1725 1202 1789 sive
1213 1727 1298 1806 juris
1315 1729 1380 1792 sive
1393 1729 1488 1810 secti,
1590 1701 1591 1778 }

211 1819 302 1896 juxta
323 1815 456 1876 rationes
474 1813 690 1894 probabiliores
704 1813 908 1894 judicandum
929 1817 987 1886 est,
1010 1817 1046 1875 ut
1066 1821 1185 1876 constat
1205 1833 1244 1877 ex
1263 1818 1333 1897 jure
1353 1821 1492 1883 naturali

214 1902 393 1984 probibente
405 1903 439 1964 in
448 1901 550 1983 jndice
562 1901 732 1983 quamlibet
743 1919 941 1982 personarum
953 1901 1172 1983 acceptionem,
1185 1911 1215 1965 et
1226 1923 1344 1985 propos.
1358 1910 1390 1967 ιι
1401 1907 1490 1970 dam-

214 1998 288 2053 nata
301 1991 339 2053 ab
355 1993 456 2052 Innoc.
474 1992 529 2064 XI,
546 2009 614 2070 qua
628 1989 670 2051 sic
685 1997 773 2052 sonat
787 2009 794 2051 :
808 1989 1015 2052 Probabiliter
1028 1992 1181 2065 existimo,
1192 1992 1329 2072 jadicem
1342 2014 1426 2074 posse
1434 1997 1490 2078 ja·
1590 2027 1591 2076 3

216 2079 317 2140 dicore
328 2080 427 2160 jueta
440 2079 610 2160 opinionem
625 2079 714 2139 etiam
729 2077 828 2138 minas
842 2079 1038 2159 probabilem.
1056 2078 1088 2140 si
1105 2085 1210 2141 autem
1226 2081 1358 2143 rationes
1373 2083 1436 2144 sint
1452 2103 1492 2148 ex
1590 2081 1591 2100 *

214 2174 346 2248 utraque
360 2173 445 2248 parte
457 2185 543 2247 eque
556 2165 740 2246 probabiles,
755 2183 802 2227 res
816 2165 981 2229 dividenda
996 2173 1053 2229 est.

256 2259 288 2318 3⁰
310 2255 447 2318 ln'dubio
460 2255 496 2316 de
509 2255 572 2315 solo
578 2257 784 2336 proprietate,
797 2273 852 2334 pro
865 2261 944 2316 certo
957 2273 1125 2334 possessore
1137 2256 1283 2317 standum
1293 2263 1350 2319 est.
1363 2257 1394 2319 Si
1403 2259 1490 2322 enim
1590 2247 1591 2328 ἶ

213 2363 300 2423 pares
314 2342 461 2422 utrinque
475 2341 611 2404 militent
625 2343 772 2416 rationes,
787 2343 868 2404 valet
883 2361 944 2421 reg.
959 2345 1024 2404 tur.
1040 2363 1047 2404 :
1062 2343 1101 2404 In
1112 2345 1187 2425 pori
1198 2343 1308 2406 delicto
1323 2346 1370 2407 oei
1380 2366 1488 2429 censa,

214 2431 321 2492 melior
339 2440 383 2492 est
401 2431 531 2492 conditio
548 2431 741 2512 possideatis.
758 2429 790 2492 Si
808 2430 1023 2511 probabiliores
1038 2449 1054 2493 e
1072 2437 1175 2494 contra
1189 2437 1273 2494 stent
1286 2433 1420 2498 rationes
1434 2457 1491 2518 pro
1590 2455 1591 2502 1

213 2525 313 2584 actore
331 2525 436 2582 eontra
449 2538 666 2600 possessorem,
684 2519 765 2582 valet
778 2519 873 2582 altera
887 2519 971 2581 iuris
985 2537 1047 2600 reg.
1064 2539 1072 2581 ε
1091 2519 1166 2582 Cam
1179 2531 1249 2582 susat
1265 2527 1403 2604 partiam
1409 2527 1491 2607 jura
1590 2563 1591 2616 p

214 2607 355 2682 obseura,
370 2609 471 2689 potins
489 2607 651 2689 fovendam
671 2613 714 2668 es't
735 2623 896 2689 respuam
913 2611 1020 2670 ociori.
1038 2608 1150 2688 Nequit
1168 2610 1250 2671 enim
1270 2611 1340 2672 elidi
1356 2615 1409 2692 jus
1428 2631 1492 2676 cerh
1590 2623 1591 2652 ι

212 2703 297 2770 tum,
315 2697 397 2778 quod
415 2716 453 2759 ex
471 2702 553 2759 certa
573 2697 761 2777 possessione
778 2696 887 2768 entur,
904 2695 942 2758 ab
961 2695 1077 2759 incerto
1096 2698 1206 2759 actoris
1221 2701 1301 2779 jure.
1317 2701 1363 2762 Ita
1380 2703 1491 2765 saltem
1590 2709 1591 2746 l

212 2789 397 2848 coemamus
412 2791 443 2847 et
454 2785 708 2867 probabilius-
722 2785 758 2847 S.
775 2785 845 2866 Lip.
862 2805 892 2844 n.
906 2787 976 2847 2l0.

334 2929 530 3008 Quaeslta.

234 3063 283 3121 ’6.
306 3061 460 3133 —Quam
484 3064 516 3121 l⁰
535 3059 586 3120 Aa
602 3058 705 3138 judex
728 3057 871 3119 mmnare
890 3061 982 3140 possit
1002 3077 1099 3135 ream,
1120 3079 1207 3141 quem
1229 3065 1351 3144 privetu
1371 3075 1490 3126 tontum

213 3151 341 3208 scientia
354 3157 470 3208 sontem
484 3150 650 3228 cognoscit,
663 3157 717 3208 out
730 3151 931 3220 innocentem,
944 3147 1144 3228 qur‘juridice
1158 3169 1266 3211 nocens
1278 3153 1491 3216 innianter?
1590 3147 1591 3230 l

252 3236 344 3318 Resp.
364 3236 403 3298 ad
417 3241 470 3298 ιω
487 3235 564 3318 Nep.
586 3253 710 3316 prorsus
725 3239 816 3316 juxta
835 3255 945 3296 omnes.
965 3236 1053 3300 Ratio
1075 3243 1136 3312 est,
1159 3237 1233 3318 quia
1249 3241 1344 3321 judex
1367 3248 1490 3304 tenetur

209 3323 347 3406 judicare
359 3323 529 3386 secundum¹
538 3325 665 3404 allegata
676 3331 707 3386 ct
719 3325 845 3405 probata
856 3322 1029 3405 formasque
1041 3325 1104 3405 lege
1116 3327 1322 3406 praescriptam
1337 3328 1400 3389 nisi
1413 3327 1489 3390 forte
1590 3333 1591 3394 3

212 3412 392 3476 necessitate
413 3412 516 3494 eliqua
537 3413 700 3494 superioris
722 3411 853 3487 ordinis,
874 3431 905 3474 v.
927 3431 984 3493 gr,
1008 3432 1048 3475 ne
1068 3414 1147 3475 bono
1168 3413 1288 3493 publico
1311 3422 1432 3491 noceat,
1454 3435 1489 3478 ea

212 3501 445 3582 pretermittere
463 3508 598 3581 cogatur.
615 3503 685 3564 tam
700 3518 786 3574 vero,
802 3519 865 3563 non
884 3502 984 3563 solum
999 3501 1121 3562 nullum
1139 3501 1309 3579 periculum
1324 3507 1370 3564 est
1388 3503 1422 3564 in
1441 3504 1488 3566 di·
1590 3527 1591 3530 ¹

211 3589 363 3653 mittendo
387 3589 551 3672 aliquando
573 3596 691 3653 sontem
712 3589 881 3664 occentum,
899 3589 950 3650 sed
970 3593 999 3650 et
1023 3605 1172 3668 magnum
1194 3588 1325 3652 forctib
1347 3591 1488 3655 violando
1590 3639 1591 3678 ,

212 3683 345 3741 statutas
359 3677 470 3760 judicii
486 3677 609 3740 formas,

252 3765 342 3848 Resp.
360 3768 399 3830 ed
416 3771 471 3828 2²¹²
489 3786 496 3827 τ
513 3765 607 3828 Valde
625 3765 872 3829 controvertitur.
890 3765 1039 3845 Affirmet
1057 3763 1093 3826 S.
1114 3765 1255 3844 Tleonrac,
1276 3771 1306 3830 2.
1323 3772 1366 3844 2,
1383 3789 1413 3850 q.
1431 3774 1484 3845 el,

209 3861 270 3916 art.
289 3857 325 3928 6,
346 3853 386 3916 ud
403 3859 421 3918 3
440 3861 471 3917 et
488 3875 517 3936 q.
538 3858 588 3927 67,
607 3863 669 3914 ort.
689 3859 719 3916 2.
744 3889 782 3898 -—
801 3853 903 3934 Nepai
921 3853 954 3914 S.
972 3851 1201 3916 Beneventum.
1218 3893 1257 3900 -
1278 3857 1314 3918 S.
1327 3858 1484 3940 Liparius,
1590 3871 1591 3876 ’

211 3961 242 4002 a.
258 3945 334 4016 208,
350 3946 513 4024 utramque
534 3942 718 4005 sententiam
737 3948 772 4004 ut
788 3941 975 4023 probabilem
988 3941 1145 4017 admittit,
1164 3942 1188 4005 si
1206 3952 1315 4024 agatur
1333 3947 1369 4009 de
1388 3946 1486 4008 causis

211 4028 372 4104 civilibus,
387 4037 440 4092 aut
460 4031 555 4093 etiam
573 4028 786 4093 criminalibus
805 4029 935 4093 minoris
954 4030 1127 4092 momenti:
1147 4031 1174 4094 si
1189 4050 1259 4094 vero
1273 4052 1362 4098 casus
1378 4035 1415 4096 de
1427 4033 1485 4095 cri·
1590 4027 1591 4100 ι

213 4117 381 4180 minalibus
404 4118 572 4200 majoribus
598 4123 629 4180 et
657 4118 827 4198 presertim
852 4119 888 4180 de
914 4117 1095 4198 capitalibus
1123 4127 1274 4196 occurrat,
1301 4119 1484 4186 sententiam

210 4205 245 4268 S.
263 4205 487 4268 Bonaoentera·
500 4209 659 4270 rectiorem
671 4212 767 4288 putat.
785 4207 874 4271 Retio
888 4214 949 4281 est,
967 4207 1041 4287 quia
1053 4207 1088 4268 in
1102 4207 1196 4288 priori
1210 4227 1282 4272 casn
1297 4210 1355 4273 dici
1369 4211 1480 4288 potest,
1590 4211 1591 4244 ³

211 4295 321 4357 saltem
337 4293 544 4375 probabiliter,
562 4294 793 4358 incommodum
805 4294 963 4375 privatum
975 4295 1083 4357 debere
1098 4295 1178 4358 bono
1193 4297 1351 4360 communi
1364 4295 1479 4367 cedere,
1590 4299 1591 4352 3

210 4399 283 4445 cum
301 4387 425 4446 tantum
444 4400 506 4445 nou
526 4382 578 4445 sit.
595 4385 685 4446 Seous
702 4389 807 4446 autem
827 4383 860 4445 in
880 4382 1037 4463 posteriori
1056 4401 1142 4461 casu;
1159 4384 1286 4468 ideoque
1304 4391 1377 4446 tunc
1393 4381 1480 4444 inno
1590 4409 1591 4462 ς

211 4469 670 4537 centemdamnareintrinsece
684 4473 803 4535 malum
817 4472 950 4536 ridetur.
1590 4471 1591 4512 ³
