3206 5042
162 239 230 300 396
690 230 901 280 xnscxsros

163 371 267 426 tamen
287 362 366 422 esset
387 361 510 418 tantum
528 350 646 414 veniale
659 351 832 428 peccatum,
848 339 1109 423 qrremadmodum
1130 337 1250 400 veniale
1270 343 1317 401 est
1335 339 1446 402 cibum

163 453 200 516 ob
216 452 310 514 solam
322 444 553 510 delectationem
570 456 701 502 sumere.
717 432 868 497 Immanis
885 436 990 492 atatem
1009 428 1047 490 ab
1067 427 1125 490 hac
1143 427 1234 508 cadpa
1247 434 1295 490 ost
1308 429 1448 510 conjugii

163 559 253 614 usna,
271 539 296 600 si
316 538 349 600 in
364 532 536 597 remedium
554 529 590 592 fit
606 522 874 604 concupiscentia,
895 525 951 580 nn
971 517 1008 580 ob
1028 515 1126 578 alium
1144 515 1312 578 honestum
1330 516 1445 591 finem,

164 630 228 691 sive
242 643 395 707 expresse,
411 622 474 686 sive
488 616 637 699 implicite
651 610 836 691 caeteroquin
850 605 1008 671 delectatio
1024 623 1078 666 seu
1092 606 1235 686 voluptas
1249 603 1444 668 intendatur.

164 717 379 868 *tbtllffigrtr’is
394 715 529 880 {agriter
541 802 588 858 est
601 809 677 856 usus
691 785 881 856 Matrimonii
895 803 966 846 cunr
981 788 1085 844 mente
1106 783 1260 857 adultera,
1277 789 1314 844 ut
1334 781 1359 844 si
1373 783 1448 864 quis

164 895 307 958 accedens
318 893 356 953 ad
371 905 474 961 suam,
491 885 549 948 sibi
564 882 656 945 aliam
670 881 876 959 representet.
892 907 932 918 -
949 872 984 933 S.
999 871 1083 950 Lip,
1099 891 1130 932 n.
1151 874 1227 945 913,
1245 879 1273 932 ct
1290 871 1347 932 olii
1363 891 1446 931 eom-

166 991 411 1134 7ΜΒὟξιίιπίιιιιιιε
422 1063 526 1126 licitus
539 1066 584 1122 est
594 1077 670 1120 usus
680 1051 884 1126 Matrimonii,
896 1058 965 1113 tum
979 1047 1052 1129 quia
1066 1043 1152 1110 nulla
1163 1048 1212 1110 lex
1224 1047 1258 1109 in
1270 1049 1445 1129 oppositum

168 1157 286 1222 ostendi
300 1159 414 1236 potest,
431 1160 501 1215 tum
515 1149 589 1230 quia
607 1145 724 1210 steriles
743 1161 796 1224 per
817 1159 848 1203 se
868 1138 969 1202 idonei
989 1143 1063 1200 sunt
1080 1137 1239 1200 adactum
1256 1139 1443 1218 conjugalem

168 1245 411 1328 perficiendum:
434 1237 560 1321 quodsi
580 1233 734 1316 generatio
753 1231 837 1294 nulla
856 1233 1012 1309 sequatur,
1033 1225 1066 1290 id
1089 1243 1141 1305 per
1162 1225 1300 1288 accidens
1317 1226 1444 1288 omnino

169 1337 219 1411 fit;
234 1341 264 1397 et
277 1333 331 1395 alii
341 1336 450 1412 praeter
462 1325 686 1406 generationem
698 1324 811 1385 adsunt
825 1315 946 1380 honesti
959 1316 1034 1378 fines
1046 1314 1235 1395 conjugalem
1250 1333 1442 1394 congressum

170 1424 408 1485 cohonestantes.

210 1515 242 1572 ι’
256 1509 357 1571 Etiam
372 1506 513 1580 senibus,
527 1520 661 1585 qnorum
678 1517 781 1562 semen
795 1516 858 1560 non
874 1495 1066 1576 estamplius
1083 1491 1262 1573 prolificum,
1278 1491 1345 1552 licet
1359 1507 1436 1550 usus

171 1597 321 1678 conjugii,
338 1595 505 1658 dnmmodo
519 1591 659 1672 copulam
674 1586 858 1651 sufficienter
871 1584 1012 1666 perficere
1025 1582 1160 1654 valeant,
1176 1579 1219 1642 rel
1236 1578 1331 1659 ipsam
1348 1575 1439 1656 perfi-

172 1686 271 1750 ciendi
295 1703 378 1765 spem
399 1683 533 1746 habeant
553 1698 615 1742 non
637 1679 773 1740 inanem.
796 1679 914 1738 Favent
932 1674 1016 1736 enim
1037 1669 1162 1734 senibus
1180 1667 1288 1730 eadem
1305 1665 1443 1728 rationes

172 1794 249 1857 quas
263 1775 299 1836 de
312 1773 468 1836 sterilibus
482 1769 679 1834 adduximus
692 1765 896 1828 confirmatur
909 1769 1055 1843 praterea
1068 1777 1106 1822 ex
1120 1755 1209 1839 praxi
1219 1755 1364 1829 Ecclesiae,
1375 1773 1444 1835 quae

172 1863 377 1928 Matrimoniis
389 1878 500 1924 senum
513 1857 674 1921 benedicit.
688 1889 728 1903 -
748 1853 821 1917 Vide
839 1853 875 1914 S.
890 1853 971 1934 Lip,
988 1871 1019 1912 a.
1033 1855 1103 1913 oar.

275 2067 291 2154 ἓ
307 2065 351 2133 11.
373 2067 419 2132 De
440 2063 583 2131 licettate
602 2059 697 2128 ectus
716 2053 906 2146 conjugalis
926 2052 1039 2142 quood
1053 2049 1345 2120 circumstantius.

216 2249 377 2332 Praecipnae
392 2245 629 2312 circumstantie
645 2242 813 2324 respiciunt
827 2256 1003 2322 personam,
1021 2237 1118 2301 situm
1133 2255 1167 2300 ac
1182 2242 1314 2316 tempus.

532 2448 555 2506 Ι.
578 2480 619 2490 -
639 2463 676 2506 nn
694 2459 938 2506 cmoousraxrus
958 2457 1097 2504 russeus

219 2624 342 2704 Triplex
355 2619 524 2704 pracsertim
535 2619 781 2693 circumstantia,
794 2638 849 2682 seu
860 2618 1113 2700 impedimentum
1123 2628 1256 2694 personae
1269 2610 1441 2681 adnexum,

180 2713 321 2797 petitioni
341 2710 437 2775 debiti
459 2711 561 2774 obesse
579 2713 692 2791 potest,
714 2709 826 2772 scilicet
849 2715 880 2771 ιο
900 2714 1008 2770 votum
1026 2702 1184 2778 castitatis3
1203 2705 1237 2764 ιο
1256 2696 1388 2761 affinitas
1405 2713 1447 2757 ex

180 2805 315 2879 incestu;
333 2805 365 2866 3⁰
386 2800 569 2882 impotentia
587 2799 757 2880 corporalis.
774 2802 869 2860 —De
886 2796 1063 2877 cognatione
1083 2790 1249 2873 spirituali,
1270 2807 1310 2851 an
1322 2786 1451 2850 inducat

180 2890 439 2975 impedimentum
458 2889 622 2971 ejusmodi,
639 2888 883 2962 controvertitur,
905 2891 997 2965 prout
1014 2884 1193 2947 dictumest
1208 2897 1302 2961 supro
1319 2896 1351 2937 a.
1373 2877 1447 2946 806,

181 2987 225 3057 7⁰,
241 2989 272 3045 ct
286 2982 423 3062 disputat
438 2979 474 3043 S.
491 2977 574 3060 etp,
593 2976 812 3059 deBopta'smo,
830 2997 860 3038 a.
881 2979 950 3039 150.

304 3133 527 3212 Prtnclpla.

222 3284 291 3345 909.
313 3316 351 3325 -
374 3282 397 3341 Ι.
418 3277 552 3355 emutat
570 3278 682 3356 conjux
702 3281 772 3338 voto
791 3273 940 3337 castitatis
958 3272 1140 3344 innodatus,
1157 3268 1206 3332 vel
1219 3265 1366 3330 affinitate
1384 3279 1454 3324 con-

183 3374 279 3432 tracta
292 3368 475 3448 impeditus,
492 3365 549 3428 sub
564 3364 649 3444 gravi
664 3363 802 3426 debitum
818 3369 919 3444 petere
932 3360 1112 3442 prohibetur
1131 3378 1138 3420 :
1155 3355 1244 3420 alteri
1264 3361 1362 3416 maren
1380 3367 1453 3410 con-

178 3459 246 3558 jugi
260 3456 376 3538 petenti
390 3457 513 3519 reddere
530 3460 644 3534 potest,
666 3452 742 3534 quin
761 3452 856 3516 ctiam
873 3457 1007 3524 tenetur,
1024 3466 1097 3512 cum
1111 3447 1207 3510 altera
1227 3461 1295 3526 pars
1309 3442 1377 3522 jure
1395 3453 1453 3498 suo

182 3547 298 3626 privari
312 3565 374 3610 non
388 3545 494 3626 possit.
517 3587 519 3592 .

223 3637 259 3697 ll.
274 3637 387 3698 Neuter
398 3637 511 3714 conjux
523 3632 663 3695 debitum
677 3636 777 3713 petere
791 3636 847 3694 aut
858 3629 981 3692 reddere
996 3632 1106 3708 potest,
1123 3624 1150 3686 si
1164 3623 1212 3686 vel
1223 3616 1374 3684 castitatis
1387 3619 1457 3678 voto

183 3724 356 3787 devincitur
377 3721 585 3802 uterque,er
604 3728 734 3802 uterque
748 3719 930 3782 affinitatem
949 3714 1117 3791 contraxit;
1135 3709 1251 3776 etenim
1270 3712 1393 3790 propter
1405 3723 1458 3768 ro-

182 3818 253 3875 turn
267 3812 314 3876 vel
326 3817 484 3894 peccatum
497 3815 625 3892 uterque
639 3809 818 3890 impeditur.

304 3949 515 4017 Rmmws

224 4079 295 4140 910.
312 4111 351 4121 -
366 4085 398 4141 ιο
419 4079 563 4142 Debitum
585 4077 709 4140 reddare
732 4081 845 4156 potest,
867 4071 945 4154 quin
963 4071 1027 4134 im0
1051 4074 1184 4141 tenetur,
1205 4082 1269 4128 non
1286 4061 1388 4126 solnm
1407 4055 1461 4139 qui
1586 4083 1587 4086 ¹

183 4173 253 4247 post
267 4162 382 4228 initum
396 4166 645 4241 Matrimonium,
661 4164 823 4229 sedetiam
840 4161 894 4244 qni
915 4167 987 4224 ante
1003 4154 1254 4229 Matrimonium,
1271 4156 1382 4213 votum
1396 4145 1463 4228 juri

184 4255 310 4319 alterins
328 4254 502 4336 oppositum
520 4255 640 4332 emisit3
660 4273 734 4318 nam
756 4252 826 4315 licet
844 4248 1079 4317 Matrimonium
1098 4241 1304 4309 contrahendo
1328 4235 1464 4318 graviter

185 4344 366 4442 peccaverit,
384 4343 484 4409 valide
495 4351 601 4409 umen
611 4343 740 4408 tradidit
754 4339 876 4423 conjugi
894 4339 971 4404 illud
985 4337 1068 4419 quod
1086 4341 1146 4400 Deo
1169 4328 1366 4413 promiserat;
1390 4322 1464 4386 alio

185 4432 352 4533 qino-alter
365 4439 487 4516 conjux,
504 4441 612 4498 volum
626 4432 753 4496 alterius
764 4430 926 4512 ignorans,
939 4431 992 4510 jus
1005 4425 1041 4490 in
1051 4443 1117 4490 rem
1135 4421 1168 4487 vi
1181 4423 1354 4484 contractus
1369 4409 1466 4478 validi

185 4528 358 4599 acquisivit.
