3206 5042
170 267 239 325 IES
705 269 912 315 rasurarus

171 389 259 456 Ratio
278 394 324 451 est
343 394 373 450 I⁰
387 387 460 468 quia
478 388 544 467 ipso
561 382 798 448 constitutionis
814 387 918 442 tenore
938 380 1058 440 constat
1071 377 1278 442 intentIonem
1299 385 1464 463 pontificis

172 479 283 554 fuisso,
300 484 337 540 ut
354 495 404 538 eos
420 480 540 538 tantum
560 470 851 542 excommunicaret,
870 467 1068 548 suspenderet
1082 467 1130 528 vel
1148 467 1361 548 interdiceret,
1377 493 1464 555 quos

171 577 390 629 sacrosanctum
412 564 582 627 Concilium
606 561 819 622 Tridentinarn
838 557 943 636 ipsum
965 558 1275 632 excommunicavit,
1299 580 1460 641 suspensos

172 666 226 717 neit
246 655 425 715 interdictos
445 673 506 715 esse
528 651 679 727 decrevit,·
702 654 735 710 10
753 645 924 728 prasertim
942 643 1017 723 quia
1037 644 1070 705 id
1093 645 1191 724 erigit
1213 649 1456 713 Constitutionis

173 763 294 825 scopae,
311 743 364 823 qui
379 742 454 818 suit,
469 748 506 805 111
524 742 565 802 ad
581 740 671 820 plara
691 736 836 799 evitanda
854 732 1060 806 incommoda,
1081 732 1122 794 ad
1143 737 1339 798 removendos
1358 749 1455 802 tama

175 832 376 914 Consectariis
390 841 452 892 tarn
468 852 487 891 a
502 829 643 910 fidelibus
656 826 833 902 dubietates,
848 825 1029 900 anxietates,
1046 841 1234 904 anparesqae
1248 830 1452 905 conscientia,

173 927 273 983 certus
292 925 359 1002 Jam
381 939 415 982 ac
437 918 660 981 determinatus
681 913 807 976 omnino
830 928 1030 974 censurarum
1054 929 1206 973 numerus
1223 911 1395 978 haberetur.
1412 953 1454 964 -

173 1010 341 1087 Acerrani,
360 1009 540 1084 Commeat,
555 1003 683 1086 append.
696 1021 744 1064 111.

213 1099 314 1171 Quart.
334 1101 366 1158 2⁰
383 1097 526 1172 Quanam
547 1097 609 1154 sint
629 1109 762 1154 censura
787 1089 857 1151 latae
871 1092 1042 1162 sententia,
1063 1105 1131 1168 quta
1149 1089 1262 1151 directe
1281 1112 1300 1152 a
1320 1091 1452 1157 Concilio

175 1186 355 1247 Tridentino
371 1185 497 1266 inflicta
511 1180 657 1264 suerunt?

215 1275 304 1354 Resp.
331 1281 388 1337 1οε
416 1274 501 1347 Quod
526 1273 564 1333 ad
586 1269 756 1332 doctrinam
777 1273 905 1348 spectet,
925 1284 968 1328 eae
988 1273 1061 1328 sunt
1080 1283 1188 1328 omnes
1207 1271 1450 1332 exeommunica-

175 1363 288 1436 tiones,
302 1381 370 1442 quae
385 1362 442 1424 suh
457 1360 658 1422 anathematis
673 1356 797 1419 nomine
810 1356 844 1418 in
862 1355 923 1417 fine
940 1355 1133 1434 singidonum
1153 1373 1305 1419 canonum
1324 1359 1448 1438 dogma·

176 1451 306 1512 ticorum
320 1449 512 1511 Indicuntur.

214 1538 303 1620 Hesp.
319 1542 352 1599 10
369 1558 376 1599 :
391 1538 474 1612 Quod
488 1537 600 1598 attinet
616 1537 654 1598 ad
669 1554 718 1596 res
733 1533 958 1612 disciplinares,
976 1532 1296 1595 excommunicationes
1306 1533 1439 1614 quinque

176 1633 391 1700 numerantur,
407 1644 517 1705 nempe
531 1643 599 1704 quta
616 1625 684 1686 latre
703 1629 796 1685 sunt:
812 1657 852 1667 -
869 1626 901 1682 I⁰
918 1621 952 1682 in
972 1627 1164 1700 usurpatores
1181 1639 1441 1702 quorumcumque

175 1715 326 1776 bonorum
341 1713 611 1776 ecclesiasticorum
622 1719 678 1774 aut
689 1710 809 1791 J'urium
823 1710 905 1790 (sess.
923 1712 1019 1784 XXII,
1037 1730 1107 1792 cap.
1121 1729 1166 1784 11,
1182 1710 1216 1771 de
1233 1709 1394 1789 deferat,
1404 1747 1447 1755 —-

176 1807 208 1864 10
229 1803 263 1864 in
284 1802 498 1882 Magistratus,
516 1801 542 1862 si
564 1802 603 1862 ad
619 1799 803 1862 instantiam
822 1797 962 1878 Episcopi
982 1817 1045 1860 non
1060 1799 1216 1878 praebeant
1228 1797 1379 1861 auxilium
1395 1801 1447 1861 ad·

176 1909 282 1953 versus
294 1891 529 1954 contradictores
542 1889 689 1952 clausurae
704 1886 888 1949 monialium
903 1886 988 1966 (sess.
1001 1891 1093 1963 XXV,
1110 1907 1179 1970 cap.
1195 1908 1227 1962 v,
1244 1887 1279 1949 de
1294 1887 1399 1969 Rep.);
1411 1924 1452 1934 -

175 1985 209 2042 30
223 1979 258 2042 in
275 1987 410 2060 raptores
429 1977 610 2051 mulierum,
628 1994 795 2056 eorumque
811 1982 1016 2055 cooperatores
1035 1975 1119 2055 (sest.
1140 1979 1246 2052 XXIV,
1264 1998 1330 2058 cap.
1345 1995 1394 2052 vi,
1416 1979 1452 2039 de

177 2067 246 2148 lies.
260 2069 366 2150 Matr.)
375 2068 500 2145 ;-101”1]
511 2067 659 2130 violantes
669 2063 857 2131 Matrimonii
865 2065 1064 2126 contrahendi
1073 2065 1249 2129 libertatem
1259 2068 1335 2147 (sess.
1344 2069 1449 2142 XXIV,

177 2175 246 2237 cap.
260 2174 306 2230 ur,
324 2155 445 2236 deltos.
463 2156 588 2237 Matr.);
605 2191 645 2201 -
659 2161 692 2220 5⁰
706 2154 740 2216 in
757 2159 895 2232 cogentes
910 2151 1071 2214 mulierem
1088 2155 1127 2216 ad
1142 2154 1377 2234 ingrediendum
1388 2171 1449 2216 mo-

178 2243 363 2320 nasterium,
381 2245 429 2307 vel
448 2245 537 2306 abeo
560 2243 759 2325 ingrediendo
777 2242 977 2321 impedientes
999 2241 1084 2322 (sess.
1103 2245 1195 2318 XXV,
1217 2264 1285 2326 cap.
1304 2263 1393 2316 11111,
1413 2242 1451 2303 de

177 2333 322 2415 1119.)-
343 2333 423 2396 Addi
442 2339 566 2414 possent
582 2335 650 2396 duae
670 2331 751 2407 alian
777 2348 887 2394 rerum
907 2333 997 2410 prior
1016 2329 1050 2392 in
1072 2331 1240 2394 duellantes
1260 2333 1343 2413 (sess.
1359 2335 1449 2407 XXV,

178 2442 245 2501 cap.
267 2439 334 2494 mx,
360 2423 396 2482 de
419 2421 506 2500 Itos.)
528 2421 589 2482 fuit
611 2440 648 2482 ex
667 2421 785 2498 integro
808 2418 842 2480 in
861 2418 1117 2483 constitutionem
1136 2421 1284 2482 translata
1305 2422 1392 2500 (Ser.
1415 2425 1450 2492 2,

177 2509 337 2568 Eaeomrn.
360 2508 414 2585 3);
427 2509 595 2587 posterior,
617 2508 652 2568 in
669 2506 883 2586 imprimentes
898 2509 947 2569 vrI
965 2507 1101 2587 imprimi
1121 2506 1278 2582 foetentes,
1302 2531 1319 2566 a
1338 2509 1452 2588 scripto

181 2618 196 2655 a
219 2593 479 2657 communicantes
494 2599 524 2656 et
534 2597 724 2675 evulgantes,
742 2596 907 2658 vendentes
923 2601 978 2658 aut
991 2598 1068 2676 apud
1082 2613 1112 2656 se
1123 2594 1303 2666 retinentes,
1319 2619 1335 2653 a
1351 2595 1451 2657 libros

178 2686 215 2746 de
229 2683 320 2744 rebus
335 2683 443 2759 sacris,
463 2707 478 2742 a
495 2682 549 2764 qui
565 2684 628 2746 sint
642 2684 707 2746 sine
722 2684 848 2746 nomine
862 2684 993 2748 auctoris
1003 2731 1008 2760 ,
1018 2709 1031 2741 a
1047 2682 1092 2745 rel
1102 2699 1161 2744 uon
1174 2680 1289 2742 tuerint
1303 2681 1444 2760 prImum

183 2793 199 2832 a
220 2770 421 2835 examinati»
444 2773 625 2854 probatIque
639 2773 677 2836 ab
695 2773 870 2848 Ordinario,
888 2774 930 2835 sic
949 2774 1009 2837 fuit
1021 2789 1153 2852 expresse
1171 2769 1206 2831 in
1223 2767 1448 2832 Constitutione

180 2859 333 2923 Imitata:
349 2862 560 2923 Anacternatis
574 2882 670 2943 pane
688 2863 719 2923 in
739 2861 854 2923 decreto
870 2882 936 2924 sess.
954 2865 1005 2936 IV,
1021 2862 1057 2923 de
1071 2858 1200 2923 editione
1215 2863 1246 2920 et
1265 2876 1327 2920 usu
1350 2861 1452 2920 Sacro·

180 2965 253 3010 rum
275 2949 425 3012 librorum
448 2952 633 3030 constitutae,
651 2949 722 3012 illos
743 2959 861 3011 tantam
885 2951 1040 3033 subpaeere
1058 2949 1206 3026 volamus,
1228 2951 1282 3030 qni
1307 2947 1400 3008 libros
1418 2947 1451 3007 de

180 3038 370 3098 rebnssacris
385 3039 620 3102 tractanleasine
635 3040 792 3101 Ordinarii
806 3039 1027 3122 approbatione
1045 3040 1224 3122 imprimant
1242 3045 1298 3098 aut
1315 3039 1452 3118 imprimi

181 3126 310 3206 faciant.
337 3125 491 3206 Abrogata
518 3134 592 3191 sunt
617 3147 726 3208 nempe
752 3129 857 3191 omnia
885 3147 921 3191 ea
942 3148 1011 3210 quaa
1039 3125 1242 3210 peculiaribus
1269 3124 1365 3205 siguIs
1391 3123 1450 3186 dis-

181 3213 345 3277 tinximus.
1440 3271 1447 3281 .

224 3303 442 3382 Suspensiones
459 3312 490 3367 et
502 3306 667 3368 Interdicta
679 3308 717 3368 ad
734 3307 792 3368 tria
804 3305 902 3387 capita
917 3311 1108 3368 revocantur.
1121 3339 1161 3353 -
1173 3311 1205 3367 I⁰
1219 3303 1453 3383 Suspendantur

181 3391 229 3452 rel
245 3391 470 3455 interdicuntur
488 3394 544 3473 qui
567 3395 661 3457 trariis
681 3395 780 3457 modis
801 3395 918 3458 violant
945 3413 1073 3458 canones
1094 3395 1132 3458 de
1155 3411 1238 3456 sacra
1257 3388 1449 3454 Ordinationo

182 3482 266 3558 (sess.
287 3483 396 3559 XXIII,
413 3502 482 3564 cap.
508 3501 580 3557 tun,
603 3502 638 3558 x,
661 3501 725 3559 xiv,
746 3483 782 3545 de
800 3484 887 3564 lies.,·
900 3519 939 3528 -
955 3503 1022 3544 sets.
1044 3485 1113 3559 VH,
1127 3503 1193 3564 cap.
1214 3500 1247 3556 x,
1264 3479 1297 3541 de
1314 3477 1396 3557 lies,
1408 3511 1451 3520 —

180 3587 250 3628 sess.
263 3571 317 3644 VI,
333 3590 399 3652 cap.
418 3591 449 3644 v,
464 3571 498 3632 de
512 3571 598 3652 nefa
612 3609 650 3616 —
665 3592 732 3634 sese.
749 3575 826 3647 XIV,
844 3593 909 3654 cap.
928 3591 965 3646 11,
983 3572 1019 3634 de
1032 3571 1128 3652 defi).
1144 3605 1186 3617 —
1204 3575 1235 3633 po
1257 3565 1455 3648 suspendun-

182 3661 235 3717 tur
246 3656 298 3738 qui
310 3658 428 3738 sponsis
436 3659 470 3720 in
479 3661 683 3723 contrahendo
690 3661 885 3724 Matrimonio
895 3659 1054 3740 illegitime
1061 3659 1247 3721 benedicunt
1260 3659 1337 3738 (sess.
1349 3656 1452 3728 XXIV,

183 3765 251 3826 cap.
269 3765 290 3822 1,
305 3747 342 3808 de
354 3747 494 3827 11111-
505 3751 536 3810 30
547 3750 778 3811 interdicuntur
790 3748 939 3829 Episcopi,
954 3749 1084 3830 quinon
1098 3743 1455 3824 denuntiantEpiscopos

180 3832 339 3984 iiiegffime
357 3835 496 3898 absentes
518 3835 603 3918 (sess.
623 3839 682 3914 VI,
707 3859 773 3920 cap.
799 3857 825 3914 1,
848 3838 884 3900 de
905 3838 992 3917 Bef.,·
1011 3873 1050 3882 -
1070 3855 1139 3898 sess.
1163 3837 1274 3910 XXIII,
1299 3853 1367 3914 cap.
1391 3849 1454 3906 111,

228 3923 323 4004 Bel).

219 4009 320 4083 Quaen.
338 4017 369 4076 30
384 4014 432 4076 Aa
445 4018 473 4076 si
482 4035 561 4097 pars
580 4024 698 4076 tantam
714 4015 843 4098 alicujus
858 4035 1007 4095 censura,
1025 4035 1115 4098 qaam
1136 4013 1225 4078 Cone.
1245 4013 1456 4075 Tridentinam

180 4096 290 4158 directe
305 4099 467 4179 indicarit,
487 4107 521 4163 in
541 4103 792 4167 Constitutionern
811 4106 908 4186 suerit
922 4123 1059 4189 expresse
1080 4103 1245 4182 translata,
1264 4102 1366 4164 attera
1385 4121 1456 4183 pars

180 4185 330 4269 abrepata
344 4191 518 4253 censeatur?

220 4277 308 4359 Resp.
335 4274 426 4358 Nep,
448 4279 508 4341 nisi
531 4281 564 4343 id
588 4282 622 4344 in
651 4281 873 4346 Constitutione
894 4291 996 4364 aperte
1020 4283 1199 4358 declaretur,
1227 4286 1319 4362 prout
1343 4279 1461 4342 tactum

178 4362 270 4427 trisse
285 4366 420 4430 vidimus
435 4385 526 4448 super
536 4369 654 4434 decreto
668 4391 736 4433 sess.
751 4374 802 4447 IV,
818 4371 853 4433 de
868 4371 1000 4435 editione
1013 4373 1171 4434 librorum.
1191 4369 1317 4433 Etenim
1337 4385 1373 4432 eo
1387 4385 1459 4430 casu

180 4454 310 4514 materia
323 4474 458 4520 censurae
470 4464 516 4520 est
528 4458 709 4536 divisibilis;
729 4479 798 4540 crgo
810 4462 907 4542 partis
921 4461 1018 4525 unius
1032 4459 1166 4524 mutatio
1180 4458 1260 4522 nihil
1274 4456 1369 4520 afficit
1386 4455 1462 4518 alte

181 4556 248 4601 ram
261 4547 395 4620 partem,
412 4563 511 4626 neque
526 4563 606 4610 nova
622 4548 802 4626 auctoritas,
819 4568 887 4631 quae
909 4569 962 4633 per
976 4549 1211 4614 translationem
1227 4546 1343 4612 accedit
1362 4540 1462 4626 priori
