3206 5042
616 307 660 352 nn
680 305 854 350 cursurus
1305 297 1372 356 117

97 423 273 497 communl;
291 421 318 484 si
340 416 454 481 diversi
477 415 607 490 luserint,
632 417 794 480 aPraelato
817 415 902 478 illius
925 417 979 498 qui
1003 416 1150 497 injuriam
1174 435 1282 498 passus
1306 428 1372 498 est,

96 513 304 576 absolvuntur
316 509 357 588 (c.
374 507 450 568 Cum
463 507 585 567 itionem
594 554 602 584 ,
622 505 658 568 de
671 503 758 566 Sent.
776 505 931 586 Eccum).
946 541 986 550 -
1000 505 1034 566 S.
1049 507 1118 586 Lip.
1135 525 1166 567 n.
1180 511 1251 570 276.

139 603 219 662 Sunt
233 596 327 660 etiam
342 614 445 669 casus,
460 595 495 656 iu
510 595 624 674 quibus
638 612 700 656 non
715 594 815 655 solum
833 593 999 656 reservatio
1013 595 1064 656 secl
1078 595 1186 676 etipsa
1199 615 1374 661 excommu-

96 688 210 749 nicatio
231 690 328 747 cessat
346 704 352 746 :
372 704 402 744 v.
424 701 488 762 gn,
511 684 536 744 si
560 683 630 762 quis
648 685 732 762 justa
756 681 928 744 defensione
949 683 1056 745 dehent
1078 703 1108 746 se
1132 691 1237 747 contra
1255 686 1374 750 hostem

95 775 192 850 tueri;
213 772 239 835 si
259 779 346 853 pater
362 773 410 835 vel
430 771 574 851 Superior
589 771 739 833 clericum
753 771 786 832 in
801 770 974 832 minoribus
993 771 1199 834 coustitutum
1222 777 1375 838 moderate

95 861 245 940 corrigat;
258 860 288 922 si
300 859 434 924 Clericus
449 859 619 939 reperiatur
627 877 720 938 agens
734 857 866 938 turpiter
877 876 948 920 cum
965 864 1078 934 matre,
1091 879 1199 935 uxore,
1214 881 1314 925 sorore
1327 865 1376 927 rel

93 949 167 1011 filia.
190 952 269 1012 Item
292 954 456 1011 excusatur
470 947 583 1010 mulier
596 948 743 1027 repellens
762 947 941 1009 Clericuma
958 965 1019 1026 quo
1033 949 1164 1028 turpiter
1181 951 1372 1015 sollicitatur.

134 1040 238 1113 Quum.
264 1043 297 1101 4⁰
319 1038 448 1112 Quinam
469 1035 523 1096 sub
546 1036 665 1097 nominc
686 1034 886 1112 Curionum,
908 1035 956 1096 cel
978 1037 1197 1098 Menaenorum
1219 1043 1376 1122 utrimque

93 1146 202 1200 sescus,
221 1125 459 1206 iutellipcntffl

138 1215 232 1296 Resp.
246 1235 258 1276 :
273 1213 380 1278 Clerici
398 1213 615 1293 mtelligunlur
630 1229 736 1275 omnes
751 1211 852 1293 prima
871 1217 997 1275 tonsura
1017 1213 1149 1288 initiati,
1166 1217 1255 1278 modo
1272 1221 1376 1282 tamen

95 1303 238 1365 delerant
251 1303 394 1366 habitum
407 1309 437 1364 et
452 1302 589 1364 serviant
602 1301 694 1364 alicui
706 1301 1037 1366 ecclesiae—Menachi
1050 1309 1124 1364 suut
1138 1321 1244 1366 omnes
1258 1307 1375 1368 utrius-

95 1409 157 1471 que
173 1405 274 1455 sexus
282 1392 420 1454 viventes
434 1391 468 1452 in
483 1390 641 1452 communi
658 1390 716 1452 sub
735 1390 836 1470 aliquo
851 1391 1035 1453 Praelatovel
1051 1391 1108 1453 sub
1120 1390 1223 1472 aliqua
1237 1395 1374 1458 Modera-

95 1479 187 1554 trice,
205 1500 245 1543 ex
263 1497 405 1561 expresse
422 1480 470 1543 rel
487 1479 578 1542 tacita
596 1484 684 1559 Papa
699 1479 893 1554 auctoritate,
910 1480 1053 1560 quamvis
1067 1478 1101 1540 in
1117 1498 1223 1542 eorum
1238 1499 1375 1546 commu-

96 1567 198 1630 nitate
213 1587 278 1631 non
292 1570 346 1631 liat
355 1567 514 1648 professio,
528 1568 593 1630 imo
604 1566 747 1648 quamvis
760 1586 867 1630 cerum
881 1568 985 1648 regula
998 1569 1137 1630 nondum
1147 1569 1187 1631 sit
1198 1572 1372 1652 approbata.

95 1688 136 1699 —
163 1661 220 1719 Per
250 1658 417 1738 quemdam
442 1664 548 1720 autem
574 1657 784 1719 extensionem
810 1663 841 1719 et
866 1656 1113 1736 ampliationem,
1142 1659 1200 1720 sub
1230 1661 1377 1724 alterutm

95 1744 211 1807 horum
225 1746 392 1808 nominum
402 1744 620 1824 intelliguntur
632 1763 766 1824 persona
778 1763 885 1807 omnes
897 1762 965 1823 qua
977 1751 1139 1806 censentur
1148 1763 1183 1806 ac
1192 1754 1376 1825 reputantur

97 1832 328 1907 ecclesiastice,
350 1833 454 1913 quales
474 1839 563 1906 sunt,
583 1851 614 1894 v.
636 1851 695 1910 gr„
716 1831 934 1905 seminaristee,
957 1832 1065 1894 saltem
1088 1831 1194 1912 quiin
1213 1835 1376 1898 seminario

97 1920 231 1999 elegunt,
254 1918 377 1982 etiamsi
405 1918 505 2000 prima
525 1927 653 1982 tonsura
677 1939 741 1984 non
765 1920 882 1984 luerint
907 1920 1008 1982 adhuc
1034 1920 1160 1983 initiati.
1185 1957 1224 1966 —
1247 1921 1282 1984 S.
1304 1924 1373 2006 Lip.

96 2030 127 2074 n.
144 2016 221 2088 nto,
244 2017 315 2076 mr.
1303 2072 1305 2076 .

136 2102 243 2174 Qumis.
269 2106 299 2164 5⁰
320 2102 369 2162 An
398 2101 703 2163 encomiuuuiceticni
726 2101 934 2182 subjiciuntur
960 2101 1162 2175 mandantes,
1189 2104 1376 2166 consulentes

86 2191 322 2266 percussionem
342 2189 469 2266 Clerici,
488 2198 542 2251 out
557 2194 585 2250 ei
600 2189 838 2252 consentientes?

133 2276 367 2360 Respmsfirm.
378 2279 406 2340 si
417 2277 541 2341 effectus
551 2283 676 2341 secutus
686 2278 779 2342 luerit
793 2300 799 2354 ;
814 2295 888 2341 nam
901 2280 927 2342 si
942 2297 1006 2342 non
1019 2284 1173 2360 sequetem,
1186 2279 1274 2344 liberi
1285 2289 1376 2344 eruut

96 2365 134 2428 ab
152 2366 485 2431 excommunicatione.
504 2366 594 2431 Ratio
613 2373 673 2444 est,
690 2367 764 2449 qnia
778 2368 848 2430 licet
861 2367 894 2429 id
907 2367 941 2429 in
956 2387 1083 2430 censura
1096 2387 1160 2431 non
1173 2369 1373 2450 exprimatur,

97 2472 263 2522 censuram
276 2465 381 2520 tamen
393 2455 439 2519 ila
452 2453 695 2537 interpretantur
708 2460 862 2530 Ganones,
877 2463 914 2520 ut
926 2463 1029 2536 aperte
1045 2461 1164 2520 constat
1177 2476 1215 2520 ex
1228 2481 1253 2520 e.
1266 2459 1377 2523 Mulie-

98 2563 142 2606 res
157 2553 188 2610 et
203 2567 231 2608 c.
250 2547 378 2622 Quantae
384 2593 395 2625 ,
411 2545 447 2608 de
466 2544 552 2608 Sent.
568 2547 701 2609 Essem.
719 2581 760 2591 -
776 2545 811 2608 S.
828 2545 898 2627 tq.
915 2565 947 2606 n.
964 2549 1031 2609 266.

717 2703 763 2756 llt

138 2802 273 2857 Duellum
289 2803 499 2874 perpetrantes,
518 2801 568 2856 aul
583 2800 754 2872 simpliciter
769 2800 804 2853 ad
819 2799 891 2854 illud
904 2801 1104 2870 provocantes,
1122 2798 1168 2853 rel
1185 2799 1280 2871 ipsum
1297 2819 1379 2862 acce·

102 2881 234 2952 plantes,
246 2881 390 2952 quoslibet
404 2879 559 2952 complices
568 2879 613 2934 vel
627 2879 865 2949 qualemcumque
876 2893 992 2949 operam
1002 2881 1052 2936 aut
1065 2879 1188 2934 levorem
1202 2882 1378 2956 praebentes,

101 2975 154 3015 nee
174 2975 231 3016 non
256 2959 291 3016 de
309 2959 453 3016 industrie
472 2960 649 3033 spectantes,
674 2957 804 3028 illudque
822 2958 1034 3030 permittentes,
1048 2958 1094 3016 vel
1116 2961 1300 3031 quantumin
1318 2967 1379 3024 illis

102 3042 164 3108 est,
182 3055 238 3095 non
252 3039 450 3113 prohibentes,
464 3040 671 3110 cujuscumque
685 3036 835 3108 dignitatis
850 3037 924 3106 sinl,
936 3041 1022 3096 etlam
1035 3039 1194 3111 regalisvel
1206 3041 1378 3117 imperialis.

105 3119 172 3191 (Eoo
183 3119 281 3177 Const.
299 3119 439 3194 Greporii
455 3119 541 3186 XHI,
559 3119 601 3175 Ad
616 3117 791 3187 tollendum,
808 3119 824 3175 5
839 3119 905 3174 Dec.
921 3118 1005 3188 158e3
1023 3118 1181 3177 Clementis
1200 3121 1282 3191 Vlll,
1298 3125 1380 3185 llllus

102 3200 196 3270 vices,
212 3203 246 3256 ll
261 3201 341 3274 Aup.
358 3199 442 3268 laem
457 3198 509 3256 Pii
524 3197 574 3267 lV,
592 3201 632 3255 lla
646 3213 725 3270 quae,
741 3197 775 3254 13
791 3197 865 3256 Νου.
887 3198 971 3269 1560;
984 3198 1140 3255 Benedicti
1153 3199 1236 3267 XIV,
1251 3207 1380 3264 Detesta-

103 3277 210 3351 bilem,
227 3281 262 3338 10
275 3281 349 3339 Νου.
362 3280 442 3336 1751.
454 3309 490 3321 -
501 3279 552 3336 Eu
571 3277 718 3346 Trident,
733 3295 801 3336 sess.
815 3279 903 3350 XXV,
920 3295 944 3336 c.
961 3295 1024 3350 ιιι,
1040 3281 1076 3338 cte
1088 3277 1166 3358 Res.)

232 3417 523 3486 Praenotanda.

145 3551 167 3608 l.
186 3553 299 3612 Fertur
308 3548 373 3610 haec
388 3563 515 3609 censura
527 3545 677 3625 primorie
688 3544 722 3607 in
733 3550 941 3626 perpetrantes
955 3546 1108 3621 duellum,
1125 3549 1173 3611 vel
1188 3549 1377 3630 simpliciter,

105 3636 140 3697 ic
152 3640 198 3698 est
210 3635 304 3698 etiam
318 3636 427 3698 effectu
439 3654 501 3698 non
517 3641 633 3708 secuto,
648 3635 687 3696 ad
699 3632 776 3695 illud
787 3641 983 3713 provocantes
995 3639 1049 3696 aut
1059 3636 1163 3716 ipsum
1174 3646 1378 3720 acceptantes;

104 3724 285 3787 secundario
298 3725 332 3786 in
346 3725 499 3805 quoslibet
512 3723 685 3803 complices,
700 3740 821 3802 operam
834 3729 889 3785 aut
901 3722 1034 3787 faverem
1046 3725 1230 3806 prebentes,
1243 3729 1280 3790 de
1292 3728 1381 3792 indu·

105 3813 184 3875 stria
200 3817 383 3894 spectantes,
399 3819 456 3876 ele.
474 3823 496 3873 ⁴.

147 3904 183 3963 ll.
197 3903 338 3964 censuras
347 3901 535 3965 Tridentinae
546 3903 633 3983 plura
643 3918 698 3980 per
706 3899 946 3964 Constitutiones
956 3902 1154 3977 Pontificum,
1166 3923 1200 3967 ac
1210 3906 1380 3986 praesertim

105 4009 160 4072 per
173 3989 289 4052 bullam
308 3991 472 4053 Clementis
485 3993 551 4052 Vlll
565 3990 656 4052 Illius
671 3991 763 4066 vices,
778 3990 883 4053 addita
901 3997 990 4064 sunt,
1004 4009 1073 4072 quae
1087 4011 1105 4053 a
1119 3993 1170 4055 ss,
1186 3997 1219 4056 D.
1232 3999 1264 4058 P.
1276 3996 1329 4060 Pie
1341 3998 1381 4060 lX

107 4077 252 4159 praesenti
266 4077 393 4142 articulo
411 4079 539 4141 luerunt
551 4079 678 4141 inserta.
694 4081 841 4160 Expresso
855 4078 995 4142 videlicet
1008 4087 1134 4142 extensa
1146 4088 1193 4144 est
1206 4101 1381 4148 excommu-

107 4167 222 4230 nicatio
239 4167 282 4228 act
297 4167 479 4249 simpliciter
497 4178 698 4248 prouocantes
717 4167 766 4230 vel
789 4178 996 4249 acceptamus,
1016 4169 1058 4230 aa
1072 4171 1297 4254 permittentes,
1318 4174 1379 4253 vel,

140 4354 149 4388 ¹
163 4355 200 4404 Ex
213 4353 417 4417 responsiones.
431 4355 526 4416 congr,
539 4353 636 4414 Inquls.
649 4352 681 4402 ad
695 4351 848 4417 Episcopum
861 4352 1058 4416 pictaviensem,
1071 4359 1096 4406 31
1111 4355 1169 4406 llail
1182 4363 1242 4410 1884
1253 4373 1259 4406 ι
1272 4357 1383 4410 Medicus

109 4425 151 4476 vel
167 4425 350 4485 confessarius,
362 4423 406 4490 qui
417 4423 504 4474 duello
517 4423 624 4485 assistit,
634 4427 680 4474 aut
694 4422 772 4474 etiam
784 4423 810 4472 in
821 4423 991 4476 <lemovicina
1003 4439 1047 4476 seu
1061 4425 1114 4478 loce
1126 4429 1266 4493 propinquo
1277 4443 1309 4481 ex
1322 4443 1382 4482 con-

111 4495 265 4556 dictasunt,
279 4499 386 4561 paratus
397 4493 605 4561 adprehendam
617 4505 693 4545 suurn
703 4494 875 4545 mmisten'um
885 4493 1071 4558 duellautilsus,
1085 4498 1106 4548 si
1117 4511 1181 4564 opus
1195 4499 1283 4562 luerim
1294 4516 1384 4567 quarn

109 4567 149 4618 uls
162 4581 221 4620 cnm
237 4567 379 4620 mantione
389 4567 479 4620 venial
493 4567 567 4619 citius
578 4567 656 4631 fluens
667 4579 762 4632 pigne
772 4565 932 4632 imputandi,
949 4566 1056 4620 incurrit
1070 4571 1366 4626 excommurlcacionem.
