3198 5036
604 211 646 255 nn
668 210 915 255 nuouaarsrm
1330 210 1396 270 tte

123 330 189 396 tus,
207 340 268 386 non
286 324 384 402 potest
398 325 501 382 tannen
516 319 576 384 dici
591 321 753 384 celebrasse
768 320 904 384 conscius
919 324 1031 401 peccati
1051 327 1188 388 mortalis
1203 330 1268 393 sine
1282 334 1397 412 previa

122 411 315 475 confessione.
333 411 416 472 Hanc
431 410 615 472 sententiam
631 409 816 490 probabilem
830 409 905 472 dicit
919 409 953 470 S.
964 412 1032 493 Lip.
1050 434 1081 474 n.
1098 418 1167 488 267,
1184 422 1252 496 post
1263 419 1394 484 Locroi'n

120 511 151 562 ee
167 500 366 562 otioseontra
378 497 623 580 Snorentopo,
642 505 697 561 etc.
1351 541 1365 567 .

161 591 262 664 Quina.
278 593 310 650 Ἰο
320 587 368 648 An
383 595 515 648 teneatur
528 587 668 668 confiteri
677 605 878 658 eunnrnmmr
892 584 1039 652 Socoldos
1052 591 1202 656 celebrans
1217 612 1393 674 secernens,

121 698 182 738 non
207 687 330 758 arpenta
347 678 533 747 neccessitate,
557 675 616 754 uel,
635 677 663 737 si
680 677 741 739 boe
757 689 877 758 arpent,
901 698 961 737 irin
985 679 1138 760 deficiente
1159 684 1244 766 eopia
1267 683 1394 766 Confes-

121 765 219 827 sarii?

159 855 249 937 Besp.
266 853 343 935 Nep.
362 853 450 918 Ratio
465 858 524 928 est,
539 855 611 935 quia
625 861 808 936 preceptum
825 855 917 918 Cone.
937 857 1073 920 Trident.
1093 859 1253 922 ordinatur
1270 867 1394 926 tantum

120 945 157 1006 ad
169 943 385 1006 incutiendum
398 949 518 1004 metum
530 942 569 1004 iis
581 942 635 1023 qui
647 949 794 1024 pretextu
806 946 995 1008 necessitatis
1005 947 1221 1012 contessionem
1232 950 1391 1028 differunt,

118 1051 183 1095 non
195 1050 265 1096 rere
279 1031 501 1094 celebrantibus
514 1034 670 1114 sacrilepe,
691 1033 805 1113 quibus
819 1042 1003 1115 praeceptum
1022 1036 1199 1118 hujusmodi
1221 1039 1306 1103 valde
1325 1061 1393 1104 rare

117 1123 285 1201 prodesset;
300 1120 352 1202 qui
368 1119 451 1182 enim
466 1126 638 1202 contempto
657 1130 804 1202 precepto
819 1123 924 1186 divino
942 1125 1058 1188 audent
1071 1125 1211 1206 sacrilege
1225 1127 1390 1206 celebrare,

118 1209 238 1272 facilius
261 1227 332 1272 sane
354 1215 537 1289 praeceptum
559 1211 696 1274 Ecclesia
717 1217 957 1276 contemnerent.
979 1216 1088 1276 —lto
1109 1217 1393 1280 conrmnnissimeet

118 1302 219 1360 verius
235 1298 271 1360 S.
287 1299 368 1378 Lep,
386 1318 416 1359 n.
433 1302 504 1362 266.

158 1390 260 1463 Quian.
279 1391 310 1451 8ο
328 1387 380 1448 An
394 1387 517 1466 affectus
535 1388 577 1449 od
593 1388 719 1470 aliquod
731 1401 887 1472 peecatum
908 1391 1022 1452 veniale
1045 1401 1138 1455 totum
1152 1395 1284 1473 sanetum
1305 1395 1392 1458 Com-

117 1477 266 1537 munionis
280 1475 444 1558 impediat?

156 1565 245 1648 Hesp.
260 1564 339 1646 Nep.
356 1565 444 1628 Ratio
458 1572 519 1640 est,
534 1566 606 1646 qcria
621 1567 763 1630 voluntas
779 1567 855 1630 bene
869 1575 968 1649 potest
981 1570 1046 1650 pios
1061 1577 1164 1632 nretus
1176 1572 1306 1650 experiri
1320 1591 1391 1653 erga

115 1655 214 1715 Deum
228 1660 258 1715 et
272 1654 519 1728 Sacramentum,
533 1655 603 1716 licet
613 1655 756 1718 affectum
771 1656 903 1736 aliquem
917 1657 1025 1719 leviter
1039 1658 1255 1720 deordinatum
1271 1661 1309 1722 ad
1324 1680 1388 1724 rem

112 1740 333 1820 particularem
348 1741 630 1820 1·etineat;pminde
645 1743 874 1804 communicans
892 1762 963 1806 earm
977 1745 1031 1806 tali
1048 1745 1157 1807 affectu
1174 1764 1236 1808 non
1250 1748 1390 1828 privatur

113 1827 204 1891 omni
217 1827 319 1890 lructu
331 1827 540 1891 Eucharistiae.
554 1865 594 1875 -
606 1829 640 1891 S.
655 1831 737 1912 Lip„
752 1852 782 1892 n.
798 1836 868 1904 ΙΙΙ),
886 1841 914 1892 et
925 1831 982 1894 olii
991 1835 1180 1894 conmoratus.

429 2021 449 2113 ἐ
470 2025 514 2091 ΙΙ.
541 2025 588 2091 De
603 2025 882 2112 dispositionibus
901 2029 1066 2114 eorporis.

75 2211 78 2216 ’
112 2291 131 2349 ἲ
153 2199 280 2350 {upler}
292 2198 449 2278 dispositio
479 2201 648 2282 requiritur
675 2221 711 2265 er
738 2211 824 2283 parte
849 2204 997 2284 corperis,
1024 2205 1135 2267 scilieet
1159 2212 1191 2269 1⁰
1210 2207 1381 2288 jejunium,

133 2299 145 2328 ⁰
186 2305 256 2350 ecen
272 2306 311 2349 ra.

662 2457 802 2502 PUNCTUM
824 2459 835 2501 Ι

434 2589 471 2644 lle
485 2586 596 2660 jejunio
611 2585 645 2642 ad
662 2587 895 2645 communionem
912 2589 1059 2660 requisito.

233 2737 456 2820 Principia.

150 2885 219 2946 329.
237 2919 276 2930 -
294 2887 316 2946 Ι.
336 2887 382 2946 Ex
400 2893 546 2965 praecepte
563 2887 700 2949 Ecclesiae
719 2887 757 2949 ad
773 2887 1028 2950 communionem
1047 2887 1216 2968 requiritur
1224 2888 1380 2968 jejunium

95 2971 266 3050 naturale,
284 2991 337 3035 seu
351 2969 537 3037 abstinentia
553 2976 652 3037 totalis
665 2983 733 3055 post
747 2975 880 3038 mediam
897 2982 1018 3038 noctem
1035 2993 1052 3037 a
1066 2995 1097 3038 re
1114 2976 1266 3056 qualibet,
1283 2993 1381 3055 quan-

109 3061 228 3124 tumvis
242 3061 388 3136 minima,
403 3081 471 3142 quae
484 3062 620 3125 sumitur
633 3081 686 3143 per
702 3065 827 3126 modum
840 3063 899 3126 cibi
911 3071 942 3126 et
956 3071 1060 3144 petus,
1079 3063 1167 3126 certis
1183 3070 1285 3126 tamen
1297 3082 1380 3126 exee-

109 3149 170 3230 ptis
181 3149 313 3212 casibus.
327 3153 451 3214 Constat
466 3157 496 3214 lt
511 3169 548 3214 ex
563 3151 728 3214 universali
741 3152 877 3214 Ecclesiae
893 3153 1111 3215 consuetudine
1121 3157 1151 3214 et
1164 3151 1305 3215 unanimi
1322 3158 1381 3214 tra-

108 3237 238 3312 ditione3
251 3243 282 3301 2⁰
289 3259 327 3302 ex
335 3240 480 3302 omnibus
490 3239 687 3302 Gateebismis
697 3247 727 3302 et
735 3239 908 3304 Ritualibus
918 3241 955 3303 ab
965 3240 1095 3303 Ecclesia
1102 3239 1290 3322 approbatis;
1301 3245 1333 3304 3ο
1344 3259 1381 3304 ex

108 3327 248 3390 Consiliis
260 3334 290 3390 et
303 3327 473 3410 pracsertim
485 3347 522 3390 ex
535 3327 626 3390 Cone.
646 3326 880 3406 Constantiani,
892 3347 960 3390 sess.
978 3331 1054 3392 Xlll.

145 3417 183 3478 Π.
201 3417 249 3478 Ad
264 3416 419 3497 jejunium
438 3417 515 3479 illud
535 3415 753 3496 frangendum,
771 3418 862 3496 juxta
885 3435 1081 3480 communem
1103 3419 1302 3492 sententiam,
1321 3425 1381 3480 tres

106 3505 309 3586 requiruntur
320 3505 522 3578 conditiones,
535 3524 643 3585 nempe
654 3507 679 3566 Ι·
691 3507 731 3567 ΙΙΙ
740 3506 820 3585 qued
833 3505 977 3577 sumitur,
993 3505 1031 3566 ob
1045 3508 1214 3568 extrinseco
1224 3513 1377 3582 sumatur,

107 3599 136 3656 et
157 3592 192 3656 in
214 3595 405 3657 stomachum
425 3594 612 3676 trajiciatur3
634 3595 705 3675 quia
725 3595 805 3676 quod
823 3612 885 3656 non
904 3594 1046 3674 prevenit
1064 3596 1101 3657 ab
1120 3595 1304 3670 extrinseco,
1325 3595 1383 3657 etsi

107 3682 278 3744 voluntarie
291 3683 487 3763 deglutiatur,
501 3701 563 3764 non
577 3683 689 3746 dicitur
706 3683 899 3744 manducatio
916 3703 927 3744 .·
944 3701 991 3745 res
1006 3683 1090 3746 enim
1104 3701 1172 3765 quae
1191 3683 1380 3746 manducau-

106 3776 168 3844 tur‚
183 3771 222 3834 ab
232 3775 317 3834 entra
328 3773 523 3852 proveniunt.
536 3773 613 3836 Hinc
623 3772 747 3853 sanguis
759 3773 884 3836 eiiluens
897 3791 934 3835 ex
943 3791 993 3835 ore
1003 3821 1009 3848 ,
1019 3773 1139 3853 lingua,
1152 3771 1295 3853 gingivis,
1308 3777 1377 3846 ete,

106 3875 168 3922 non
188 3859 304 3940 trangit
323 3861 488 3943 jejunium.
515 3861 601 3938 Quod
619 3869 723 3924 aretem
749 3861 783 3923 in
807 3861 999 3924 stomachum
1020 3880 1080 3924 non
1103 3859 1263 3942 trajicitur,
1283 3879 1380 3942 neque

107 3947 193 4010 cibus
206 3956 268 4022 est,
285 3967 383 4030 neque
394 3957 495 4031 potus.
512 3987 551 3996 -
566 3950 604 4013 S.
618 3950 689 4031 Lip.
708 3971 739 4012 n.
753 3955 824 4014 nte.
843 3988 881 3996 —
895 3949 1002 4028 Elbel,
1021 3971 1050 4012 n.
1065 3954 1115 4024 91,
1132 3955 1188 4012 etc.

144 4037 335 4118 [nmquid
354 4045 496 4102 sumatur
517 4060 573 4121 pei·
593 4040 714 4102 modern
737 4041 926 4102 comestionis
945 4049 999 4100 ont
1013 4043 1190 4122 potationis.
1212 4038 1299 4103 Ratio
1319 4045 1380 4112 est,

106 4125 179 4205 quia
186 4128 278 4207 juxta
290 4145 415 4191 sensum
429 4145 625 4192 communem
638 4129 694 4190 hoc
712 4135 837 4192 tantum
855 4130 944 4191 modo
957 4128 1110 4208 frangitur
1120 4127 1276 4210 jejunium
1290 4134 1382 4190 nalu-

105 4215 176 4276 ralc.
194 4216 280 4279 Unde
294 4217 444 4297 quidquid
459 4235 511 4296 per
525 4217 655 4279 medum
667 4217 874 4299 respirationis
887 4217 1051 4280 autsaliva
1062 4217 1215 4292 hauritur,
1225 4217 1379 4299 jejunium

106 4303 281 4368 nullatenus
300 4305 423 4387 frangit.
447 4306 495 4368 Sic
510 4308 635 4387 jejunus
655 4325 809 4379 remanes,
826 4306 895 4368 licet
909 4324 963 4385 per
977 4305 1207 4386 respirationem
1223 4307 1380 4387 pulverem

106 4393 152 4454 vel
163 4411 303 4457 muscam
317 4394 504 4474 deglutieris.
522 4429 560 4438 -
574 4393 609 4456 S.
630 4394 731 4456 Tbom.
747 4431 787 4440 -
803 4394 838 4456 S.
856 4395 925 4475 Lip.
943 4415 974 4456 n.
988 4399 1058 4459 280.

144 4482 196 4544 ut·
212 4487 252 4546 Ut
271 4501 318 4546 res
337 4489 460 4564 sumpta
480 4482 591 4546 babeat
611 4485 757 4546 rou‘onem
779 4483 850 4562 cabi,
868 4493 922 4544 ont
937 4499 1042 4566 potos,
1062 4483 1092 4548 id
1115 4493 1175 4557 est,
1192 4492 1228 4547 ut
1248 4483 1289 4545 sit
1303 4480 1376 4562 qrrid
