3224 5044
451 293 495 337 nn
516 291 753 338 succulento
773 293 1013 339 rmnrrnnrna
1304 278 1373 338 275

98 403 192 466 nendi
206 403 288 466 inter
296 403 440 465 mortalia
451 409 482 466 et
496 403 643 477 venialia,
656 409 836 485 etquenam
849 404 914 466 sint
926 405 1069 466 mortalia
1082 411 1113 466 et
1124 403 1256 466 venialia
1265 403 1300 465 in
1309 403 1374 466 sin-

99 493 179 574 gulis
190 492 357 572 preceptis
368 491 476 553 saltem
487 494 579 571 juxta
593 492 742 572 principit
755 493 906 572 generalia
919 498 949 554 et
960 510 1155 554 communem
1164 491 1375 570 theologorum

100 580 295 644 sententiam.
312 583 390 642 Item
404 580 533 661 quinam
551 579 615 642 sint
635 588 721 644 actius
736 580 830 643 validi
844 584 874 642 ot
887 579 975 642 liciti
992 581 1079 644 Ratio
1093 587 1191 662 putet,
1206 579 1282 660 quia
1299 578 1376 642 illud

101 673 271 749 eognoscat,
288 673 418 749 oportet,
439 670 476 731 de
494 687 555 750 quo
567 669 703 748 judicare
718 669 821 745 debet3
838 668 976 750 alioquin
989 687 1114 750 equum
1131 668 1285 748 judicium
1299 667 1376 729 lerre

101 777 163 820 non
176 757 300 837 poterit.

142 852 174 909 3⁰
188 849 371 925 Cognoscere
387 847 476 909 debet
493 865 580 908 casus
596 853 764 909 reservatos
781 850 812 908 et
826 865 968 909 censuras
985 845 1140 926 vigenteS,
1157 845 1378 926 impedimenta

103 934 311 1009 matrimonii,
328 933 515 997 conditiones
531 941 760 1009 contractuum,
777 933 877 997 vemas
894 953 1002 996 causas
1020 933 1242 1008 restitutionis,
1263 932 1378 995 radices

102 1029 132 1084 et
148 1022 318 1086 occasiones
339 1029 545 1102 peccatorum,
563 1023 696 1086 remedia
714 1022 789 1103 ipsis
805 1021 972 1096 afferenda,
994 1022 1214 1085 satisfactiones
1232 1016 1378 1086 salutares

104 1117 132 1173 et
147 1111 364 1174 convenientes
378 1111 596 1192 imponendas,
610 1118 667 1173 etc.

143 1203 176 1262 4⁰
191 1203 294 1262 Pectat
307 1199 403 1280 igitur
414 1199 637 1274 Centenarium,
654 1200 708 1281 qni
723 1199 897 1281 praedictam
919 1199 1079 1262 scientiam
1098 1199 1157 1262 sibi
1172 1200 1272 1261 deesse
1288 1217 1380 1260 uovo-

103 1289 162 1363 rit,
183 1286 306 1350 etiamsi
327 1307 363 1349 eu
385 1288 447 1352 sola
471 1288 597 1351 caritate
614 1295 645 1350 ot
663 1287 834 1351 obedientia
854 1287 1053 1350 confessiones
1073 1286 1213 1368 excipiat.
1232 1289 1290 1348 Nec
1304 1287 1381 1360 {eum

104 1396 157 1457 per
172 1396 204 1439 se
222 1383 349 1438 excusat
366 1376 541 1457 approbatio
554 1377 707 1458 Episcopi;
727 1377 791 1440 baec
807 1377 892 1438 enim
904 1395 967 1438 non
981 1377 1033 1438 dat
1045 1375 1205 1438 scientiam
1220 1394 1257 1438 ex
1270 1381 1384 1438 natura

105 1465 148 1527 rei
166 1465 317 1538 debitam,
335 1483 388 1528 nec
405 1468 470 1546 oJ’ns
490 1465 640 1528 delectum
660 1467 846 1547 supplet-
866 1466 903 1528 S.
919 1465 1002 1545 Lip,
1020 1467 1112 1526 Hono.
1130 1473 1242 1546 apost,
1257 1484 1290 1526 n.
1311 1467 1381 1526 100.

146 1558 217 1617 609.
233 1591 274 1600 -
288 1558 321 1617 5⁰
336 1557 441 1616 Pectat
454 1554 549 1616 etiam
563 1553 705 1634 Superior
717 1553 771 1636 qui
785 1555 891 1634 ignaro
903 1553 1091 1618 donlessario
1103 1553 1227 1616 ueniam
1241 1554 1294 1615 dat
1307 1555 1384 1614 Gon-

106 1643 251 1704 fessiones
270 1641 455 1722 excipiendi,
477 1643 550 1724 quia
571 1645 635 1723 ejus
656 1651 775 1724 peccato
798 1642 950 1704 consentit
968 1647 1059 1722 00000
1078 1647 1267 1721 cooperatum
1287 1657 1385 1719 nequo

106 1731 247 1792 excusari
272 1737 385 1809 potest,
409 1730 469 1792 nisi
492 1737 616 1810 propter
641 1731 885 1792 necessitatem:
910 1747 1019 1810 nempe
1044 1729 1071 1790 si
1096 1748 1158 1791 non
1182 1728 1283 1790 adsint
1306 1725 1386 1788 docti

108 1820 294 1890 Sacerdotes,
312 1825 341 1878 et
357 1817 482 1880 interim
497 1819 576 1879 bono
591 1818 767 1880 altmarum
780 1817 1026 1879 subveniendum
1041 1815 1092 1877 sit.

149 1911 181 1967 6⁰
196 1909 299 1966 Peccat
312 1911 343 1966 ct
356 1905 420 1984 ipse
435 1904 600 1984 penitens,
617 1905 671 1986 qui
687 1907 723 1967 de
738 1905 892 1968 industria
905 1905 1045 1984 ineptum
1056 1903 1141 1984 eligit
1148 1901 1385 1966 Gonlessarimn.

109 1994 140 2056 Si
160 1992 230 2073 quis
246 1999 349 2054 tamen
372 1992 412 2054 sit
430 1992 464 2054 in
484 1993 651 2069 bonafide,
669 1993 770 2056 ualida
788 1994 847 2055 erit
866 1993 1029 2066 ¹confessi03
1046 1992 1119 2073 qma
1133 2011 1171 2053 ex
1191 1998 1277 2072 parte
1290 1989 1388 2071 penni-

110 2081 207 2144 tentis
222 2080 390 2143 intervenit
400 2081 519 2162 integra
528 2087 718 2161 peccatorum
731 2081 891 2144 declaratio
904 2087 935 2143 et
947 2081 1049 2143 debita
1059 2081 1157 2142 animi
1166 2079 1339 2161 dispositio;
1351 2098 1389 2140 ex

110 2175 197 2250 parte
212 2169 393 2232 Gorilessarii
407 2169 576 2232 intervenit
590 2170 697 2232 saltem
712 2169 843 2250 cognitio
857 2176 1048 2251 peccatorum
1063 2169 1120 2232 sub
1134 2167 1251 2232 ratione
1265 2165 1389 2230 confusa

110 2257 240 2338 peccati,
258 2259 339 2339 quod
352 2259 392 2319 ad
404 2258 565 2320 materiam
581 2259 769 2321 sacramenti
778 2257 899 2322 sufficit.

150 2353 184 2409 7⁰
199 2346 395 2427 Experientia
409 2365 471 2408 non
482 2353 581 2427 potest
591 2347 750 2410 scientiam
763 2347 916 2428 supplere,
934 2349 986 2410 sed
1001 2347 1101 2410 solum
1116 2365 1183 2409 eam
1194 2349 1317 2426 juvatum
1334 2344 1390 2406 ubi

112 2443 217 2499 autem
232 2435 366 2497 scicntia
380 2435 522 2516 prasidio
539 2435 736 2510 destituatur,
755 2435 920 2498 inermies
938 2434 1103 2516 plurimos,
1121 2453 1231 2517 eosque
1246 2433 1389 2514 gravissi-

110 2543 192 2600 moS,
207 2523 406 2586 temerarium
416 2523 642 2587 confessarimn
656 2524 802 2606 impellet.

150 2618 182 2676 8⁰
195 2613 402 2676 confessarius
415 2611 514 2692 igitur
528 2613 659 2693 quilibet
671 2614 774 2676 sedulo
787 2613 944 2694 theologia
958 2612 1083 2675 moralis
1096 2611 1197 2674 studio
1210 2611 1391 2674 incumbere

112 2708 245 2776 tenetur;
267 2709 313 2774 et,
338 2707 374 2762 ut
388 2701 497 2762 asserit
512 2702 548 2763 S.
565 2701 649 2781 Lip„
666 2701 759 2762 Horo.
775 2712 887 2782 apost,
907 2723 938 2764 0.
961 2708 1020 2766 100
1041 2721 1047 2762 :
1068 2703 1235 2782 ultraquam
1257 2700 1390 2760 studium

111 2791 191 2851 illud
203 2789 403 2848 intermittere
417 2788 519 2865 debet;
537 2794 611 2869 quic
632 2809 670 2850 ea
691 2800 731 2850 tot
752 2791 840 2850 rebus
854 2790 980 2851 (000ον000
1000 2799 1028 2849 00
1050 2790 1131 2848 inter
1151 2809 1182 2848 se
1201 2787 1389 2868 dieparlbm,

110 2895 178 2958 pua
191 2875 231 2936 od
242 2875 320 2934 banc
330 2876 487 2934 scientiam
495 2878 651 2955 pertinent
657 2923 666 2953 ,
677 2878 774 2937 malta
784 2881 921 2958 quamuis·
933 2878 1010 2937 lecta
1015 2924 1025 2954 ‚
1038 2879 1224 2958 putaremus
1236 2873 1390 2950 accidunt,

112 2965 256 3044 {cruperis
268 2981 430 3042 progressu
443 2983 457 3020 c
469 2973 565 3022 merite
580 2964 720 3025 decidunt
728 2983 740 3042 ,¹
755 2985 848 3046 quare
863 2976 983 3045 opertet
996 2984 1116 3045 semper
1125 2963 1281 3045 frequenti
1290 2962 1390 3024 studio

111 3075 146 3114 ea
161 3057 195 3112 in
206 3061 333 3112 mentem
347 3069 495 3110 reuocare.

153 3145 186 3204 9⁰
201 3139 280 3204 Hinc
298 3144 382 3218 patet
396 3155 490 3218 quam
510 3140 642 3217 graviter
658 3139 704 3202 illi
723 3147 840 3214 errent,
854 3141 909 3221 qui
922 3141 1082 3204 scientiam
1096 3141 1253 3220 theologiae
1267 3138 1391 3202 moralis

113 3230 232 3293 lacilem
249 3234 280 3289 et
299 3227 353 3289 uix
372 3225 475 3306 aliqua
493 3226 662 3289 attentione
685 3228 809 3307 dignam
828 3233 985 3310 reputant,
1009 3228 1202 3302 dictitantes,
1224 3247 1311 3291 casus
1331 3226 1392 3290 fere

115 3337 219 3380 omnes
234 3316 336 3395 aliquo
358 3333 450 3376 sensu
466 3315 640 3389 communi,
660 3334 732 3378 cum
750 3315 972 3398 principiorum
987 3317 1175 3395 generalium
1191 3315 1301 3379 notitia
1314 3315 1391 3378 solvi

114 3425 210 3486 posse.
229 3439 270 3450 -
284 3403 429 3483 Apposite
445 3403 527 3466 idem
544 3409 575 3467 S.
593 3404 748 3484 Ligurius,
769 3404 822 3466 lib.
840 3408 895 3478 Vl,
916 3423 948 3467 n.
970 3409 1029 3468 628
1046 3423 1053 3466 :
1072 3405 1129 3480 Qui
1152 3405 1192 3466 ad
1206 3405 1262 3466 boc
1282 3423 1391 3464 manas

115 3493 286 3576 excipiendi
301 3493 498 3573 consessiones
513 3493 638 3554 indiam
645 3539 654 3571 ‚
675 3514 735 3554 000
748 3494 840 3574 facile
855 3493 914 3554 sibi
922 3493 1128 3574 persuadeant
1143 3493 1225 3574 quod
1237 3494 1312 3553 setis
1328 3491 1393 3552 idc-

117 3605 183 3646 0000
196 3583 238 3644 ad
257 3593 374 3643 tantam
388 3603 496 3643 munuc
513 3601 543 3643 00
558 3582 679 3644 reddere
690 3586 812 3663 possint
829 3583 893 3642 sitae
912 3583 1059 3643 diuturna
1074 3581 1175 3642 studio
1189 3581 1320 3643 scientia
1334 3601 1394 3641 000-

118 3673 190 3732 ralis
198 3717 207 3748 ,
222 3691 278 3753 pro
298 3692 359 3752 pua
372 3681 452 3732 certe
466 3689 526 3732 non
537 3671 656 3752 sufficit
672 3672 807 3752 aliquam
824 3691 1005 3752 percurrere
1016 3669 1195 3732 summulam
1208 3689 1312 3730 earum
1326 3687 1394 3750 qaae

116 3761 391 3840 circumferentem·
403 3779 456 3820 000
475 3761 548 3822 satis
569 3770 612 3821 est
628 3760 783 3842 generalia
795 3762 953 3842 principia
970 3761 1063 3841 bajus
1078 3757 1340 3840 facultatatem,
1359 3765 1395 3818 ut

118 3849 256 3929 quedam,
272 3850 419 3910 casulatus
439 3859 671 3927 000000000ηο00,
690 3857 864 3911 autumant.
884 3847 1013 3910 Moralis
1031 3850 1110 3909 enim
1125 3847 1252 3908 amentia
1265 3867 1327 3906 non
1345 3866 1393 3907 00-

121 3937 181 3997 lum
197 3937 284 3998 ualde
298 3939 464 3998 necessaria
481 3947 524 3998 est
534 3937 721 4000 Ὶ6000000000
733 3937 922 4019 republicae,
935 3959 1001 3999 cum
1012 3957 1050 3999 aa
1060 3957 1096 3998 ea
1106 3935 1272 4018 dependeat
1284 3935 1393 3997 000000

121 4027 252 4106 reprom
269 4027 459 4103 catinarum
468 4025 520 4087 sed
529 4027 617 4088 ettam
627 4047 813 4108 cummopere
822 4026 978 4109 difficilia·
993 4026 1136 4106 tumquia
1146 4026 1214 4106 ipra
1225 4023 1394 4105 generalem

121 4115 261 4176 notitiam
274 4114 406 4193 requirit
417 4115 555 4173 0000000
573 4115 705 4176 aliarum
720 4119 932 4192 scientiarum,
954 4115 1127 4196 officiorum
1141 4121 1170 4174 et
1182 4115 1310 4191 artium,
1330 4121 1393 4174 tum

122 4206 194 4282 quia
206 4211 250 4263 tot
265 4201 401 4262 diversae
417 4202 623 4282 complectitur
634 4207 778 4264 trieterica
790 4205 869 4264 inter
881 4223 910 4264 sc
919 4202 1060 4272 dissitum·
1073 4209 1136 4263 tum
1150 4202 1223 4283 quia
1237 4205 1271 4262 in
1281 4221 1394 4288 magna

38 4273 40 4354 l
121 4301 211 4368 pate
224 4297 343 4350 0000000
360 4297 403 4348 000
421 4287 534 4369 lepebno
548 4291 689 4370 positivis
695 4336 704 4367 ,
722 4309 789 4372 qua
803 4292 924 4352 nonnisi
937 4289 1022 4371 apud
1035 4291 1183 4351 casulatus
1197 4290 1300 4353 allata
1317 4291 1397 4352 moe-

40 4437 42 4460 ,
126 4379 263 4454 meatur,
275 4385 304 4436 00
313 4377 445 4438 mamma
458 4377 545 4458 opud
555 4381 747 4456 rmattioreo,
759 4399 826 4440 eum
840 4378 1012 4460 hujusmodi
1020 4378 1096 4460 lepes
1108 4380 1141 4440 ia
1156 4379 1219 4440 dies
1233 4379 1394 4461 prodeant.

40 4465 43 4572 j
127 4465 253 4530 Demum
276 4463 464 4546 difficillima
484 4463 584 4528 cendit
602 4475 735 4547 propter
755 4469 932 4528 innumerae
956 4486 1081 4529 casuum
1101 4469 1398 4529 circumstantiarum

127 4555 235 4634 quibus
250 4554 469 4616 resolutionem
484 4553 593 4637 pendet
609 4559 741 4617 uarietas
755 4574 767 4616 .·
781 4575 849 4616 riam
864 4576 901 4617 ea
916 4556 1212 4620 circumstantiarum
1223 4557 1398 4619 diuersitate
