<?xml version="1.0" encoding="UTF-8"?>
<!DOCTYPE html PUBLIC "-//W3C//DTD XHTML 1.0 Transitional//EN"
    "http://www.w3.org/TR/xhtml1/DTD/xhtml1-transitional.dtd">
<html xmlns="http://www.w3.org/1999/xhtml" xml:lang="en" lang="en">
 <head>
  <title>
</title>
<meta http-equiv="Content-Type" content="text/html;charset=utf-8" />
  <meta name='ocr-system' content='tesseract 3.04.00' />
  <meta name='ocr-capabilities' content='ocr_page ocr_carea ocr_par ocr_line ocrx_word'/>
</head>
<body>
  <div class='ocr_page' id='page_1' title='image "./compendiumtheol03gurygoog_0175.png"; bbox 0 0 3198 5036; ppageno 0'>
   <div class='ocr_carea' id='block_1_1' title="bbox 192 193 930 279">
    <p class='ocr_par' dir='ltr' id='par_1_1' title="bbox 192 193 930 279">
     <span class='ocr_line' id='line_1_1' title="bbox 192 193 930 279; baseline -0.004 -22"><span class='ocrx_word' id='word_1_1' title='bbox 192 193 260 279; x_wconf 67' lang='grc'><strong>162</strong></span> <span class='ocrx_word' id='word_1_2' title='bbox 721 203 930 255; x_wconf 77' lang='lat' dir='ltr'>reserares</span> 
     </span>
    </p>
   </div>
   <div class='ocr_carea' id='block_1_2' title="bbox 188 313 1468 561">
    <p class='ocr_par' dir='ltr' id='par_1_2' title="bbox 188 313 1468 561">
     <span class='ocr_line' id='line_1_2' title="bbox 188 313 1466 398; baseline -0.004 -13"><span class='ocrx_word' id='word_1_3' title='bbox 188 320 281 385; x_wconf 85' lang='lat' dir='ltr'>Missa</span> <span class='ocrx_word' id='word_1_4' title='bbox 292 317 388 398; x_wconf 80' lang='lat' dir='ltr'>gratis</span> <span class='ocrx_word' id='word_1_5' title='bbox 402 316 552 397; x_wconf 88' lang='lat' dir='ltr'>promissa</span> <span class='ocrx_word' id='word_1_6' title='bbox 567 322 719 398; x_wconf 74' lang='lat' dir='ltr'>appareat.</span> <span class='ocrx_word' id='word_1_7' title='bbox 735 315 825 382; x_wconf 86' lang='lat' dir='ltr'>Ratio</span> <span class='ocrx_word' id='word_1_8' title='bbox 839 319 898 389; x_wconf 89' lang='lat' dir='ltr'>est,</span> <span class='ocrx_word' id='word_1_9' title='bbox 916 314 991 397; x_wconf 90' lang='lat' dir='ltr'>quia</span> <span class='ocrx_word' id='word_1_10' title='bbox 1004 313 1059 396; x_wconf 86' lang='lat' dir='ltr'>qui</span> <span class='ocrx_word' id='word_1_11' title='bbox 1079 315 1164 380; x_wconf 89' lang='lat' dir='ltr'>dedit</span> <span class='ocrx_word' id='word_1_12' title='bbox 1183 314 1390 396; x_wconf 73' lang='lat' dir='ltr'><strong>stipendium,</strong></span> <span class='ocrx_word' id='word_1_13' title='bbox 1406 333 1466 380; x_wconf 57' lang='lat' dir='ltr'>no*</span> 
     </span>
     <span class='ocr_line' id='line_1_3' title="bbox 188 403 1468 561; baseline -0.002 -92"><span class='ocrx_word' id='word_1_14' title='bbox 188 405 514 561; x_wconf 44' lang='lat' dir='ltr'>{ffiitlpad‘pltizzmentm</span> <span class='ocrx_word' id='word_1_15' title='bbox 537 403 693 486; x_wconf 74' lang='lat' dir='ltr'>spirituale</span> <span class='ocrx_word' id='word_1_16' title='bbox 709 404 836 485; x_wconf 89' lang='lat' dir='ltr'>patitur.</span> <span class='ocrx_word' id='word_1_17' title='bbox 852 440 891 450; x_wconf 90' lang='lat'>-</span> <span class='ocrx_word' id='word_1_18' title='bbox 904 403 958 468; x_wconf 90' lang='lat' dir='ltr'>Ita</span> <span class='ocrx_word' id='word_1_19' title='bbox 980 403 1016 468; x_wconf 89' lang='lat' dir='ltr'>S.</span> <span class='ocrx_word' id='word_1_20' title='bbox 1037 403 1120 486; x_wconf 66' lang='lat' dir='ltr'>Liq„</span> <span class='ocrx_word' id='word_1_21' title='bbox 1144 413 1174 466; x_wconf 90' lang='lat' dir='ltr'>et</span> <span class='ocrx_word' id='word_1_22' title='bbox 1190 404 1248 466; x_wconf 84' lang='lat' dir='ltr'>alii</span> <span class='ocrx_word' id='word_1_23' title='bbox 1265 407 1468 467; x_wconf 83' lang='lat' dir='ltr'>communiter</span> 
     </span>
    </p>
   </div>
   <div class='ocr_carea' id='block_1_3' title="bbox 187 588 1467 950">
    <p class='ocr_par' dir='ltr' id='par_1_3' title="bbox 187 588 1467 950">
     <span class='ocr_line' id='line_1_4' title="bbox 225 588 1467 728; baseline -0.006 -68"><span class='ocrx_word' id='word_1_24' title='bbox 225 597 299 695; x_wconf 74' lang='grc'><strong>370.</strong></span> <span class='ocrx_word' id='word_1_25' title='bbox 311 588 470 728; x_wconf 50' lang='grc' dir='ltr'><strong>Ξ-Ὀυ11.</strong></span> <span class='ocrx_word' id='word_1_26' title='bbox 493 595 526 654; x_wconf 83' lang='lat'>5⁰</span> <span class='ocrx_word' id='word_1_27' title='bbox 546 591 597 656; x_wconf 85' lang='lat' dir='ltr'>Aa</span> <span class='ocrx_word' id='word_1_28' title='bbox 618 591 666 654; x_wconf 84' lang='lat' dir='ltr'>vel</span> <span class='ocrx_word' id='word_1_29' title='bbox 686 591 828 674; x_wconf 80' lang='lat' dir='ltr'>qamnado</span> <span class='ocrx_word' id='word_1_30' title='bbox 848 601 950 672; x_wconf 84' lang='lat' dir='ltr'>peccet</span> <span class='ocrx_word' id='word_1_31' title='bbox 970 595 1110 654; x_wconf 82' lang='lat' dir='ltr'>omittens</span> <span class='ocrx_word' id='word_1_32' title='bbox 1128 591 1251 654; x_wconf 83' lang='lat' dir='ltr'>Missam</span> <span class='ocrx_word' id='word_1_33' title='bbox 1271 591 1369 672; x_wconf 81' lang='lat' dir='ltr'>pratis</span> <span class='ocrx_word' id='word_1_34' title='bbox 1385 611 1467 674; x_wconf 83' lang='lat' dir='ltr'>pro·</span> 
     </span>
     <span class='ocr_line' id='line_1_5' title="bbox 187 701 1465 859; baseline -0.001 -17"><span class='ocrx_word' id='word_1_35' title='bbox 187 701 319 859; x_wconf 48' lang='lat' dir='ltr'>mm.</span> <span class='ocrx_word' id='word_1_36' title='bbox 333 783 365 842; x_wconf 84' lang='grc' dir='ltr'>1ο</span> <span class='ocrx_word' id='word_1_37' title='bbox 382 798 390 840; x_wconf 92' lang='lat'>:</span> <span class='ocrx_word' id='word_1_38' title='bbox 407 780 471 841; x_wconf 88' lang='lat' dir='ltr'>Non</span> <span class='ocrx_word' id='word_1_39' title='bbox 487 783 604 858; x_wconf 86' lang='lat' dir='ltr'>peccat,</span> <span class='ocrx_word' id='word_1_40' title='bbox 623 777 742 858; x_wconf 89' lang='lat' dir='ltr'>quoties</span> <span class='ocrx_word' id='word_1_41' title='bbox 762 796 825 840; x_wconf 91' lang='lat' dir='ltr'>non</span> <span class='ocrx_word' id='word_1_42' title='bbox 843 778 928 841; x_wconf 88' lang='lat' dir='ltr'>adest</span> <span class='ocrx_word' id='word_1_43' title='bbox 942 781 1027 854; x_wconf 62' lang='lat' dir='ltr'>,vera</span> <span class='ocrx_word' id='word_1_44' title='bbox 1045 777 1257 859; x_wconf 80' lang='lat' dir='ltr'>promissionis</span> <span class='ocrx_word' id='word_1_45' title='bbox 1270 784 1465 854; x_wconf 89' lang='lat' dir='ltr'>contractus,</span> 
     </span>
     <span class='ocr_line' id='line_1_6' title="bbox 187 866 1134 950; baseline -0.005 -16"><span class='ocrx_word' id='word_1_46' title='bbox 187 870 239 934; x_wconf 89' lang='lat' dir='ltr'>sed</span> <span class='ocrx_word' id='word_1_47' title='bbox 252 869 437 950; x_wconf 86' lang='lat' dir='ltr'>promittens</span> <span class='ocrx_word' id='word_1_48' title='bbox 450 866 632 931; x_wconf 87' lang='lat' dir='ltr'>benevolum</span> <span class='ocrx_word' id='word_1_49' title='bbox 646 871 771 929; x_wconf 87' lang='lat' dir='ltr'>tantum</span> <span class='ocrx_word' id='word_1_50' title='bbox 784 866 974 948; x_wconf 91' lang='lat' dir='ltr'>propositum</span> <span class='ocrx_word' id='word_1_51' title='bbox 989 867 1134 932; x_wconf 89' lang='lat' dir='ltr'>ostendit.</span> 
     </span>
    </p>
   </div>
   <div class='ocr_carea' id='block_1_4' title="bbox 184 963 1470 1225">
    <p class='ocr_par' dir='ltr' id='par_1_4' title="bbox 184 963 1470 1225">
     <span class='ocr_line' id='line_1_7' title="bbox 227 963 1470 1048; baseline -0.006 -18"><span class='ocrx_word' id='word_1_52' title='bbox 227 967 316 1048; x_wconf 83' lang='lat' dir='ltr'>Resp.</span> <span class='ocrx_word' id='word_1_53' title='bbox 332 971 366 1030; x_wconf 69' lang='lat'>2⁰</span> <span class='ocrx_word' id='word_1_54' title='bbox 383 985 390 1028; x_wconf 94' lang='lat'><strong>:</strong></span> <span class='ocrx_word' id='word_1_55' title='bbox 410 964 610 1028; x_wconf 81' lang='lat' dir='ltr'>Probabilias</span> <span class='ocrx_word' id='word_1_56' title='bbox 624 971 727 1046; x_wconf 89' lang='lat' dir='ltr'>peccat</span> <span class='ocrx_word' id='word_1_57' title='bbox 740 963 900 1028; x_wconf 81' lang='lat' dir='ltr'>venialiter</span> <span class='ocrx_word' id='word_1_58' title='bbox 913 970 1054 1039; x_wconf 74' lang='lat' dir='ltr'>mutum,</span> <span class='ocrx_word' id='word_1_59' title='bbox 1068 965 1190 1046; x_wconf 88' lang='lat' dir='ltr'>quando</span> <span class='ocrx_word' id='word_1_60' title='bbox 1204 982 1274 1026; x_wconf 88' lang='lat' dir='ltr'>vera</span> <span class='ocrx_word' id='word_1_61' title='bbox 1289 963 1470 1026; x_wconf 73' lang='lat' dir='ltr'>intercessit</span> 
     </span>
     <span class='ocr_line' id='line_1_8' title="bbox 186 1051 1465 1136; baseline -0.003 -18"><span class='ocrx_word' id='word_1_62' title='bbox 186 1055 363 1136; x_wconf 87' lang='lat' dir='ltr'>promissio,</span> <span class='ocrx_word' id='word_1_63' title='bbox 377 1055 453 1136; x_wconf 87' lang='lat' dir='ltr'>quia</span> <span class='ocrx_word' id='word_1_64' title='bbox 463 1053 592 1134; x_wconf 85' lang='lat' dir='ltr'>simplex</span> <span class='ocrx_word' id='word_1_65' title='bbox 603 1052 765 1134; x_wconf 89' lang='lat' dir='ltr'>promissio</span> <span class='ocrx_word' id='word_1_66' title='bbox 777 1071 841 1116; x_wconf 91' lang='lat' dir='ltr'>non</span> <span class='ocrx_word' id='word_1_67' title='bbox 855 1053 968 1134; x_wconf 78' lang='lat' dir='ltr'>obligat</span> <span class='ocrx_word' id='word_1_68' title='bbox 983 1053 1041 1116; x_wconf 91' lang='lat' dir='ltr'>sub</span> <span class='ocrx_word' id='word_1_69' title='bbox 1056 1052 1153 1134; x_wconf 71' lang='lat' dir='ltr'>gram,</span> <span class='ocrx_word' id='word_1_70' title='bbox 1169 1051 1242 1126; x_wconf 85' lang='lat' dir='ltr'>nisi,</span> <span class='ocrx_word' id='word_1_71' title='bbox 1258 1058 1294 1115; x_wconf 85' lang='lat' dir='ltr'>ut</span> <span class='ocrx_word' id='word_1_72' title='bbox 1308 1052 1465 1134; x_wconf 77' lang='lat' dir='ltr'>aitLapo,·</span> 
     </span>
     <span class='ocr_line' id='line_1_9' title="bbox 184 1141 1100 1225; baseline -0.007 -17"><span class='ocrx_word' id='word_1_73' title='bbox 184 1145 369 1225; x_wconf 86' lang='lat' dir='ltr'>promittens</span> <span class='ocrx_word' id='word_1_74' title='bbox 382 1161 521 1223; x_wconf 79' lang='lat' dir='ltr'>expresse</span> <span class='ocrx_word' id='word_1_75' title='bbox 537 1141 595 1205; x_wconf 90' lang='lat' dir='ltr'>sub</span> <span class='ocrx_word' id='word_1_76' title='bbox 607 1141 693 1223; x_wconf 79' lang='lat' dir='ltr'>gravi</span> <span class='ocrx_word' id='word_1_77' title='bbox 707 1148 739 1205; x_wconf 92' lang='lat' dir='ltr'>et</span> <span class='ocrx_word' id='word_1_78' title='bbox 749 1141 920 1222; x_wconf 82' lang='lat' dir='ltr'>exjustitia</span> <span class='ocrx_word' id='word_1_79' title='bbox 935 1161 966 1204; x_wconf 90' lang='lat' dir='ltr'>se</span> <span class='ocrx_word' id='word_1_80' title='bbox 979 1142 1100 1223; x_wconf 82' lang='lat' dir='ltr'>obliget.</span> 
     </span>
    </p>
   </div>
   <div class='ocr_carea' id='block_1_5' title="bbox 180 1237 1464 2590">
    <p class='ocr_par' dir='ltr' id='par_1_5' title="bbox 183 1237 1464 1412">
     <span class='ocr_line' id='line_1_10' title="bbox 225 1237 1464 1322; baseline -0.004 -16"><span class='ocrx_word' id='word_1_81' title='bbox 225 1245 326 1318; x_wconf 75' lang='lat' dir='ltr'>Quas.</span> <span class='ocrx_word' id='word_1_82' title='bbox 340 1245 373 1304; x_wconf 80' lang='lat'>6⁰</span> <span class='ocrx_word' id='word_1_83' title='bbox 382 1241 434 1304; x_wconf 79' lang='lat' dir='ltr'>Aa</span> <span class='ocrx_word' id='word_1_84' title='bbox 442 1241 539 1322; x_wconf 83' lang='lat' dir='ltr'>possit</span> <span class='ocrx_word' id='word_1_85' title='bbox 551 1238 699 1302; x_wconf 82' lang='lat' dir='ltr'>Sacerdos</span> <span class='ocrx_word' id='word_1_86' title='bbox 707 1259 764 1321; x_wconf 80' lang='lat' dir='ltr'>per</span> <span class='ocrx_word' id='word_1_87' title='bbox 775 1260 866 1300; x_wconf 83' lang='lat' dir='ltr'>onam</span> <span class='ocrx_word' id='word_1_88' title='bbox 875 1237 1006 1302; x_wconf 70' lang='lat' dir='ltr'>Sacrum</span> <span class='ocrx_word' id='word_1_89' title='bbox 1018 1240 1196 1321; x_wconf 79' lang='lat' dir='ltr'>satisfacere</span> <span class='ocrx_word' id='word_1_90' title='bbox 1207 1238 1347 1322; x_wconf 82' lang='lat' dir='ltr'>pluribus</span> <span class='ocrx_word' id='word_1_91' title='bbox 1361 1237 1464 1301; x_wconf 81' lang='lat' dir='ltr'>Missis</span> 
     </span>
     <span class='ocr_line' id='line_1_11' title="bbox 183 1327 1162 1412; baseline -0.015 -19"><span class='ocrx_word' id='word_1_92' title='bbox 183 1335 321 1412; x_wconf 76' lang='lat' dir='ltr'>prataito</span> <span class='ocrx_word' id='word_1_93' title='bbox 329 1327 506 1412; x_wconf 75' lang='lat' dir='ltr'>promissas?</span> <span class='ocrx_word' id='word_1_94' title='bbox 1157 1371 1162 1378; x_wconf 93' lang='lat'>.</span> 
     </span>
    </p>

    <p class='ocr_par' dir='ltr' id='par_1_6' title="bbox 180 1424 1463 1950">
     <span class='ocr_line' id='line_1_12' title="bbox 223 1424 1462 1510; baseline -0.002 -19"><span class='ocrx_word' id='word_1_95' title='bbox 223 1429 311 1510; x_wconf 80' lang='lat' dir='ltr'>Resp.</span> <span class='ocrx_word' id='word_1_96' title='bbox 332 1427 462 1508; x_wconf 68' lang='lat' dir='ltr'>Affirm„</span> <span class='ocrx_word' id='word_1_97' title='bbox 478 1425 539 1488; x_wconf 90' lang='lat' dir='ltr'>nisi</span> <span class='ocrx_word' id='word_1_98' title='bbox 554 1425 723 1508; x_wconf 89' lang='lat' dir='ltr'>specialiter</span> <span class='ocrx_word' id='word_1_99' title='bbox 732 1425 924 1506; x_wconf 88' lang='lat' dir='ltr'>promiserit,</span> <span class='ocrx_word' id='word_1_100' title='bbox 938 1443 970 1487; x_wconf 90' lang='lat' dir='ltr'>se</span> <span class='ocrx_word' id='word_1_101' title='bbox 981 1443 1036 1506; x_wconf 91' lang='lat' dir='ltr'>pro</span> <span class='ocrx_word' id='word_1_102' title='bbox 1049 1426 1133 1488; x_wconf 92' lang='lat' dir='ltr'>nullo</span> <span class='ocrx_word' id='word_1_103' title='bbox 1145 1427 1204 1489; x_wconf 89' lang='lat' dir='ltr'>alio</span> <span class='ocrx_word' id='word_1_104' title='bbox 1216 1444 1280 1488; x_wconf 92' lang='lat' dir='ltr'>esse</span> <span class='ocrx_word' id='word_1_105' title='bbox 1291 1424 1462 1488; x_wconf 81' lang='lat' dir='ltr'>celebratu-</span> 
     </span>
     <span class='ocr_line' id='line_1_13' title="bbox 183 1513 1463 1595; baseline -0.002 -17"><span class='ocrx_word' id='word_1_106' title='bbox 183 1533 271 1592; x_wconf 88' lang='lat' dir='ltr'>rum,</span> <span class='ocrx_word' id='word_1_107' title='bbox 289 1523 326 1578; x_wconf 92' lang='lat' dir='ltr'>ut</span> <span class='ocrx_word' id='word_1_108' title='bbox 344 1520 461 1578; x_wconf 84' lang='lat' dir='ltr'>constat</span> <span class='ocrx_word' id='word_1_109' title='bbox 479 1533 517 1578; x_wconf 90' lang='lat' dir='ltr'>ex</span> <span class='ocrx_word' id='word_1_110' title='bbox 538 1533 623 1595; x_wconf 91' lang='lat' dir='ltr'>prop.</span> <span class='ocrx_word' id='word_1_111' title='bbox 645 1517 698 1578; x_wconf 72' lang='lat'>42·</span> <span class='ocrx_word' id='word_1_112' title='bbox 714 1514 752 1578; x_wconf 90' lang='lat' dir='ltr'>ab</span> <span class='ocrx_word' id='word_1_113' title='bbox 773 1514 858 1576; x_wconf 86' lang='lat' dir='ltr'>Alex.</span> <span class='ocrx_word' id='word_1_114' title='bbox 876 1515 930 1576; x_wconf 87' lang='lat' dir='ltr'>Vll</span> <span class='ocrx_word' id='word_1_115' title='bbox 947 1513 1108 1588; x_wconf 89' lang='lat' dir='ltr'>damnata,</span> <span class='ocrx_word' id='word_1_116' title='bbox 1124 1532 1217 1595; x_wconf 89' lang='lat' dir='ltr'>supra</span> <span class='ocrx_word' id='word_1_117' title='bbox 1234 1534 1268 1576; x_wconf 87' lang='lat' dir='ltr'>n.</span> <span class='ocrx_word' id='word_1_118' title='bbox 1286 1517 1356 1579; x_wconf 86' lang='lat'>36¹1.</span> <span class='ocrx_word' id='word_1_119' title='bbox 1372 1513 1463 1578; x_wconf 82' lang='lat' dir='ltr'>Ratio</span> 
     </span>
     <span class='ocr_line' id='line_1_14' title="bbox 182 1600 1463 1686; baseline -0.002 -19"><span class='ocrx_word' id='word_1_120' title='bbox 182 1610 244 1679; x_wconf 81' lang='lat' dir='ltr'>ast,</span> <span class='ocrx_word' id='word_1_121' title='bbox 265 1605 338 1686; x_wconf 90' lang='lat' dir='ltr'>quia</span> <span class='ocrx_word' id='word_1_122' title='bbox 357 1603 545 1684; x_wconf 87' lang='lat' dir='ltr'>probabilius</span> <span class='ocrx_word' id='word_1_123' title='bbox 565 1603 727 1684; x_wconf 89' lang='lat' dir='ltr'>applicatio</span> <span class='ocrx_word' id='word_1_124' title='bbox 747 1602 893 1665; x_wconf 87' lang='lat' dir='ltr'>Sacrificii</span> <span class='ocrx_word' id='word_1_125' title='bbox 912 1600 1054 1681; x_wconf 90' lang='lat' dir='ltr'>pluribus</span> <span class='ocrx_word' id='word_1_126' title='bbox 1074 1601 1169 1677; x_wconf 86' lang='lat' dir='ltr'>facta,</span> <span class='ocrx_word' id='word_1_127' title='bbox 1187 1608 1311 1666; x_wconf 88' lang='lat' dir='ltr'>tantum</span> <span class='ocrx_word' id='word_1_128' title='bbox 1329 1601 1463 1682; x_wconf 73' lang='lat' dir='ltr'>singnis</span> 
     </span>
     <span class='ocr_line' id='line_1_15' title="bbox 181 1689 1460 1776; baseline -0.004 -19"><span class='ocrx_word' id='word_1_129' title='bbox 181 1695 318 1775; x_wconf 87' lang='lat' dir='ltr'>prodest,</span> <span class='ocrx_word' id='word_1_130' title='bbox 335 1699 490 1776; x_wconf 87' lang='lat' dir='ltr'>quantum</span> <span class='ocrx_word' id='word_1_131' title='bbox 504 1691 561 1754; x_wconf 92' lang='lat' dir='ltr'>uni</span> <span class='ocrx_word' id='word_1_132' title='bbox 573 1692 630 1754; x_wconf 89' lang='lat' dir='ltr'>soli</span> <span class='ocrx_word' id='word_1_133' title='bbox 640 1692 778 1772; x_wconf 89' lang='lat' dir='ltr'>prodest;</span> <span class='ocrx_word' id='word_1_134' title='bbox 794 1697 825 1753; x_wconf 91' lang='lat' dir='ltr'>et</span> <span class='ocrx_word' id='word_1_135' title='bbox 840 1690 963 1754; x_wconf 87' lang='lat' dir='ltr'>aliunde</span> <span class='ocrx_word' id='word_1_136' title='bbox 978 1707 1042 1753; x_wconf 91' lang='lat' dir='ltr'>non</span> <span class='ocrx_word' id='word_1_137' title='bbox 1055 1698 1144 1772; x_wconf 84' lang='lat' dir='ltr'>urget</span> <span class='ocrx_word' id='word_1_138' title='bbox 1158 1691 1208 1754; x_wconf 90' lang='lat' dir='ltr'>bic</span> <span class='ocrx_word' id='word_1_139' title='bbox 1222 1691 1298 1754; x_wconf 89' lang='lat' dir='ltr'>ratio</span> <span class='ocrx_word' id='word_1_140' title='bbox 1309 1689 1460 1774; x_wconf 83' lang='lat' dir='ltr'>justitiae,</span> 
     </span>
     <span class='ocr_line' id='line_1_16' title="bbox 181 1777 1462 1865; baseline -0.005 -19"><span class='ocrx_word' id='word_1_141' title='bbox 181 1801 250 1865; x_wconf 77' lang='lat' dir='ltr'>quae</span> <span class='ocrx_word' id='word_1_142' title='bbox 266 1781 361 1862; x_wconf 84' lang='lat' dir='ltr'>exigit</span> <span class='ocrx_word' id='word_1_143' title='bbox 376 1789 412 1846; x_wconf 94' lang='lat' dir='ltr'>ut</span> <span class='ocrx_word' id='word_1_144' title='bbox 426 1799 496 1862; x_wconf 89' lang='lat' dir='ltr'>pars</span> <span class='ocrx_word' id='word_1_145' title='bbox 509 1780 606 1843; x_wconf 88' lang='lat' dir='ltr'>tutior</span> <span class='ocrx_word' id='word_1_146' title='bbox 619 1779 764 1860; x_wconf 78' lang='lat' dir='ltr'>eligatur;</span> <span class='ocrx_word' id='word_1_147' title='bbox 782 1780 868 1842; x_wconf 91' lang='lat' dir='ltr'>nulla</span> <span class='ocrx_word' id='word_1_148' title='bbox 884 1777 969 1842; x_wconf 89' lang='lat' dir='ltr'>enim</span> <span class='ocrx_word' id='word_1_149' title='bbox 982 1778 1150 1862; x_wconf 89' lang='lat' dir='ltr'>parcipitur</span> <span class='ocrx_word' id='word_1_150' title='bbox 1163 1779 1338 1844; x_wconf 87' lang='lat' dir='ltr'>retributio.</span> <span class='ocrx_word' id='word_1_151' title='bbox 1354 1815 1397 1826; x_wconf 84' lang='lat'>-</span> <span class='ocrx_word' id='word_1_152' title='bbox 1408 1779 1462 1842; x_wconf 85' lang='lat' dir='ltr'>Ita</span> 
     </span>
     <span class='ocr_line' id='line_1_17' title="bbox 180 1867 683 1950; baseline -0.006 -17"><span class='ocrx_word' id='word_1_153' title='bbox 180 1871 289 1950; x_wconf 70' lang='lat' dir='ltr'>atter,</span> <span class='ocrx_word' id='word_1_154' title='bbox 307 1871 343 1934; x_wconf 87' lang='lat' dir='ltr'>de</span> <span class='ocrx_word' id='word_1_155' title='bbox 359 1867 477 1948; x_wconf 69' lang='lat' dir='ltr'>Canta,</span> <span class='ocrx_word' id='word_1_156' title='bbox 493 1891 524 1931; x_wconf 83' lang='lat' dir='ltr'>a.</span> <span class='ocrx_word' id='word_1_157' title='bbox 542 1874 612 1944; x_wconf 85' lang='lat'>33¹1,</span> <span class='ocrx_word' id='word_1_158' title='bbox 628 1873 683 1932; x_wconf 90' lang='lat' dir='ltr'>eto.</span> 
     </span>
    </p>

    <p class='ocr_par' dir='ltr' id='par_1_7' title="bbox 182 1964 1463 2120">
     <span class='ocr_line' id='line_1_18' title="bbox 220 1964 1463 2050; baseline -0.006 -18"><span class='ocrx_word' id='word_1_159' title='bbox 220 1973 324 2048; x_wconf 68' lang='lat' dir='ltr'>Quart.</span> <span class='ocrx_word' id='word_1_160' title='bbox 338 1975 369 2034; x_wconf 77' lang='lat'>7⁶</span> <span class='ocrx_word' id='word_1_161' title='bbox 384 1969 433 2030; x_wconf 80' lang='lat' dir='ltr'>Aa</span> <span class='ocrx_word' id='word_1_162' title='bbox 454 1967 602 2031; x_wconf 83' lang='lat' dir='ltr'>Simooioe</span> <span class='ocrx_word' id='word_1_163' title='bbox 617 1985 684 2028; x_wconf 80' lang='lat' dir='ltr'>reus</span> <span class='ocrx_word' id='word_1_164' title='bbox 701 1968 743 2028; x_wconf 85' lang='lat' dir='ltr'>sit</span> <span class='ocrx_word' id='word_1_165' title='bbox 760 1965 922 2038; x_wconf 82' lang='lat' dir='ltr'>Sacerdos,</span> <span class='ocrx_word' id='word_1_166' title='bbox 944 1967 1000 2050; x_wconf 81' lang='lat' dir='ltr'>qui</span> <span class='ocrx_word' id='word_1_167' title='bbox 1011 1968 1167 2048; x_wconf 73' lang='lat' dir='ltr'>pracipes</span> <span class='ocrx_word' id='word_1_168' title='bbox 1186 1967 1299 2028; x_wconf 82' lang='lat' dir='ltr'>eittaitu</span> <span class='ocrx_word' id='word_1_169' title='bbox 1315 1964 1463 2047; x_wconf 78' lang='lat' dir='ltr'>stipendii</span> 
     </span>
     <span class='ocr_line' id='line_1_19' title="bbox 182 2058 328 2120; baseline 0 0"><span class='ocrx_word' id='word_1_170' title='bbox 182 2058 328 2120; x_wconf 68' lang='grc'><strong>1111111311</strong></span> 
     </span>
    </p>

    <p class='ocr_par' dir='ltr' id='par_1_8' title="bbox 180 2151 1461 2590">
     <span class='ocr_line' id='line_1_20' title="bbox 221 2151 1460 2238; baseline -0.002 -21"><span class='ocrx_word' id='word_1_171' title='bbox 221 2155 311 2238; x_wconf 79' lang='lat' dir='ltr'>Iiesp.</span> <span class='ocrx_word' id='word_1_172' title='bbox 322 2155 401 2237; x_wconf 72' lang='lat' dir='ltr'>Nep.</span> <span class='ocrx_word' id='word_1_173' title='bbox 410 2175 468 2236; x_wconf 87' lang='lat' dir='ltr'>per</span> <span class='ocrx_word' id='word_1_174' title='bbox 480 2173 526 2231; x_wconf 88' lang='lat' dir='ltr'>se,</span> <span class='ocrx_word' id='word_1_175' title='bbox 540 2151 603 2215; x_wconf 90' lang='lat' dir='ltr'>nisi</span> <span class='ocrx_word' id='word_1_176' title='bbox 614 2171 723 2234; x_wconf 88' lang='lat' dir='ltr'>nempe</span> <span class='ocrx_word' id='word_1_177' title='bbox 737 2151 927 2234; x_wconf 87' lang='lat' dir='ltr'>stipendium</span> <span class='ocrx_word' id='word_1_178' title='bbox 937 2159 973 2216; x_wconf 92' lang='lat' dir='ltr'>ut</span> <span class='ocrx_word' id='word_1_179' title='bbox 985 2171 1093 2216; x_wconf 87' lang='lat' dir='ltr'>verum</span> <span class='ocrx_word' id='word_1_180' title='bbox 1103 2151 1313 2216; x_wconf 88' lang='lat' dir='ltr'>celebrationis</span> <span class='ocrx_word' id='word_1_181' title='bbox 1322 2152 1460 2234; x_wconf 89' lang='lat' dir='ltr'>pretium</span> 
     </span>
     <span class='ocr_line' id='line_1_21' title="bbox 180 2239 1461 2324; baseline -0.002 -17"><span class='ocrx_word' id='word_1_182' title='bbox 180 2245 305 2319; x_wconf 65' lang='lat' dir='ltr'>haban</span> <span class='ocrx_word' id='word_1_183' title='bbox 322 2259 432 2306; x_wconf 87' lang='lat' dir='ltr'>verum</span> <span class='ocrx_word' id='word_1_184' title='bbox 444 2261 463 2304; x_wconf 91' lang='lat' dir='ltr'>a</span> <span class='ocrx_word' id='word_1_185' title='bbox 476 2247 594 2322; x_wconf 86' lang='lat' dir='ltr'>peccato</span> <span class='ocrx_word' id='word_1_186' title='bbox 607 2239 746 2304; x_wconf 87' lang='lat' dir='ltr'>excusari</span> <span class='ocrx_word' id='word_1_187' title='bbox 755 2258 818 2303; x_wconf 90' lang='lat' dir='ltr'>non</span> <span class='ocrx_word' id='word_1_188' title='bbox 829 2247 942 2322; x_wconf 90' lang='lat' dir='ltr'>potest,</span> <span class='ocrx_word' id='word_1_189' title='bbox 957 2257 1028 2303; x_wconf 88' lang='lat' dir='ltr'>cum</span> <span class='ocrx_word' id='word_1_190' title='bbox 1043 2241 1183 2304; x_wconf 92' lang='lat' dir='ltr'>odiosum</span> <span class='ocrx_word' id='word_1_191' title='bbox 1198 2239 1334 2304; x_wconf 89' lang='lat' dir='ltr'>maxime</span> <span class='ocrx_word' id='word_1_192' title='bbox 1345 2260 1461 2324; x_wconf 88' lang='lat' dir='ltr'>acpro-</span> 
     </span>
     <span class='ocr_line' id='line_1_22' title="bbox 181 2327 1460 2411; baseline 0 -17"><span class='ocrx_word' id='word_1_193' title='bbox 181 2332 308 2395; x_wconf 89' lang='lat' dir='ltr'>brosum</span> <span class='ocrx_word' id='word_1_194' title='bbox 326 2330 383 2404; x_wconf 92' lang='lat' dir='ltr'>sit,</span> <span class='ocrx_word' id='word_1_195' title='bbox 399 2330 481 2411; x_wconf 90' lang='lat' dir='ltr'>quod</span> <span class='ocrx_word' id='word_1_196' title='bbox 495 2347 578 2392; x_wconf 89' lang='lat' dir='ltr'>sacro</span> <span class='ocrx_word' id='word_1_197' title='bbox 597 2327 770 2390; x_wconf 87' lang='lat' dir='ltr'>ministerio</span> <span class='ocrx_word' id='word_1_198' title='bbox 788 2329 922 2409; x_wconf 82' lang='lat' dir='ltr'>pecuniae</span> <span class='ocrx_word' id='word_1_199' title='bbox 939 2329 1092 2394; x_wconf 79' lang='lat' dir='ltr'>lucrandae</span> <span class='ocrx_word' id='word_1_200' title='bbox 1110 2349 1201 2394; x_wconf 87' lang='lat' dir='ltr'>causa</span> <span class='ocrx_word' id='word_1_201' title='bbox 1212 2329 1282 2411; x_wconf 87' lang='lat' dir='ltr'>quis</span> <span class='ocrx_word' id='word_1_202' title='bbox 1298 2331 1460 2394; x_wconf 86' lang='lat' dir='ltr'>abutatur.</span> 
     </span>
     <span class='ocr_line' id='line_1_23' title="bbox 182 2415 1460 2498; baseline 0.002 -17"><span class='ocrx_word' id='word_1_203' title='bbox 182 2423 328 2482; x_wconf 86' lang='lat' dir='ltr'>Attamen</span> <span class='ocrx_word' id='word_1_204' title='bbox 346 2436 408 2480; x_wconf 91' lang='lat' dir='ltr'>non</span> <span class='ocrx_word' id='word_1_205' title='bbox 426 2423 528 2498; x_wconf 88' lang='lat' dir='ltr'>peccat</span> <span class='ocrx_word' id='word_1_206' title='bbox 542 2417 684 2480; x_wconf 85' lang='lat' dir='ltr'>Sacerdos</span> <span class='ocrx_word' id='word_1_207' title='bbox 706 2415 761 2497; x_wconf 89' lang='lat' dir='ltr'>qui</span> <span class='ocrx_word' id='word_1_208' title='bbox 780 2417 942 2480; x_wconf 87' lang='lat' dir='ltr'>accessoria</span> <span class='ocrx_word' id='word_1_209' title='bbox 965 2417 1093 2481; x_wconf 89' lang='lat' dir='ltr'>celebret</span> <span class='ocrx_word' id='word_1_210' title='bbox 1110 2417 1232 2482; x_wconf 90' lang='lat' dir='ltr'>intuitu</span> <span class='ocrx_word' id='word_1_211' title='bbox 1244 2418 1460 2483; x_wconf 87' lang='lat' dir='ltr'>retributionis</span> 
     </span>
     <span class='ocr_line' id='line_1_24' title="bbox 182 2503 1460 2590; baseline 0.001 -20"><span class='ocrx_word' id='word_1_212' title='bbox 182 2506 378 2587; x_wconf 81' lang='lat' dir='ltr'>accipienda,</span> <span class='ocrx_word' id='word_1_213' title='bbox 399 2505 570 2588; x_wconf 77' lang='lat' dir='ltr'>praesertim</span> <span class='ocrx_word' id='word_1_214' title='bbox 591 2506 618 2568; x_wconf 91' lang='lat' dir='ltr'>si</span> <span class='ocrx_word' id='word_1_215' title='bbox 631 2505 691 2586; x_wconf 91' lang='lat' dir='ltr'>ipsi</span> <span class='ocrx_word' id='word_1_216' title='bbox 705 2503 874 2568; x_wconf 86' lang='lat' dir='ltr'>necessaria</span> <span class='ocrx_word' id='word_1_217' title='bbox 894 2505 946 2570; x_wconf 92' lang='lat' dir='ltr'>sit.</span> <span class='ocrx_word' id='word_1_218' title='bbox 966 2509 1025 2570; x_wconf 90' lang='lat' dir='ltr'>Neo</span> <span class='ocrx_word' id='word_1_219' title='bbox 1043 2507 1106 2570; x_wconf 92' lang='lat' dir='ltr'>ulla</span> <span class='ocrx_word' id='word_1_220' title='bbox 1125 2507 1192 2570; x_wconf 88' lang='lat' dir='ltr'>labe</span> <span class='ocrx_word' id='word_1_221' title='bbox 1212 2508 1384 2571; x_wconf 88' lang='lat' dir='ltr'>maculatur</span> <span class='ocrx_word' id='word_1_222' title='bbox 1405 2507 1460 2590; x_wconf 90' lang='lat' dir='ltr'>qui</span> 
     </span>
    </p>
   </div>
   <div class='ocr_carea' id='block_1_6' title="bbox 183 2594 1552 2676">
    <p class='ocr_par' dir='ltr' id='par_1_9' title="bbox 183 2594 1552 2676">
     <span class='ocr_line' id='line_1_25' title="bbox 183 2594 1552 2676; baseline 0.001 -19"><span class='ocrx_word' id='word_1_223' title='bbox 183 2599 303 2675; x_wconf 88' lang='lat' dir='ltr'>accepto</span> <span class='ocrx_word' id='word_1_224' title='bbox 318 2595 467 2676; x_wconf 89' lang='lat' dir='ltr'>stipendio</span> <span class='ocrx_word' id='word_1_225' title='bbox 481 2595 520 2656; x_wconf 86' lang='lat' dir='ltr'>ad</span> <span class='ocrx_word' id='word_1_226' title='bbox 536 2594 751 2658; x_wconf 88' lang='lat' dir='ltr'>celebrandum</span> <span class='ocrx_word' id='word_1_227' title='bbox 770 2594 1005 2668; x_wconf 88' lang='lat' dir='ltr'>determinatur,</span> <span class='ocrx_word' id='word_1_228' title='bbox 1025 2594 1095 2657; x_wconf 89' lang='lat' dir='ltr'>lieet</span> <span class='ocrx_word' id='word_1_229' title='bbox 1111 2595 1187 2659; x_wconf 89' lang='lat' dir='ltr'>alias</span> <span class='ocrx_word' id='word_1_230' title='bbox 1208 2597 1333 2660; x_wconf 85' lang='lat' dir='ltr'>Sacrum</span> <span class='ocrx_word' id='word_1_231' title='bbox 1351 2597 1462 2659; x_wconf 73' lang='lat' dir='ltr'>nassa</span> <span class='ocrx_word' id='word_1_232' title='bbox 1542 2601 1552 2632; x_wconf 71' lang='lat'>⁸</span> 
     </span>
    </p>
   </div>
   <div class='ocr_carea' id='block_1_7' title="bbox 183 2681 1460 2837">
    <p class='ocr_par' dir='ltr' id='par_1_10' title="bbox 183 2681 1460 2837">
     <span class='ocr_line' id='line_1_26' title="bbox 183 2681 1460 2765; baseline 0.002 -19"><span class='ocrx_word' id='word_1_233' title='bbox 183 2683 371 2760; x_wconf 88' lang='lat' dir='ltr'>omissurus;</span> <span class='ocrx_word' id='word_1_234' title='bbox 387 2691 462 2748; x_wconf 92' lang='lat' dir='ltr'>tunc</span> <span class='ocrx_word' id='word_1_235' title='bbox 476 2683 561 2747; x_wconf 89' lang='lat' dir='ltr'>enim</span> <span class='ocrx_word' id='word_1_236' title='bbox 580 2701 643 2746; x_wconf 92' lang='lat' dir='ltr'>non</span> <span class='ocrx_word' id='word_1_237' title='bbox 662 2683 781 2745; x_wconf 89' lang='lat' dir='ltr'>ratione</span> <span class='ocrx_word' id='word_1_238' title='bbox 801 2681 961 2763; x_wconf 91' lang='lat' dir='ltr'>stipendii,</span> <span class='ocrx_word' id='word_1_239' title='bbox 979 2684 1031 2746; x_wconf 92' lang='lat' dir='ltr'>sed</span> <span class='ocrx_word' id='word_1_240' title='bbox 1049 2683 1243 2764; x_wconf 82' lang='lat' dir='ltr'>obligationis</span> <span class='ocrx_word' id='word_1_241' title='bbox 1257 2684 1460 2765; x_wconf 75' lang='lat' dir='ltr'>adimplendae</span> 
     </span>
     <span class='ocr_line' id='line_1_27' title="bbox 183 2773 684 2837; baseline -0.006 0"><span class='ocrx_word' id='word_1_242' title='bbox 183 2779 335 2837; x_wconf 89' lang='lat' dir='ltr'>movetur.</span> <span class='ocrx_word' id='word_1_243' title='bbox 353 2773 457 2836; x_wconf 87' lang='lat' dir='ltr'>-Ita</span> <span class='ocrx_word' id='word_1_244' title='bbox 478 2776 684 2836; x_wconf 82' lang='lat' dir='ltr'>communiter.</span> 
     </span>
    </p>
   </div>
   <div class='ocr_carea' id='block_1_8' title="bbox 184 2869 1467 4472">
    <p class='ocr_par' dir='ltr' id='par_1_11' title="bbox 185 2869 1462 3043">
     <span class='ocr_line' id='line_1_28' title="bbox 224 2869 1462 2953; baseline -0.002 -17"><span class='ocrx_word' id='word_1_245' title='bbox 224 2877 294 2937; x_wconf 85' lang='grc'><strong>371.</strong></span> <span class='ocrx_word' id='word_1_246' title='bbox 308 2907 350 2919; x_wconf 91' lang='lat'><em>-</em></span> <span class='ocrx_word' id='word_1_247' title='bbox 363 2876 466 2951; x_wconf 76' lang='lat' dir='ltr'>Quas.</span> <span class='ocrx_word' id='word_1_248' title='bbox 483 2876 517 2936; x_wconf 86' lang='lat'>8⁰</span> <span class='ocrx_word' id='word_1_249' title='bbox 528 2871 578 2933; x_wconf 85' lang='lat' dir='ltr'>Aa</span> <span class='ocrx_word' id='word_1_250' title='bbox 589 2869 739 2934; x_wconf 80' lang='lat' dir='ltr'>Sacerdos</span> <span class='ocrx_word' id='word_1_251' title='bbox 750 2871 847 2953; x_wconf 85' lang='lat' dir='ltr'>possit</span> <span class='ocrx_word' id='word_1_252' title='bbox 860 2871 985 2934; x_wconf 81' lang='lat' dir='ltr'>Missam</span> <span class='ocrx_word' id='word_1_253' title='bbox 997 2870 1092 2934; x_wconf 88' lang='lat' dir='ltr'>alteri</span> <span class='ocrx_word' id='word_1_254' title='bbox 1100 2871 1308 2936; x_wconf 79' lang='lat' dir='ltr'>celebrandam</span> <span class='ocrx_word' id='word_1_255' title='bbox 1322 2876 1462 2936; x_wconf 84' lang='lat' dir='ltr'>commit-</span> 
     </span>
     <span class='ocr_line' id='line_1_29' title="bbox 185 2959 1049 3043; baseline -0.003 -20"><span class='ocrx_word' id='word_1_256' title='bbox 185 2971 247 3024; x_wconf 86' lang='lat' dir='ltr'>tere</span> <span class='ocrx_word' id='word_1_257' title='bbox 260 2961 443 3043; x_wconf 73' lang='lat' dir='ltr'>stipendium</span> <span class='ocrx_word' id='word_1_258' title='bbox 457 2963 555 3022; x_wconf 84' lang='lat' dir='ltr'>minas</span> <span class='ocrx_word' id='word_1_259' title='bbox 568 2959 682 3035; x_wconf 85' lang='lat' dir='ltr'>dando,</span> <span class='ocrx_word' id='word_1_260' title='bbox 699 2979 790 3042; x_wconf 78' lang='lat' dir='ltr'>qaam</span> <span class='ocrx_word' id='word_1_261' title='bbox 803 2962 866 3041; x_wconf 87' lang='lat' dir='ltr'>ipse</span> <span class='ocrx_word' id='word_1_262' title='bbox 880 2961 1049 3043; x_wconf 78' lang='lat' dir='ltr'>occeperit?</span> 
     </span>
    </p>

    <p class='ocr_par' dir='ltr' id='par_1_12' title="bbox 184 3055 1467 4472">
     <span class='ocr_line' id='line_1_30' title="bbox 225 3055 1467 3144; baseline 0 -22"><span class='ocrx_word' id='word_1_263' title='bbox 225 3056 315 3140; x_wconf 83' lang='lat' dir='ltr'>Resp.</span> <span class='ocrx_word' id='word_1_264' title='bbox 330 3057 409 3144; x_wconf 76' lang='lat' dir='ltr'>Nep.</span> <span class='ocrx_word' id='word_1_265' title='bbox 425 3057 513 3124; x_wconf 83' lang='lat' dir='ltr'>Ratio</span> <span class='ocrx_word' id='word_1_266' title='bbox 527 3062 586 3134; x_wconf 87' lang='lat' dir='ltr'>est,</span> <span class='ocrx_word' id='word_1_267' title='bbox 604 3057 676 3140; x_wconf 82' lang='lat' dir='ltr'>qaria</span> <span class='ocrx_word' id='word_1_268' title='bbox 696 3057 734 3120; x_wconf 95' lang='lat' dir='ltr'>ob</span> <span class='ocrx_word' id='word_1_269' title='bbox 753 3055 883 3138; x_wconf 88' lang='lat' dir='ltr'>speciem</span> <span class='ocrx_word' id='word_1_270' title='bbox 898 3057 998 3139; x_wconf 89' lang='lat' dir='ltr'>turpis</span> <span class='ocrx_word' id='word_1_271' title='bbox 1015 3058 1092 3122; x_wconf 90' lang='lat' dir='ltr'>lucri</span> <span class='ocrx_word' id='word_1_272' title='bbox 1105 3058 1137 3122; x_wconf 94' lang='lat' dir='ltr'>id</span> <span class='ocrx_word' id='word_1_273' title='bbox 1154 3058 1314 3140; x_wconf 89' lang='lat' dir='ltr'>prohibuit</span> <span class='ocrx_word' id='word_1_274' title='bbox 1329 3059 1365 3122; x_wconf 90' lang='lat' dir='ltr'>S.</span> <span class='ocrx_word' id='word_1_275' title='bbox 1386 3059 1467 3124; x_wconf 79' lang='lat' dir='ltr'>Con-</span> 
     </span>
     <span class='ocr_line' id='line_1_31' title="bbox 184 3145 1465 3230; baseline 0.002 -20"><span class='ocrx_word' id='word_1_276' title='bbox 184 3147 325 3230; x_wconf 74' lang='lat' dir='ltr'>prepatio</span> <span class='ocrx_word' id='word_1_277' title='bbox 341 3147 474 3211; x_wconf 74' lang='lat' dir='ltr'>Comitis·</span> <span class='ocrx_word' id='word_1_278' title='bbox 484 3150 605 3210; x_wconf 83' lang='lat' dir='ltr'>Decreta</span> <span class='ocrx_word' id='word_1_279' title='bbox 619 3145 783 3228; x_wconf 89' lang='lat' dir='ltr'>approbato</span> <span class='ocrx_word' id='word_1_280' title='bbox 796 3145 835 3209; x_wconf 92' lang='lat' dir='ltr'>ab</span> <span class='ocrx_word' id='word_1_281' title='bbox 850 3146 972 3211; x_wconf 89' lang='lat' dir='ltr'>Urbano</span> <span class='ocrx_word' id='word_1_282' title='bbox 986 3149 1070 3223; x_wconf 82' lang='lat' dir='ltr'>VIII,</span> <span class='ocrx_word' id='word_1_283' title='bbox 1086 3154 1118 3210; x_wconf 87' lang='lat' dir='ltr'>et</span> <span class='ocrx_word' id='word_1_284' title='bbox 1129 3148 1308 3214; x_wconf 85' lang='lat' dir='ltr'>confirmato</span> <span class='ocrx_word' id='word_1_285' title='bbox 1318 3149 1358 3212; x_wconf 89' lang='lat' dir='ltr'>ab</span> <span class='ocrx_word' id='word_1_286' title='bbox 1371 3151 1465 3212; x_wconf 89' lang='lat' dir='ltr'>Inna-</span> 
     </span>
     <span class='ocr_line' id='line_1_32' title="bbox 186 3233 1466 3313; baseline 0.002 -13"><span class='ocrx_word' id='word_1_287' title='bbox 186 3236 285 3300; x_wconf 90' lang='lat' dir='ltr'>centio</span> <span class='ocrx_word' id='word_1_288' title='bbox 299 3239 368 3313; x_wconf 85' lang='lat' dir='ltr'>XII,</span> <span class='ocrx_word' id='word_1_289' title='bbox 384 3235 438 3300; x_wconf 93' lang='lat' dir='ltr'>ubi</span> <span class='ocrx_word' id='word_1_290' title='bbox 452 3233 683 3300; x_wconf 77' lang='lat' dir='ltr'>bachabantur</span> <span class='ocrx_word' id='word_1_291' title='bbox 699 3255 706 3298; x_wconf 93' lang='lat'>:</span> <span class='ocrx_word' id='word_1_292' title='bbox 723 3235 814 3298; x_wconf 84' lang='lat' dir='ltr'>Omne</span> <span class='ocrx_word' id='word_1_293' title='bbox 834 3234 1004 3298; x_wconf 71' lang='lat' dir='ltr'>damnatis</span> <span class='ocrx_word' id='word_1_294' title='bbox 1019 3235 1135 3300; x_wconf 75' lang='lat' dir='ltr'>tuaac</span> <span class='ocrx_word' id='word_1_295' title='bbox 1153 3236 1295 3300; x_wconf 79' lang='lat' dir='ltr'>Ecclesia</span> <span class='ocrx_word' id='word_1_296' title='bbox 1314 3257 1466 3303; x_wconf 72' lang='lat' dir='ltr'>maroam</span> 
     </span>
     <span class='ocr_line' id='line_1_33' title="bbox 185 3323 1467 3408; baseline 0.002 -19"><span class='ocrx_word' id='word_1_297' title='bbox 185 3325 297 3395; x_wconf 73' lang='lat' dir='ltr'>ccam,</span> <span class='ocrx_word' id='word_1_298' title='bbox 313 3325 454 3408; x_wconf 80' lang='lat' dir='ltr'>probibet</span> <span class='ocrx_word' id='word_1_299' title='bbox 465 3324 640 3402; x_wconf 82' lang='lat' dir='ltr'>Sacerdoti,</span> <span class='ocrx_word' id='word_1_300' title='bbox 657 3325 711 3406; x_wconf 82' lang='lat' dir='ltr'>qui</span> <span class='ocrx_word' id='word_1_301' title='bbox 721 3325 844 3388; x_wconf 81' lang='lat' dir='ltr'>Missam</span> <span class='ocrx_word' id='word_1_302' title='bbox 857 3326 983 3407; x_wconf 72' lang='lat' dir='ltr'>succepit</span> <span class='ocrx_word' id='word_1_303' title='bbox 992 3323 1203 3388; x_wconf 83' lang='lat' dir='ltr'>celebrandam</span> <span class='ocrx_word' id='word_1_304' title='bbox 1217 3345 1283 3390; x_wconf 83' lang='lat' dir='ltr'>eum</span> <span class='ocrx_word' id='word_1_305' title='bbox 1296 3338 1377 3390; x_wconf 87' lang='lat' dir='ltr'>certa</span> <span class='ocrx_word' id='word_1_306' title='bbox 1391 3326 1467 3392; x_wconf 84' lang='lat' dir='ltr'>cles-</span> 
     </span>
     <span class='ocr_line' id='line_1_34' title="bbox 185 3412 1465 3498; baseline 0.002 -21"><span class='ocrx_word' id='word_1_307' title='bbox 185 3435 323 3498; x_wconf 80' lang='lat' dir='ltr'>mosyoa,</span> <span class='ocrx_word' id='word_1_308' title='bbox 340 3433 377 3477; x_wconf 84' lang='lat' dir='ltr'>ne</span> <span class='ocrx_word' id='word_1_309' title='bbox 390 3413 522 3476; x_wconf 87' lang='lat' dir='ltr'>eamdem</span> <span class='ocrx_word' id='word_1_310' title='bbox 534 3413 655 3475; x_wconf 81' lang='lat' dir='ltr'>Missam</span> <span class='ocrx_word' id='word_1_311' title='bbox 669 3412 774 3489; x_wconf 84' lang='lat' dir='ltr'>alteri,</span> <span class='ocrx_word' id='word_1_312' title='bbox 787 3423 878 3495; x_wconf 83' lang='lat' dir='ltr'>parte</span> <span class='ocrx_word' id='word_1_313' title='bbox 895 3413 1024 3495; x_wconf 67' lang='lat' dir='ltr'>p&#39;asdem</span> <span class='ocrx_word' id='word_1_314' title='bbox 1041 3414 1142 3478; x_wconf 78' lang='lat' dir='ltr'>Messes</span> <span class='ocrx_word' id='word_1_315' title='bbox 1159 3415 1218 3477; x_wconf 83' lang='lat' dir='ltr'>sibi</span> <span class='ocrx_word' id='word_1_316' title='bbox 1234 3425 1365 3494; x_wconf 83' lang='lat' dir='ltr'>retenta,</span> <span class='ocrx_word' id='word_1_317' title='bbox 1387 3415 1465 3479; x_wconf 82' lang='lat' dir='ltr'>cele·</span> 
     </span>
     <span class='ocr_line' id='line_1_35' title="bbox 188 3502 1465 3587; baseline 0 -19"><span class='ocrx_word' id='word_1_318' title='bbox 188 3503 333 3568; x_wconf 83' lang='lat' dir='ltr'>troadam</span> <span class='ocrx_word' id='word_1_319' title='bbox 348 3511 525 3566; x_wconf 77' lang='lat' dir='ltr'>committat.</span> <span class='ocrx_word' id='word_1_320' title='bbox 543 3502 621 3568; x_wconf 85' lang='lat' dir='ltr'>Hinc</span> <span class='ocrx_word' id='word_1_321' title='bbox 634 3509 665 3566; x_wconf 91' lang='lat' dir='ltr'>et</span> <span class='ocrx_word' id='word_1_322' title='bbox 676 3504 846 3566; x_wconf 80' lang='lat' dir='ltr'>Alexander</span> <span class='ocrx_word' id='word_1_323' title='bbox 856 3505 909 3564; x_wconf 84' lang='lat' dir='ltr'>Vll</span> <span class='ocrx_word' id='word_1_324' title='bbox 921 3503 1082 3570; x_wconf 80' lang='lat' dir='ltr'>damnavit</span> <span class='ocrx_word' id='word_1_325' title='bbox 1091 3511 1269 3586; x_wconf 88' lang='lat' dir='ltr'>sequentem</span> <span class='ocrx_word' id='word_1_326' title='bbox 1282 3504 1465 3587; x_wconf 88' lang='lat' dir='ltr'>propositio·</span> 
     </span>
     <span class='ocr_line' id='line_1_36' title="bbox 185 3590 1465 3675; baseline 0.002 -19"><span class='ocrx_word' id='word_1_327' title='bbox 185 3609 258 3657; x_wconf 90' lang='lat' dir='ltr'>nem</span> <span class='ocrx_word' id='word_1_328' title='bbox 273 3594 331 3658; x_wconf 88' lang='lat' dir='ltr'>sub</span> <span class='ocrx_word' id='word_1_329' title='bbox 344 3603 380 3656; x_wconf 85' lang='lat' dir='ltr'>n⁰</span> <span class='ocrx_word' id='word_1_330' title='bbox 391 3596 411 3657; x_wconf 87' lang='lat'>9</span> <span class='ocrx_word' id='word_1_331' title='bbox 425 3611 614 3673; x_wconf 85' lang='lat' dir='ltr'>expressam:</span> <span class='ocrx_word' id='word_1_332' title='bbox 626 3592 700 3655; x_wconf 83' lang='lat' dir='ltr'>Post</span> <span class='ocrx_word' id='word_1_333' title='bbox 713 3591 870 3655; x_wconf 70' lang='lat' dir='ltr'>decretum</span> <span class='ocrx_word' id='word_1_334' title='bbox 883 3590 1003 3655; x_wconf 82' lang='lat' dir='ltr'>Urbani</span> <span class='ocrx_word' id='word_1_335' title='bbox 1004 3603 1109 3675; x_wconf 82' lang='lat' dir='ltr'>potest</span> <span class='ocrx_word' id='word_1_336' title='bbox 1118 3593 1266 3656; x_wconf 88' lang='lat' dir='ltr'>Sacerdos</span> <span class='ocrx_word' id='word_1_337' title='bbox 1272 3641 1282 3675; x_wconf 87' lang='lat'>‚</span> <span class='ocrx_word' id='word_1_338' title='bbox 1297 3599 1349 3657; x_wconf 83' lang='lat' dir='ltr'>cai</span> <span class='ocrx_word' id='word_1_339' title='bbox 1361 3593 1465 3658; x_wconf 76' lang='lat' dir='ltr'>uasa</span> 
     </span>
     <span class='ocr_line' id='line_1_37' title="bbox 187 3678 1463 3765; baseline 0.004 -22"><span class='ocrx_word' id='word_1_340' title='bbox 187 3682 374 3748; x_wconf 67' lang='lat' dir='ltr'>cammenata</span> <span class='ocrx_word' id='word_1_341' title='bbox 389 3681 562 3760; x_wconf 83' lang='lat' dir='ltr'>tradantur,</span> <span class='ocrx_word' id='word_1_342' title='bbox 578 3701 634 3763; x_wconf 85' lang='lat' dir='ltr'>per</span> <span class='ocrx_word' id='word_1_343' title='bbox 652 3678 747 3742; x_wconf 84' lang='lat' dir='ltr'>aliam</span> <span class='ocrx_word' id='word_1_344' title='bbox 764 3680 954 3761; x_wconf 79' lang='lat' dir='ltr'>satisfacere,</span> <span class='ocrx_word' id='word_1_345' title='bbox 971 3680 1078 3744; x_wconf 85' lang='lat' dir='ltr'>collato</span> <span class='ocrx_word' id='word_1_346' title='bbox 1096 3681 1146 3744; x_wconf 85' lang='lat' dir='ltr'>illi</span> <span class='ocrx_word' id='word_1_347' title='bbox 1163 3684 1279 3744; x_wconf 83' lang='lat' dir='ltr'>minori</span> <span class='ocrx_word' id='word_1_348' title='bbox 1289 3682 1463 3765; x_wconf 73' lang='lat' dir='ltr'>stipendio,</span> 
     </span>
     <span class='ocr_line' id='line_1_38' title="bbox 186 3769 1466 3855; baseline 0.002 -22"><span class='ocrx_word' id='word_1_349' title='bbox 186 3772 249 3833; x_wconf 87' lang='lat' dir='ltr'>alia</span> <span class='ocrx_word' id='word_1_350' title='bbox 270 3781 362 3854; x_wconf 83' lang='lat' dir='ltr'>parte</span> <span class='ocrx_word' id='word_1_351' title='bbox 379 3770 525 3854; x_wconf 82' lang='lat' dir='ltr'>stipendii</span> <span class='ocrx_word' id='word_1_352' title='bbox 542 3769 602 3830; x_wconf 84' lang='lat' dir='ltr'>sibi</span> <span class='ocrx_word' id='word_1_353' title='bbox 622 3778 749 3831; x_wconf 86' lang='lat' dir='ltr'>retenta.</span> <span class='ocrx_word' id='word_1_354' title='bbox 769 3771 834 3832; x_wconf 92' lang='lat' dir='ltr'>Imo</span> <span class='ocrx_word' id='word_1_355' title='bbox 855 3769 1034 3834; x_wconf 84' lang='lat' dir='ltr'>Benedictus</span> <span class='ocrx_word' id='word_1_356' title='bbox 1054 3773 1134 3846; x_wconf 86' lang='lat' dir='ltr'>XIV,</span> <span class='ocrx_word' id='word_1_357' title='bbox 1156 3770 1291 3852; x_wconf 84' lang='lat' dir='ltr'>Epistola</span> <span class='ocrx_word' id='word_1_358' title='bbox 1313 3771 1466 3855; x_wconf 75' lang='lat' dir='ltr'>encyclios</span> 
     </span>
     <span class='ocr_line' id='line_1_39' title="bbox 188 3857 1465 3942; baseline 0.003 -22"><span class='ocrx_word' id='word_1_359' title='bbox 188 3859 309 3934; x_wconf 83' lang='lat' dir='ltr'>Quanta</span> <span class='ocrx_word' id='word_1_360' title='bbox 330 3880 418 3938; x_wconf 85' lang='lat' dir='ltr'>carc,</span> <span class='ocrx_word' id='word_1_361' title='bbox 435 3859 484 3922; x_wconf 91' lang='lat' dir='ltr'>die</span> <span class='ocrx_word' id='word_1_362' title='bbox 499 3863 538 3922; x_wconf 86' lang='lat'>30</span> <span class='ocrx_word' id='word_1_363' title='bbox 556 3857 642 3920; x_wconf 90' lang='lat' dir='ltr'>Junii</span> <span class='ocrx_word' id='word_1_364' title='bbox 660 3862 754 3933; x_wconf 80' lang='grc'><strong>1711,</strong></span> <span class='ocrx_word' id='word_1_365' title='bbox 770 3876 861 3940; x_wconf 85' lang='lat' dir='ltr'>poena</span> <span class='ocrx_word' id='word_1_366' title='bbox 877 3857 1086 3938; x_wconf 89' lang='lat' dir='ltr'>suspensionis</span> <span class='ocrx_word' id='word_1_367' title='bbox 1099 3859 1165 3942; x_wconf 90' lang='lat' dir='ltr'>ipsa</span> <span class='ocrx_word' id='word_1_368' title='bbox 1178 3860 1257 3924; x_wconf 86' lang='lat' dir='ltr'>lacto</span> <span class='ocrx_word' id='word_1_369' title='bbox 1270 3860 1465 3926; x_wconf 85' lang='lat' dir='ltr'>incurrendae</span> 
     </span>
     <span class='ocr_line' id='line_1_40' title="bbox 186 3946 1467 4031; baseline 0.005 -23"><span class='ocrx_word' id='word_1_370' title='bbox 186 3953 218 4008; x_wconf 86' lang='lat' dir='ltr'>et</span> <span class='ocrx_word' id='word_1_371' title='bbox 231 3947 301 4011; x_wconf 88' lang='lat' dir='ltr'>Sedi</span> <span class='ocrx_word' id='word_1_372' title='bbox 314 3951 373 4031; x_wconf 80' lang='lat' dir='ltr'>Ap.</span> <span class='ocrx_word' id='word_1_373' title='bbox 393 3953 553 4012; x_wconf 77' lang='lat' dir='ltr'>reservatae</span> <span class='ocrx_word' id='word_1_374' title='bbox 568 3947 696 4009; x_wconf 89' lang='lat' dir='ltr'>damnat</span> <span class='ocrx_word' id='word_1_375' title='bbox 709 3947 915 4022; x_wconf 86' lang='lat' dir='ltr'>Sacerdotem,</span> <span class='ocrx_word' id='word_1_376' title='bbox 929 3946 1002 4027; x_wconf 87' lang='lat' dir='ltr'>qui,</span> <span class='ocrx_word' id='word_1_377' title='bbox 1020 3967 1074 4029; x_wconf 93' lang='lat' dir='ltr'>pro</span> <span class='ocrx_word' id='word_1_378' title='bbox 1087 3949 1188 4014; x_wconf 86' lang='lat' dir='ltr'>Missis</span> <span class='ocrx_word' id='word_1_379' title='bbox 1204 3949 1393 4014; x_wconf 81' lang='lat' dir='ltr'>celebrandis</span> <span class='ocrx_word' id='word_1_380' title='bbox 1407 3949 1467 4014; x_wconf 89' lang='lat' dir='ltr'>sti-</span> 
     </span>
     <span class='ocr_line' id='line_1_41' title="bbox 185 4034 1465 4120; baseline 0.005 -24"><span class='ocrx_word' id='word_1_381' title='bbox 185 4035 297 4115; x_wconf 90' lang='lat' dir='ltr'>pendia</span> <span class='ocrx_word' id='word_1_382' title='bbox 314 4036 455 4118; x_wconf 85' lang='lat' dir='ltr'>colligens</span> <span class='ocrx_word' id='word_1_383' title='bbox 474 4034 599 4120; x_wconf 86' lang='lat' dir='ltr'>majoris</span> <span class='ocrx_word' id='word_1_384' title='bbox 618 4034 710 4116; x_wconf 91' lang='lat' dir='ltr'>pretii</span> <span class='ocrx_word' id='word_1_385' title='bbox 729 4038 820 4117; x_wconf 87' lang='lat' dir='ltr'>juxta</span> <span class='ocrx_word' id='word_1_386' title='bbox 840 4035 1093 4100; x_wconf 81' lang='lat' dir='ltr'>consuetudinem</span> <span class='ocrx_word' id='word_1_387' title='bbox 1111 4037 1160 4102; x_wconf 83' lang='lat' dir='ltr'>vel</span> <span class='ocrx_word' id='word_1_388' title='bbox 1172 4044 1291 4102; x_wconf 89' lang='lat' dir='ltr'>statuta</span> <span class='ocrx_word' id='word_1_389' title='bbox 1308 4039 1465 4116; x_wconf 77' lang='lat' dir='ltr'>locarium,</span> 
     </span>
     <span class='ocr_line' id='line_1_42' title="bbox 184 4121 1464 4210; baseline 0.003 -24"><span class='ocrx_word' id='word_1_390' title='bbox 184 4121 293 4186; x_wconf 82' lang='lat' dir='ltr'>Missas</span> <span class='ocrx_word' id='word_1_391' title='bbox 309 4123 369 4199; x_wconf 89' lang='lat' dir='ltr'>ibi,</span> <span class='ocrx_word' id='word_1_392' title='bbox 386 4125 432 4210; x_wconf 85' lang='lat' dir='ltr'>vel</span> <span class='ocrx_word' id='word_1_393' title='bbox 451 4125 486 4190; x_wconf 92' lang='lat' dir='ltr'>in</span> <span class='ocrx_word' id='word_1_394' title='bbox 505 4124 577 4188; x_wconf 90' lang='lat' dir='ltr'>locis</span> <span class='ocrx_word' id='word_1_395' title='bbox 596 4122 651 4186; x_wconf 90' lang='lat' dir='ltr'>ubi</span> <span class='ocrx_word' id='word_1_396' title='bbox 672 4123 794 4186; x_wconf 88' lang='lat' dir='ltr'>minora</span> <span class='ocrx_word' id='word_1_397' title='bbox 812 4123 965 4204; x_wconf 89' lang='lat' dir='ltr'>stipendia</span> <span class='ocrx_word' id='word_1_398' title='bbox 987 4124 1180 4201; x_wconf 88' lang='lat' dir='ltr'>tribuuntur,</span> <span class='ocrx_word' id='word_1_399' title='bbox 1195 4127 1339 4190; x_wconf 83' lang='lat' dir='ltr'>celebrari</span> <span class='ocrx_word' id='word_1_400' title='bbox 1359 4135 1464 4202; x_wconf 86' lang='lat' dir='ltr'>curet,</span> 
     </span>
     <span class='ocr_line' id='line_1_43' title="bbox 184 4211 1466 4296; baseline 0.004 -23"><span class='ocrx_word' id='word_1_401' title='bbox 184 4218 270 4293; x_wconf 88' lang='lat' dir='ltr'>parte</span> <span class='ocrx_word' id='word_1_402' title='bbox 285 4211 344 4274; x_wconf 90' lang='lat' dir='ltr'>sibi</span> <span class='ocrx_word' id='word_1_403' title='bbox 358 4218 491 4288; x_wconf 87' lang='lat' dir='ltr'>retenta;</span> <span class='ocrx_word' id='word_1_404' title='bbox 507 4213 579 4276; x_wconf 86' lang='lat' dir='ltr'>Pius</span> <span class='ocrx_word' id='word_1_405' title='bbox 594 4217 699 4276; x_wconf 89' lang='lat' dir='ltr'>autem</span> <span class='ocrx_word' id='word_1_406' title='bbox 718 4215 776 4288; x_wconf 89' lang='lat' dir='ltr'>IX,</span> <span class='ocrx_word' id='word_1_407' title='bbox 791 4213 877 4276; x_wconf 90' lang='lat' dir='ltr'>Bulla</span> <span class='ocrx_word' id='word_1_408' title='bbox 895 4212 1073 4296; x_wconf 80' lang='lat' dir='ltr'>Apostolica</span> <span class='ocrx_word' id='word_1_409' title='bbox 1088 4213 1192 4294; x_wconf 84' lang='lat' dir='ltr'>Sedis,</span> <span class='ocrx_word' id='word_1_410' title='bbox 1208 4215 1352 4278; x_wconf 87' lang='lat' dir='ltr'>eumdem</span> <span class='ocrx_word' id='word_1_411' title='bbox 1370 4214 1466 4278; x_wconf 80' lang='lat' dir='ltr'>afficit</span> 
     </span>
     <span class='ocr_line' id='line_1_44' title="bbox 184 4299 1464 4385; baseline 0.003 -24"><span class='ocrx_word' id='word_1_412' title='bbox 184 4317 275 4381; x_wconf 82' lang='lat' dir='ltr'>pana</span> <span class='ocrx_word' id='word_1_413' title='bbox 289 4301 616 4367; x_wconf 84' lang='lat' dir='ltr'>excommunicationis</span> <span class='ocrx_word' id='word_1_414' title='bbox 630 4303 700 4366; x_wconf 83' lang='lat' dir='ltr'>latae</span> <span class='ocrx_word' id='word_1_415' title='bbox 714 4299 874 4366; x_wconf 78' lang='lat' dir='ltr'>sententiae</span> <span class='ocrx_word' id='word_1_416' title='bbox 886 4319 1009 4366; x_wconf 90' lang='lat' dir='ltr'>summo</span> <span class='ocrx_word' id='word_1_417' title='bbox 1022 4302 1159 4368; x_wconf 86' lang='lat' dir='ltr'>Pontifici</span> <span class='ocrx_word' id='word_1_418' title='bbox 1174 4303 1353 4385; x_wconf 86' lang='lat' dir='ltr'>simpliciter</span> <span class='ocrx_word' id='word_1_419' title='bbox 1367 4321 1464 4368; x_wconf 83' lang='lat' dir='ltr'>raser-</span> 
     </span>
     <span class='ocr_line' id='line_1_45' title="bbox 185 4388 922 4472; baseline 0.003 -22"><span class='ocrx_word' id='word_1_420' title='bbox 185 4388 448 4470; x_wconf 67' lang='lat' dir='ltr'>vataefflacomm.</span> <span class='ocrx_word' id='word_1_421' title='bbox 465 4394 530 4472; x_wconf 75' lang='grc'><strong>13).</strong></span> <span class='ocrx_word' id='word_1_422' title='bbox 546 4427 586 4438; x_wconf 87' lang='lat'>--</span> <span class='ocrx_word' id='word_1_423' title='bbox 605 4391 637 4454; x_wconf 90' lang='lat' dir='ltr'>V.</span> <span class='ocrx_word' id='word_1_424' title='bbox 653 4392 691 4455; x_wconf 90' lang='lat' dir='ltr'>S.</span> <span class='ocrx_word' id='word_1_425' title='bbox 706 4391 789 4472; x_wconf 71' lang='lat' dir='ltr'>rea,</span> <span class='ocrx_word' id='word_1_426' title='bbox 804 4412 835 4453; x_wconf 85' lang='grc'>1.</span> <span class='ocrx_word' id='word_1_427' title='bbox 852 4395 922 4456; x_wconf 71' lang='grc'><strong>311.</strong></span> 
     </span>
    </p>
   </div>
   <div class='ocr_carea' id='block_1_9' title="bbox 226 4485 1463 4574">
    <p class='ocr_par' dir='ltr' id='par_1_13' title="bbox 226 4485 1463 4574">
     <span class='ocr_line' id='line_1_46' title="bbox 226 4485 1463 4574; baseline 0.002 -22"><span class='ocrx_word' id='word_1_428' title='bbox 226 4485 338 4570; x_wconf 79' lang='lat' dir='ltr'>Excipe</span> <span class='ocrx_word' id='word_1_429' title='bbox 350 4493 382 4552; x_wconf 86' lang='lat'>1⁰</span> <span class='ocrx_word' id='word_1_430' title='bbox 396 4487 458 4551; x_wconf 90' lang='lat' dir='ltr'>nisi</span> <span class='ocrx_word' id='word_1_431' title='bbox 473 4507 612 4556; x_wconf 72' lang='lat' dir='ltr'>exomsrm</span> <span class='ocrx_word' id='word_1_432' title='bbox 627 4488 773 4572; x_wconf 91' lang='lat' dir='ltr'>stipendii</span> <span class='ocrx_word' id='word_1_433' title='bbox 788 4489 919 4554; x_wconf 78' lang='lat' dir='ltr'>traditus</span> <span class='ocrx_word' id='word_1_434' title='bbox 937 4490 1032 4556; x_wconf 84' lang='lat' dir='ltr'>faerit</span> <span class='ocrx_word' id='word_1_435' title='bbox 1048 4491 1169 4558; x_wconf 89' lang='lat' dir='ltr'>intuitu</span> <span class='ocrx_word' id='word_1_436' title='bbox 1187 4511 1340 4574; x_wconf 78' lang='lat' dir='ltr'>persona,</span> <span class='ocrx_word' id='word_1_437' title='bbox 1355 4489 1463 4557; x_wconf 89' lang='lat' dir='ltr'>amici·</span> 
     </span>
    </p>
   </div>
   <div class='ocr_carea' id='block_1_10' title="bbox 1592 3617 1597 3748">
    <p class='ocr_par' dir='ltr' id='par_1_14' title="bbox 1592 3617 1597 3748">
     <span class='ocr_line' id='line_1_47' title="bbox 1592 3617 1597 3748; baseline 0 -26"><span class='ocrx_word' id='word_1_438' title='bbox 1592 3617 1597 3748; x_wconf 72' lang='lat' dir='ltr'>l</span> 
     </span>
    </p>
   </div>
   <div class='ocr_carea' id='block_1_11' title="bbox 0 0 1604 5036">
    <p class='ocr_par' dir='ltr' id='par_1_15' title="bbox 0 0 1604 5036">
     <span class='ocr_line' id='line_1_48' title="bbox 0 0 1604 5036; baseline 0 0"><span class='ocrx_word' id='word_1_439' title='bbox 0 0 1604 5036; x_wconf 95' lang='lat' dir='ltr'> </span> 
     </span>
    </p>
   </div>
  </div>
 </body>
</html>
