3198 5034
476 206 518 249 ne
538 203 713 250 saltamus
733 203 1046 254 rcerteucanreus
1353 192 1398 254 l!

6 359 7 392 3
167 315 382 396 Episcoporum
400 315 613 400 obligationes,
633 321 808 397 praetereas
822 314 936 394 quibus
948 315 984 378 in
1002 314 1052 378 die
1067 314 1301 378 corrsecreticnis
1312 319 1399 398 jura-

126 411 230 474 mento
246 423 278 466 se
291 405 502 484 adstringam,
520 405 709 468 reducumtu
720 403 758 468 ad
772 403 987 479 residentiam,
1003 401 1189 478 orationem,
1205 404 1398 482 pradicatio-

6 501 7 512 *
124 511 212 566 nem,
227 497 259 554 et
272 491 430 554 dioeceseos
445 492 664 555 visitationem.

6 631 7 640 ,
164 586 235 652 lb'l.
246 617 286 634 ψ
299 583 322 642 l.
336 580 444 658 Quoad
453 579 658 647 residentium.
673 579 829 662 Episcopi,
841 579 912 644 licet
925 581 1102 645 Cardinales
1115 580 1194 655 siut,
1207 586 1355 644 tenentur
1363 581 1398 644 in

124 689 180 740 sut
195 669 355 750 episcopati
370 671 437 737 sede
452 670 649 744 commorari,
665 678 702 732 ut
718 669 870 748 tetigitur
889 688 927 734 ex
944 667 1037 732 Cone.
1057 669 1158 742 resa,
1172 688 1243 733 sees.
1257 672 1313 744 Vl,
1328 690 1354 732 o.
1369 689 1395 748 r,

122 758 158 824 de
173 759 321 840 Reform„
338 769 368 820 ot
381 779 451 824 sess.
465 761 575 832 XXIII,
590 758 653 822 ceti·
671 780 696 820 e·

163 846 274 910 Pieres
287 853 392 913 autem
409 854 484 914 sunt
500 865 598 912 catrsae
614 853 794 914 excusantes
807 847 994 928 Episcopum
1008 865 1026 910 a
1044 853 1190 928 perpetuo
1209 853 1240 910 et
1255 847 1400 912 continua

122 935 299 998 residentia.
1162 989 1164 994 .

164 1029 196 1086 l⁰
219 1022 339 1086 Caritas
353 1024 535 1104 obristioco,
553 1045 583 1086 r.
600 1043 659 1104 gr„
677 1025 702 1086 si
722 1043 783 1104 qua
799 1025 930 1087 Ecclesia
950 1025 983 1088 in
1002 1043 1113 1105 magno
1129 1025 1275 1088 haereseos
1292 1024 1397 1087 discri-

121 1112 210 1174 mine
222 1117 371 1186 versetur,
385 1117 415 1175 et
428 1131 517 1194 opem
531 1113 576 1176 illi
588 1113 665 1175 lerre
680 1113 790 1193 possit,
805 1114 852 1175 vel
867 1113 894 1175 si
907 1113 1006 1194 ipsius
1020 1112 1166 1176 mediatio
1178 1113 1219 1174 sit
1231 1113 1399 1176 necessaria

121 1201 164 1262 ad
179 1202 417 1281 componendam
431 1220 552 1283 pacem,
568 1207 626 1266 etc.

165 1293 197 1351 2⁰
217 1289 385 1351 Necessitas
403 1310 531 1372 atqcue,
548 1310 576 1352 r.
594 1309 653 1370 gn,
674 1290 700 1353 si
715 1290 880 1372 Episcopus
897 1291 962 1353 vita
979 1291 1167 1371 periclitetur
1184 1291 1222 1353 ob
1237 1291 1395 1366 morbum,

120 1376 203 1446 aeris
220 1376 466 1455 inclementiam,
485 1379 728 1460 persecutionem
743 1380 945 1460 personalem,
962 1386 1033 1456 etc,
1046 1398 1109 1444 uon
1126 1399 1197 1444 uero
1213 1386 1334 1460 prepter·
1350 1398 1398 1459 ge-

119 1467 224 1536 nerale
238 1467 425 1546 periculum,
443 1488 474 1530 r.
490 1487 549 1548 gn,
568 1474 702 1549 tempore
715 1469 864 1550 contagii,
881 1475 937 1534 etc.

162 1559 196 1620 3ο
219 1555 397 1618 Obedientio
412 1557 528 1634 debito,
545 1557 659 1622 scilicet
672 1575 743 1622 cum
757 1557 896 1624 Pontifex
910 1557 1093 1640 Episcopum
1106 1557 1241 1638 aliquem
1255 1557 1396 1632 aduocat,

118 1648 160 1712 ut
176 1643 205 1706 ei
224 1644 337 1724 negotii
362 1644 492 1727 alicujus
510 1664 616 1710 cruam
634 1645 821 1710 demandet:
846 1645 889 1710 sie
909 1646 1082 1710 cardinales
1102 1651 1240 1710 Romano
1257 1645 1397 1712 recubu

116 1731 300 1800 assistentes
314 1732 515 1798 sufficientem
529 1751 655 1798 causam
669 1734 800 1807 babent,
814 1751 869 1795 cur
884 1733 922 1796 ab
939 1733 1080 1796 Ecolesiis
1094 1733 1207 1812 sepius
1219 1733 1334 1796 absint.

162 1822 198 1880 4⁰
218 1817 336 1880 Bonum
350 1821 469 1882 euidens
483 1822 515 1882 E
517 1821 647 1895 cclesioe,
663 1822 703 1884 ed
717 1824 782 1900 ejus
792 1823 865 1900 jura
879 1817 1080 1896 desudanda,
1096 1839 1127 1882 t.
1144 1839 1203 1899 gn,
1219 1820 1254 1886 in
1265 1821 1397 1886 coneum

113 1905 304 1988 provinciali
320 1907 367 1972 vel
380 1909 524 1987 generali.
539 1944 579 1954 -
594 1909 629 1972 S.
646 1908 717 1990 Liq.
735 1928 767 1967 n.
781 1911 851 1972 lit.

161 1994 319 2075 Episcopis
334 1996 538 2076 permittitur,
558 2002 593 2060 ut
607 2015 646 2060 ex
659 1996 790 2060 honesta
804 2014 895 2062 causa
910 1999 941 2060 et
954 1995 1069 2076 absque
1082 1995 1181 2076 gregis
1195 1997 1394 2072 detrimento,

119 2082 253 2162 singulis
267 2084 373 2158 amis,
390 2084 513 2150 duobus
527 2092 582 2151 aut
599 2084 701 2149 tribus
715 2083 874 2149 mensibus
887 2085 991 2152 mssa
1007 2084 1140 2165 possint,
1157 2083 1221 2148 sire
1235 2086 1395 2160 continue,

120 2171 188 2237 sire
204 2171 393 2253 interpolate.
413 2175 461 2236 Ex
477 2172 565 2236 Cone.
586 2173 737 2251 Trident,
753 2192 820 2234 sees.
837 2175 946 2248 xxm,
962 2193 987 2234 c.
1002 2193 1029 2248 1,
1049 2173 1086 2236 de
1100 2174 1238 2254 Reform.
1257 2175 1314 2236 Sed
1329 2173 1397 2238 diu-

121 2258 186 2327 tius
204 2259 318 2340 absque
335 2261 458 2324 indulto
474 2262 645 2341 apostolico
659 2261 764 2326 abesse
779 2279 843 2324 non
862 2266 1004 2341 possunt,
1023 2261 1340 2344 siperegrinationem
1357 2265 1396 2330 ad

121 2347 232 2428 limina
244 2349 460 2429 Apostolorum
473 2355 504 2412 et
517 2349 727 2415 assistentiam
741 2348 872 2413 concilio
886 2350 1066 2430 provinciali
1079 2350 1223 2432 excipias.

168 2439 233 2499 l08.
249 2474 288 2482 —
302 2439 339 2500 ll.
358 2436 465 2512 Quoad
473 2439 735 2520 predicationem.
755 2439 896 2520 Episcopi
915 2438 1110 2506 strictissima
1123 2445 1268 2504 tenentur
1281 2439 1400 2522 obliga*

121 2523 208 2596 tione
226 2527 353 2590 verbum
372 2526 425 2590 Dei
443 2526 644 2607 praetenui,
660 2547 719 2610 per
737 2547 767 2590 se
786 2527 834 2590 vel
850 2527 959 2592 saltem
977 2546 1031 2608 per
1049 2528 1138 2604 alios,
1156 2529 1184 2592 si
1201 2528 1318 2594 inerint
1334 2529 1394 2612 ipsi

119 2610 256 2696 legitime
269 2614 411 2696 impediti
423 2635 430 2676 :
447 2620 564 2684 mustat
578 2635 616 2680 su
630 2617 788 2697 Scriptura
801 2633 895 2684 saera.
911 2616 960 2682 Sic
974 2618 1152 2698 Apostolus,
1168 2617 1287 2682 llTim.
1300 2639 1343 2694 ιι,
1352 2623 1374 2680 a
1384 2639 1395 2680 ι

120 2699 264 2782 Ptudice
282 2704 419 2782 emtam
438 2705 518 2766 insta
537 2715 723 2788 opportune,
742 2713 1052 2788 saturitatemque,
1071 2706 1204 2784 edema,
1222 2707 1343 2789 inceps
1363 2708 1397 2769 in

120 2793 203 2940 gagnei
211 2796 362 2873 patientie
376 2803 405 2856 et
420 2792 573 2868 toea-mc,
588 2801 648 2856 etc.
660 2797 786 2858 Constat
799 2793 893 2858 etiam
906 2811 944 2858 ex
958 2793 1049 2856 Coae.
1064 2794 1166 2871 Trici„
1179 2813 1250 2856 sess.
1264 2797 1302 2866 V,
1317 2813 1342 2854 c.
1357 2812 1393 2868 rr,

172 2879 304 2960 noscet.

162 2969 212 3036 ill.
228 2969 333 3046 Quom
344 2971 520 3034 acutionem.
534 2969 689 3052 Episcopi,
702 2972 917 3052 Apostolorum
930 2970 1039 3047 instar,
1052 2970 1163 3036 debent
1174 2971 1304 3034 orationi
1314 2988 1392 3050 sepe

118 3057 193 3126 date
204 3075 341 3139 operam,
356 3066 388 3126 et
401 3058 435 3124 in
449 3059 627 3128 divinarum
638 3077 742 3126 rerum
756 3059 1012 3141 contemplatione
1026 3078 1058 3124 se
1069 3077 1222 3134 exercere,
1234 3059 1393 3124 divinam-

118 3163 180 3230 que
192 3145 301 3214 lumen
314 3147 389 3224 sibi,
403 3149 505 3221 Clau,
520 3150 689 3230 populoque
703 3149 846 3212 uniuerso
860 3148 1052 3214 continenter
1066 3147 1242 3229 efflagitare.

161 3239 359 3318 Ereqrrenten
377 3243 408 3300 ot
430 3237 538 3302 saltem
556 3235 664 3302 tetus
684 3237 851 3301 Domuum
870 3255 904 3300 ac
924 3235 1027 3312 lestis,
1048 3241 1176 3303 &crum
1196 3255 1252 3318 pro
1272 3237 1395 3301 diocesi

117 3321 267 3394 universa
283 3324 379 3392 farem
398 3324 527 3399 debent,
542 3330 576 3390 et
589 3324 736 3406 ιιιιιιιιιιιιι
754 3326 792 3394 od
813 3325 982 3392 murnum
1001 3325 1113 3407 sepius
1126 3325 1269 3402 incitus,
1286 3324 1395 3391 orandi

117 3413 250 3474 modum
269 3414 434 3489 edocendo,
450 3411 585 3493 privatas
601 3410 797 3492 publicasque
816 3430 916 3491 preces
933 3413 967 3474 in
986 3413 1146 3493 precipuis
1160 3412 1395 3482 amoenitatibus

117 3499 297 3580 weeudo,
320 3501 613 3583 supplicationesque
638 3500 839 3574 commendo,
861 3504 918 3564 ete.
940 3536 980 3564 -,-
1003 3501 1039 3564 S.
1063 3502 1145 3582 etp,
1167 3499 1259 3564 Hom.
1282 3509 1391 3581 apost,

119 3597 210 3655 tract.
224 3593 292 3667 uu,
309 3611 340 3654 o.
354 3595 412 3666 65,
426 3595 476 3656 66.

163 3682 232 3742 lue.
250 3717 293 3733 -ι-
311 3682 360 3744 IV.
383 3680 492 3756 Quoad
512 3678 717 3744 visitationem
738 3675 945 3760 episcopatem.
968 3675 1150 3758 Episcopus,
1170 3682 1277 3757 uipele
1299 3676 1400 3742 tulius

119 3765 280 3831 dioeceseos
299 3775 413 3850 pastor,
429 3786 576 3850 magnum
592 3766 769 3835 animarum
786 3785 849 3832 sue
871 3764 1071 3832 sollicitudini
1090 3785 1124 3831 ac
1139 3763 1297 3832 laboribus
1309 3783 1393 3830 mm

118 3853 289 3924 musarum
302 3875 409 3922 curam
421 3876 523 3939 gerere
537 3857 637 3923 debet.
657 3859 755 3932 erare
769 3855 930 3936 diligenter
944 3854 1079 3920 disemos
1093 3873 1157 3922 sum
1169 3851 1393 3935 iurisdictionis

119 3944 259 4014 malcaim
282 3945 366 4012 obire
386 3945 599 4026 adstringitur,
622 3953 659 4010 ut
680 3964 749 4010 oves
770 3963 857 4019 suas,
873 3944 923 4010 uti
940 3961 996 4030 par
1016 3949 1078 4020 est,
1098 3949 1271 4024 cognocet,
1286 3961 1395 4012 mnam

120 4033 315 4101 necessitates
328 4035 462 4115 detegat,
480 4034 581 4099 media
593 4034 655 4098 illis
671 4034 846 4100 occmrendi
860 4033 1057 4114 pervestiget..
1067 4033 1115 4100 Ad
1131 4033 1196 4098 hec
1209 4032 1312 4098 emnia
1322 4033 1393 4112 jore

120 4119 227 4190 divim
241 4129 271 4186 et
286 4123 421 4187 naturali
435 4122 599 4203 obligatur,
615 4141 713 4203 neque
729 4123 792 4186 ulla
805 4122 1028 4188 consuetudine
1043 4122 1092 4184 lex
1109 4121 1174 4187 heo
1191 4119 1332 4200 abrogari
1345 4120 1397 4186 ed

116 4208 268 4274 imminui
282 4218 396 4294 potest,
410 4217 447 4275 ut
461 4218 603 4292 apertum
616 4217 663 4274 est
677 4230 715 4273 cr
729 4210 846 4274 Coracil.
867 4210 1023 4282 Pedicat,
1037 4229 1105 4274 sees.
1123 4213 1229 4285 XXIV,
1246 4230 1272 4274 c.
1287 4227 1342 4283 ur,
1357 4207 1393 4271 de

116 4297 259 4380 tetam
273 4337 313 4348 -
328 4301 364 4363 S.
380 4301 463 4383 atq,
481 4299 573 4364 Hom.
589 4309 697 4382 apost„
715 4309 804 4362 tract.
818 4301 887 4373 Vll,
905 4320 936 4360 u.
951 4301 1004 4370 59,
1022 4303 1072 4364 6οη.

160 4389 320 4473 Episcopi,
336 4389 391 4471 qui
405 4389 528 4459 obstas
542 4388 771 4470 intruensasque
780 4388 923 4454 dioeceses
936 4386 1171 4463 administrant,
1188 4391 1228 4452 ut
1237 4387 1273 4454 ia
1284 4386 1394 4460 Gallia,

6 4467 7 4470 ’
114 4495 183 4548 non
196 4485 327 4560 possunt
339 4497 388 4546 ees
403 4477 568 4559 quotannis
585 4495 682 4558 neque
695 4477 788 4542 altero
807 4495 928 4557 quoque
943 4494 1025 4544 auno
1041 4475 1175 4558 integras
1184 4475 1393 4556 palmeum
