3220 5042
583 213 626 257 EE
644 211 891 258 cucumam

219 373 412 450 Qnaeslta.

137 507 207 568 103.
222 535 263 548 -
275 503 378 577 Qann.
390 507 421 565 10
430 501 480 562 Aa
494 521 594 564 ornere
609 501 749 565 Robrica
762 501 859 565 Missa
871 502 933 563 sint
944 501 1152 584 praceptr‘oa?

139 592 228 672 Hesp.
244 595 277 654 t⁰
290 609 298 652 z
311 591 406 654 turta
417 607 612 654 communem
626 589 824 665 sententiam,
840 608 948 654 ornnes
959 590 1114 666 Rubriae,
1129 609 1197 672 quae
1211 594 1374 655 servantur

101 681 180 742 intra
192 679 327 755 Missam,
343 685 418 742 sunt
428 680 636 762 praceprtvoe,
653 697 725 742 cum
738 697 804 741 rem
819 679 892 742 adeo
907 697 1023 742 sacram
1043 678 1216 760 respiciant.
1232 679 1375 762 obligant

101 775 206 832 autem
227 767 281 829 sat
294 767 383 850 pravi
400 767 448 830 vel
461 768 517 830 sall
532 767 606 847 leri,
620 785 675 848 pro
689 765 840 848 gravitate
857 768 906 830 vel
923 767 1047 832 levitate
1070 767 1221 844 materiae,
1235 773 1273 831 ut
1291 765 1391 830 inira

99 857 228 922 dicetur.
245 892 285 902 -
298 853 333 918 S.
346 855 415 937 Ltp.
433 877 464 918 a.
482 860 551 921 399.

139 947 231 1028 Besp.
247 949 300 1007 6οε
317 943 458 1010 Robrica
478 964 566 1020 vero,
588 962 657 1024 quae
678 952 841 1008 servantur
861 953 952 1007 ecrra
971 945 1110 1025 Missam,
1126 945 1159 1007 id
1176 951 1224 1009 cst
1241 949 1313 1008 ante
1326 945 1375 1009 vel

99 1040 169 1117 post
180 1037 318 1108 Sacrum,
331 1032 486 1096 habentur
497 1033 703 1096 communiter
717 1038 755 1096 ut
767 1051 850 1096 merc
862 1033 1028 1104 directim,
1040 1039 1087 1108 at,
1103 1053 1134 1097 v.
1151 1052 1210 1115 gn,
1224 1033 1376 1098 orationes

99 1140 156 1203 pro
173 1121 393 1204 preparatione
405 1123 454 1186 vel
471 1121 642 1202 gratiarum
661 1120 795 1197 actione;
810 1129 941 1203 possunt
953 1120 1038 1186 enim
1051 1121 1119 1185 alia
1134 1121 1287 1186 orationes
1301 1120 1375 1185 reci·

99 1211 173 1274 tari.
193 1210 440 1274 Comi-overatur
463 1217 567 1273 tamen
586 1210 687 1292 quoad
705 1209 857 1274 orationes
880 1229 964 1292 quae,
985 1229 1025 1273 ex
1048 1209 1195 1286 Rubrica,
1213 1209 1376 1274 recitandas

99 1305 177 1364 sant
191 1300 265 1363 dum
280 1305 380 1362 vestes
392 1298 585 1376 induuntur;
601 1299 739 1362 sedeam
751 1301 908 1362 communi
920 1299 1073 1362 sententia
1085 1299 1254 1362 tenendum
1266 1302 1322 1376 est,
1331 1297 1377 1362 ait

98 1387 133 1451 S.
152 1389 235 1470 Ltp„
250 1409 281 1448 o.
297 1392 373 1466 110,
390 1407 497 1450 esrum
515 1386 714 1450 omissionem
731 1406 796 1450 esse
813 1387 975 1451 venialiter
988 1387 1181 1470 culpabilem.
1197 1387 1258 1450 Alii
1274 1393 1378 1451 tamen

101 1481 210 1540 tenent
222 1495 295 1540 cum
308 1477 434 1552 Saarez,
453 1475 531 1540 banc
543 1474 742 1539 omissionem
756 1475 843 1538 omni
855 1477 943 1556 culpa
954 1495 1071 1540 vacare.

138 1571 212 1630 161.
231 1602 271 1612 -
283 1567 386 1642 Qona.
404 1569 439 1628 2⁰
450 1565 499 1628 Aa
513 1565 666 1628 Sacerdos
678 1565 817 1647 infirmas
831 1564 982 1628 celebrare
993 1567 1099 1647 possit,
1116 1565 1186 1628 licet
1201 1587 1263 1628 oon
1280 1583 1377 1628 omnes

99 1654 251 1717 Rubricas
262 1673 382 1716 servare
395 1653 506 1736 queat?

139 1743 233 1822 Resp.
251 1744 274 1802 Α
282 1742 391 1823 sfirm,
408 1741 435 1804 si
449 1759 560 1823 paucas
574 1747 605 1803 et
620 1740 748 1804 leviores
764 1747 888 1802 lantum
907 1739 1044 1815 omittat,
1060 1741 1217 1822 imprimis
1231 1742 1258 1804 si
1271 1741 1379 1823 priva·

101 1831 166 1893 tim
178 1828 317 1892 celebret.
330 1831 394 1892 lmo
409 1830 511 1909 plures
525 1829 627 1908 gravis
640 1835 720 1890 nota
734 1834 873 1890 auctores
887 1828 1077 1909 permittunt
1089 1829 1214 1892 infirmo
1228 1830 1379 1892 celebran-

101 1919 147 1994 ti,
165 1924 203 1980 ιιι
216 1916 311 1980 etiam
325 1917 433 1980 baculo
446 1922 563 1990 utatur,
577 1916 604 1978 si
619 1915 772 1996 indigeat,
785 1923 843 1979 etc.
858 1952 898 1962 -
911 1917 947 1980 S.
962 1917 1030 1998 Lip.
1045 1939 1076 1981 o.
1092 1921 1165 1982 tos.

147 2009 252 2083 Quas.
269 2013 300 2070 30
308 2007 360 2067 Aa
373 2025 443 2067 acas
454 2007 547 2088 parci
559 2005 722 2067 cochlearis
733 2026 792 2089 pro
806 2026 885 2088 aqua
900 2007 931 2067 ia
942 2007 1061 2068 calicem
1073 2005 1262 2088 infundenda
1272 2010 1312 2069 sit
1326 2027 1383 2069 om·

105 2095 198 2158 nibus
213 2095 332 2156 licitus?

150 2182 256 2266 desp:
271 2182 459 2245 Servandam
473 2199 537 2244 esse
550 2181 726 2247 llubrimm.
743 2181 796 2244 Sic
813 2181 848 2244 S.
863 2181 975 2265 Conpr.
995 2183 1071 2263 atr,
1088 2189 1106 2247 'l
1121 2184 1272 2265 Septemb.
1291 2188 1381 2260 1810,

108 2273 141 2335 in
156 2271 316 2354 supertes.
330 2273 369 2334 ad
384 2274 434 2333 13.

147 2363 250 2438 Qama.
271 2365 303 2422 10
319 2360 460 2421 Potestne
474 2359 636 2439 Sacerdos,
652 2360 716 2422 SS.
731 2360 961 2424 Eucharistiam
975 2360 1113 2444 fidelibus
1126 2361 1319 2444 distribuens,
1335 2381 1385 2426 eo·

106 2469 176 2513 ram
189 2459 285 2511 mento
297 2459 434 2532 patenam
449 2467 616 2529 supponere
627 2449 724 2511 eodem
741 2471 844 2526 mana,
863 2471 921 2530 qna
931 2451 1081 2532 pyridem
1094 2457 1190 2512 tenet?

149 2538 240 2621 desp.
260 2537 337 2620 Nep.
355 2537 401 2620 (S.
417 2540 526 2616 Gongr.
539 2535 603 2601 llit.
619 2541 658 2600 ts
672 2539 804 2619 Augusti
818 2543 911 2615 1861,
927 2542 961 2600 ιἰι
975 2539 1155 2620 Larioaen.)

150 2631 222 2691 105.
236 2662 277 2672 -
289 2629 392 2703 Quaen.
408 2629 441 2689 5⁰
457 2625 625 2702 Quamnam
642 2626 767 2689 Missam
783 2628 879 2710 lepore
896 2628 1000 2690 debeat
1018 2628 1168 2691 Sacerdos
1181 2627 1335 2693 celebrans
1350 2631 1384 2691 irs

114 2714 178 2777 alia
194 2713 356 2778 Ecclesia?

150 2803 241 2886 desp.
253 2806 322 2866 :En
336 2801 370 2865 S.
387 2802 500 2884 Conpr.
517 2802 581 2865 Rit.
596 2804 633 2866 de
645 2803 703 2867 bac
715 2823 748 2867 re
760 2804 944 2868 decisiones:

152 2897 186 2956 10
200 2894 345 2956 Servetur
360 2895 518 2954 Decretum
542 2893 574 2952 r'n
595 2891 769 2956 Varsovira.
787 2893 835 2956 die
856 2899 874 2955 7
893 2891 966 2957 Maii
984 2897 1072 2969 1616,
1090 2892 1242 2957 nimirum
1261 2892 1388 2958 Missam

113 2982 293 3046 concordare
313 2979 422 3043 debere
443 2997 516 3042 cum
535 2979 636 3044 Officio
654 2982 736 3062 quod
757 2981 828 3062 quis
850 2981 1006 3056 recitavit,
1023 2983 1189 3046 dummodo
1207 3000 1278 3046 cum
1291 2982 1388 3047 colore

113 3068 269 3144 Ecclesia,
285 3068 319 3132 in
333 3086 395 3150 qua
411 3067 556 3142 celebrat,
570 3074 695 3149 aptetur
708 3071 718 3150 l
729 3073 764 3132 ts
780 3074 853 3134 Nov.
873 3069 979 3152 1711).
996 3069 1141 3151 Alioquin
1162 3072 1285 3152 quando
1307 3069 1388 3134 inibi

114 3165 160 3222 est
173 3158 296 3238 duplex,
308 3156 453 3220 celebrari
465 3156 554 3218 debet
566 3157 604 3219 de
617 3158 725 3220 Sancto
739 3159 827 3238 cujus
840 3157 1034 3238 particularis
1046 3158 1100 3222 illa
1112 3158 1244 3222 Ecclesia
1256 3158 1387 3222 celebrat

112 3246 298 3328 offlaumm
311 3248 393 3326 Sept.
413 3247 518 3327 trac).

153 3339 188 3399 2⁰
202 3335 343 3398 Sacerdos
357 3334 392 3396 in
404 3333 466 3417 alia
480 3332 611 3396 Ecclesia
629 3333 783 3396 celebrans
800 3352 862 3396 non
879 3341 979 3416 potest
997 3335 1095 3399 dicare
1112 3335 1236 3402 Missam
1250 3334 1388 3400 votivam

115 3441 186 3488 cum
200 3423 297 3486 colore
309 3421 364 3504 qai
378 3421 479 3486 Officio
492 3422 588 3504 hujus
600 3421 738 3484 Ecclesia
751 3421 909 3498 convenit,
926 3421 988 3485 nisi
1004 3423 1084 3487 ritus
1099 3423 1233 3505 praefatas
1250 3421 1388 3488 Ecclesia

114 3513 147 3576 id
159 3512 319 3594 permittat
334 3511 385 3592 (lt
404 3513 486 3593 Sept.
502 3509 609 3592 1746).

155 3607 190 3667 30
202 3604 238 3666 In
258 3600 405 3664 oratoriis
419 3598 549 3680 privatis
568 3598 662 3663 Missa
675 3598 765 3663 debet
782 3617 903 3680 sempor
923 3601 1103 3664 concordare
1116 3617 1187 3665 cum
1201 3600 1301 3666 Officio
1314 3601 1388 3664 cele

116 3689 407 3772 hmnaslrsuart.
424 3689 529 3771 1831).
736 3751 741 3766 ,

157 3783 227 3844 106.
242 3814 285 3826 -
304 3779 405 3854 Qasr.
426 3783 460 3842 60
478 3779 602 3841 Licetne
621 3781 773 3842 orationes
791 3778 905 3842 addere
918 3789 1032 3862 prater
1048 3783 1237 3842 orationesa
1259 3778 1390 3842 Rubrt'ca

115 3868 284 3951 assignatas
299 3866 348 3928 cel
357 3866 539 3949 pemaissas?

154 3956 247 4038 Resp.
262 3955 421 4036 Nepotice.
443 3955 492 4019 Sic
515 3956 679 4020 declaravit
698 3955 735 4019 S.
754 3955 907 4040 Conprep.
927 3957 1005 4033 Bit,
1019 3959 1059 4020 12
1076 3959 1156 4038 Aug.
1172 3959 1265 4032 1851,
1282 3957 1315 4019 s'a
1332 3957 1391 4020 La·

119 4065 235 4107 aomo.

30 4163 32 4210 3
155 4136 259 4211 Quae.
276 4140 308 4197 '1⁰
326 4135 434 4198 Utram
448 4138 482 4195 in
503 4133 598 4196 Missa
616 4134 796 4216 quotidiana
817 4133 1030 4216 defunctorum
1048 4133 1137 4196 liceat
1148 4135 1300 4198 orationes
1316 4135 1394 4199 atras

31 4213 32 4232 ¹
117 4223 282 4304 subrepere
297 4223 359 4306 leis,
376 4242 440 4304 qaae
457 4223 489 4283 io
503 4223 622 4284 Mr’ssali
638 4229 854 4304 apponantur?

157 4311 249 4391 Resp.
261 4311 399 4376 :Ultimo
410 4310 473 4374 loco
488 4327 607 4391 semper
620 4309 680 4373 dici
695 4311 784 4374 debet
797 4309 895 4374 oratio
909 4309 1060 4374 Fideliam
1075 4313 1207 4374 amnium
1220 4313 1231 4396 (
1236 4315 1267 4377 S.
1283 4318 1393 4394 congr.

120 4401 233 4474 Rit.,a
252 4403 334 4480 Sept.
353 4403 442 4475 1711,
459 4402 492 4460 ia
507 4398 652 4482 Aqoeo.l;
668 4409 696 4461 et
712 4399 811 4482 quoad
827 4400 962 4481 primam
981 4404 1147 4463 orationem
1164 4414 1299 4466 servetur
1314 4401 1397 4465 Ordo

123 4486 272 4569 discolis,
288 4488 320 4551 id
341 4495 402 4566 est,
417 4487 538 4552 dicatur
552 4504 691 4570 semper:
706 4488 802 4569 Deus,
820 4490 876 4571 qai
891 4489 970 4552 inter
992 4490 1195 4572 Apostolicos.
1213 4491 1262 4575 (S.
1284 4493 1395 4572 Gongr.

199 4602 270 4648 acm.
280 4622 307 4634 -
324 4603 383 4647 ’tom
393 4601 425 4648 11.
1272 4593 1305 4644 ts

1582 1537 1586 1660 ²
