3220 5042
123 211 127 226 ·
219 188 288 248 200
753 198 960 245 rnrcrarus

260 315 330 376 452.
347 313 448 386 Qum.
465 313 499 373 6ο
520 313 572 372 Αη
593 310 729 392 suspiciat
750 311 869 372 attritio
894 329 932 371 en
953 319 1031 372 metu
1050 327 1209 392 pernoram
1232 307 1414 390 Purpotorii
1432 331 1492 392 pro

217 401 345 482 peccatis
359 398 545 460 ventalibus?
1344 408 1347 416 '

259 489 346 570 ltesp.
368 487 506 568 Affirm,
527 505 598 549 cum
620 487 772 550 sententia
797 485 1050 549 communissima
1070 491 1101 548 et
1121 485 1277 548 moraliter
1298 491 1396 562 certa;
1415 489 1494 568 quia

218 577 352 640 rationes
358 593 463 639 omnes
471 576 758 657 superiusadductae
765 595 819 656 pro
826 573 1007 638 sufficientia
1016 573 1229 657 attritionis-err
1239 577 1322 636 metu
1330 575 1489 655 gehennae,

218 666 269 729 hic
285 665 528 746 quoquevalent.

260 757 361 832 Quian.
377 759 411 816 7⁰
426 753 475 814 An
488 753 623 834 sufficiat
636 753 753 816 attritio
772 773 810 816 en
827 763 906 816 metu
914 773 1073 836 panarum
1089 751 1295 834 temporalium
1313 751 1403 833 liujus
1418 753 1493 818 aitoe

215 864 273 926 pro
283 851 403 926 peccato
413 842 648 913 mirandorum,
663 851 757 924 prout
770 863 789 905 o
802 844 865 904 Deo
880 840 1086 925 inflr'quntur?

258 933 347 1014 Hesp.
368 931 496 1013 affirm.
514 931 721 1014 probabitius,
744 933 834 995 modo
853 932 894 995 sit
915 930 1163 1012 supernaturalis.
1185 929 1274 995 Ratio
1286 935 1348 1005 est,
1365 937 1399 993 ιο
1414 933 1493 1012 quia

219 1029 355 1084 comtare
369 1020 491 1084 ridetur
503 1040 540 1082 err
553 1020 654 1084 verbis
667 1020 857 1096 Tridentini,
874 1020 929 1083 ubi
946 1019 1042 1084 dicit:
1059 1019 1188 1081 Attritio
1203 1038 1242 1080 er
1258 1029 1336 1080 metu
1349 1021 1493 1101 pedenna

219 1119 249 1172 ct
258 1127 421 1192 panarum
432 1111 604 1190 concipitur
614 1131 627 1171 .·
639 1109 806 1190 distinguit
819 1109 902 1171 euim
917 1109 999 1172 inter
1012 1125 1118 1189 poenas
1132 1107 1277 1188 gehennae
1290 1114 1323 1170 et
1335 1107 1413 1172 alias
1425 1127 1491 1190 pta

219 1216 289 1274 uas;
305 1203 339 1260 2⁰
352 1198 427 1278 quia
443 1197 478 1260 in
493 1197 644 1280 ejusmodi
664 1204 751 1261 metu
768 1215 875 1260 omnes
896 1216 974 1260 vern
994 1195 1163 1259 attritionis
1181 1194 1370 1258 conditiones
1386 1197 1492 1261 adesse

218 1292 357 1366 possunt.
374 1322 413 1334 ·-
428 1287 463 1348 S.
480 1287 550 1368 Li9.
567 1308 597 1348 n.
618 1291 689 1350 il3.

258 1379 329 1439 t53.
345 1411 384 1420 -—
396 1379 497 1452 Quae.
514 1379 547 1439 8⁰
560 1376 609 1436 An
628 1373 930 1457 adjustificationem
947 1379 980 1434 in
995 1375 1190 1436 Sacramenta
1205 1373 1398 1436 Poenitentioe
1410 1376 1491 1436 obti-

217 1463 344 1532 nendam
360 1483 426 1526 curn
440 1465 597 1526 attritione
611 1469 701 1526 etiam
716 1464 836 1525 initium
849 1465 960 1525 amoris
974 1463 1171 1546 requiratur?

258 1552 347 1634 Hesp.
363 1553 453 1634 Nep,
475 1553 502 1615 si
522 1571 575 1634 per
595 1552 724 1615 initium
741 1552 855 1615 amoris
876 1552 1066 1633 intelligatur
1082 1551 1193 1632 aliquis
1215 1551 1326 1631 gradus
1346 1552 1490 1616 Caritatis

218 1640 369 1720 perfectae,
386 1660 447 1722 qua
457 1645 535 1704 Deus
544 1660 635 1722 super
650 1641 754 1704 omnia
764 1641 914 1721 diligitur.
930 1640 1020 1705 Ratio
1033 1646 1097 1716 est,
1114 1639 1187 1721 quia
1199 1640 1238 1702 ad
1250 1639 1309 1702 rite
1322 1638 1489 1720 suscipien-

219 1728 295 1790 dum
318 1731 547 1792 Sacramentum
565 1748 628 1792 non
651 1729 885 1811 praerequiritur
905 1728 1073 1792 necessario
1091 1735 1192 1804 actus,
1210 1727 1266 1810 qui
1284 1731 1369 1790 extra
1387 1731 1489 1792 Sacra-

217 1824 361 1880 mentum
374 1817 575 1882 essentialiter
585 1818 742 1900 justificet.
760 1817 854 1900 Atqui
864 1825 950 1881 actus
964 1817 1123 1893 Caritatis,
1137 1823 1229 1898 atque
1240 1816 1314 1878 adeo
1329 1816 1426 1891 dolor,
1436 1821 1491 1900 qui

218 1906 260 1968 od
271 1909 420 1969 rotronem
434 1908 623 1970 contritionis
639 1907 790 1990 sufficiat,
806 1917 1076 1989 quantumcumque
1092 1925 1205 1988 paruus
1222 1909 1279 1979 sit,
1299 1925 1413 1968 omnem
1426 1907 1491 1968 cut-

215 2014 287 2077 pom
301 1996 392 2076 delet,
409 2002 445 2059 ut
457 1997 540 2059 aits.
559 1995 708 2073 Thomna,
723 1995 849 2078 Suppt.,
866 2017 897 2078 q.
915 2001 950 2073 5,
967 2006 1027 2060 art.
1047 2001 1077 2060 3.
1093 1998 1187 2076 Ergo,
1202 2001 1260 2058 ein.
1275 1991 1310 2055 S.
1326 1995 1489 2076 Liporius,

218 2103 249 2144 n.
263 2088 339 2160 rto,
352 2085 409 2148 hoe
422 2084 496 2147 dicit
509 2103 574 2148 esse
587 2085 742 2148 moraliter
756 2091 884 2148 certum.

258 2173 386 2235 Goucedi
400 2179 505 2236 autern
521 2179 636 2253 potest,
652 2172 781 2235 initium
795 2173 919 2254 aliquod
930 2173 1044 2237 amoris
1058 2173 1188 2254 requiri,
1198 2173 1487 2254 quatenusattritio,

219 2267 256 2322 ut
267 2261 306 2323 ad
320 2263 552 2324 Sacramentum
563 2261 721 2342 disponat,
732 2261 890 2324 excludere
902 2261 991 2324 debet
1003 2262 1056 2344 (ut
1069 2269 1174 2325 sancta
1187 2261 1491 2344 Synodusloquitur)

218 2348 360 2428 peccandi
374 2349 580 2426 volrmtatem;
595 2384 637 2396 —
657 2349 794 2430 alioquin
812 2355 932 2425 autem,
950 2356 986 2412 ut
1003 2349 1049 2412 ait
1066 2353 1097 2414 S.
1117 2349 1250 2414 Thomas
1265 2351 1310 2432 (θ.
1325 2354 1374 2428 9.,
1389 2371 1421 2434 q.
1437 2357 1488 2428 Π,

219 2444 279 2496 ort.
294 2436 341 2515 8),
361 2437 471 2518 aliquis
489 2436 694 2498 introducitur
711 2437 753 2499 od
772 2438 931 2500 amandum
951 2439 1045 2501 Deum
1056 2458 1114 2521 per
1133 2438 1204 2516 noc,
1225 2440 1307 2522 quod
1325 2441 1431 2503 timens
1452 2441 1490 2502 od

218 2525 283 2605 ipso
296 2528 420 2604 puniri,
435 2535 532 2587 cessat
544 2545 564 2587 a
575 2536 712 2607 peccato,
732 2537 767 2587 ut
783 2528 970 2608 Anpnstiuas
986 2527 1078 2606 dicit,·
1092 2563 1132 2573 —-
1151 2534 1183 2591 et
1203 2528 1293 2592 debet
1309 2529 1405 2592 etiam
1422 2547 1490 2593 eon-
1598 2583 1599 2592 ,

215 2614 356 2692 junctam
373 2613 485 2677 habere
498 2613 610 2690 venia,
628 2633 681 2677 seu
692 2614 919 2697 justificationis
938 2636 957 2678 a
974 2620 1034 2679 Deo
1048 2615 1223 2681 obtinendae
1236 2636 1338 2698 spem,
1352 2636 1415 2700 qua
1424 2635 1489 2700 pec

218 2702 419 2871 qatqq)incrpr't
432 2703 529 2766 Deum
544 2702 671 2785 diliqere
687 2713 829 2786 tanquam
843 2709 939 2766 omnis
946 2707 1082 2787 justitia
1093 2705 1208 2786 sontem
1219 2705 1338 2787 (Trici,
1355 2727 1423 2770 sess.
1438 2708 1486 2780 Vl,

560 2973 577 3056 §
594 2971 655 3040 111.
682 2973 729 3039 De
747 2970 901 3060 efficacia
922 2975 1150 3042 contritionis.

342 3155 564 3236 Principia.

259 3311 330 3371 rat.
347 3343 386 3354 —-
399 3311 423 3370 1.
442 3309 592 3373 Contritio
607 3309 735 3392 perlecta
752 3311 910 3375 hominem
927 3333 986 3395 per
1004 3332 1035 3375 se
1049 3311 1213 3394 justificat,
1227 3311 1323 3376 etiam
1341 3317 1429 3376 extra
1442 3315 1492 3376 Sa-

220 3400 412 3460 cramentum
434 3397 634 3462 Poenitentiae.
659 3405 691 3462 1⁰
714 3403 840 3464 Constat
862 3419 901 3463 err
928 3401 1062 3478 ratione;
1088 3399 1232 3464 contritio
1254 3399 1338 3464 enim
1359 3399 1492 3463 includit

221 3484 388 3548 necessario
405 3485 749 3568 (teutatem-perlectam
766 3509 772 3551 :
789 3507 877 3570 porro
891 3508 994 3554 amere
1011 3493 1108 3553 Deum
1126 3488 1413 3571 pedamentum
1432 3491 1493 3553 Deo

220 3573 379 3654 conjungi;
395 3575 568 3656 conjunctio
591 3581 694 3640 autem
715 3596 786 3640 cum
809 3581 868 3642 [leo
889 3578 1056 3642 necessario
1074 3577 1312 3660 disjunctionem
1331 3595 1351 3640 a
1371 3585 1492 3658 peccato

220 3668 372 3742 operatur,
389 3681 460 3726 cum
474 3681 536 3726 non
550 3663 646 3745 possit
657 3666 728 3746 quis
741 3684 840 3729 unum
855 3672 1028 3730 extremum
1041 3666 1201 3748 amplecti,
1215 3665 1292 3748 quin
1306 3665 1345 3730 ab
1358 3669 1492 3729 extremo

103 3763 107 3773 '
220 3749 356 3831 opposito
369 3750 504 3814 totaliter
516 3754 644 3816 recedat.
663 3755 778 3834 Ergo...
795 3739 965 3818 i⁰Gonstat
978 3773 1015 3819 err
1033 3755 1189 3836 Scriptura
1203 3771 1298 3829 mera,
1313 3759 1403 3818 Pron.
1417 3773 1489 3830 rur,

222 3842 261 3902 18
276 3857 284 3900 :
300 3839 371 3920 Epo
386 3839 544 3922 diir'yentes
558 3861 604 3903 me
619 3841 723 3923 ditipo.
735 3877 774 3887 -
789 3847 876 3906 ioan.
893 3861 958 3919 xrv,
974 3849 1010 3907 il
1026 3863 1034 3906 :
1052 3843 1112 3920 (lui
1123 3843 1227 3926 ditiqit
1239 3863 1299 3922 me,
1313 3844 1493 3927 ditiqetnro

220 3925 317 3989 Putre
330 3947 404 3999 meo,
422 3937 452 3990 et
469 3948 522 4010 epo
536 3927 662 4011 diliqom
676 3949 755 4010 enm,
770 3940 800 3992 et
816 3931 1015 4012 manifestato
1032 3933 1063 3996 ei
1074 3933 1275 4014 meipsum-
1287 3933 1389 3996 1Petr.
1399 3951 1445 4010 ιι,
1456 3937 1490 3997 8:

221 4009 345 4075 Caritas
363 4021 464 4095 operit
484 4016 709 4080 multitudinem
723 4028 920 4100 peccatorum.
938 4057 978 4067 -
997 4023 1063 4085 lino
1081 4025 1220 4104 spectant
1237 4021 1339 4102 plures
1359 4020 1493 4103 proposi·

221 4099 320 4164 tiones
331 4102 484 4170 damnata
496 4104 587 4170 such.
606 4106 688 4184 Baii,
705 4109 841 4171 maxime
855 4112 909 4172 32².
925 4128 933 4171 :
952 4109 1097 4173 Charitas
1110 4109 1181 4190 itia,
1200 4129 1267 4192 qua
1280 4119 1325 4171 est
1335 4109 1493 4192 pmndndo

223 4187 311 4270 lepis,
335 4211 394 4253 non
412 4187 586 4278 estlscmper
604 4197 766 4278 conjuncta
788 4217 855 4258 cum
876 4198 1050 4261 remissione
1068 4207 1278 4282 peecatorum
1290 4209 1319 4261 et
1337 4204 1414 4262 71²:
1435 4199 1495 4262 Per

221 4281 432 4347 contritionem
451 4286 542 4345 etiam
560 4303 627 4347 cnm
647 4283 809 4348 charitate
823 4285 960 4370 perfecto
978 4298 1009 4350 et
1021 4307 1088 4350 cum
1100 4297 1169 4351 uoto
1182 4287 1370 4370 suscipiendi
1384 4287 1496 4352 Socra·

221 4377 352 4430 mentum
367 4369 573 4453 conjunctam,
595 4393 657 4436 nen
675 4375 844 4438 remittitur
862 4377 990 4450 crimen,
1010 4387 1099 4441 estro
1115 4395 1216 4440 casum
1238 4377 1423 4441 necessitatis
1441 4386 1495 4440 oet

221 4459 381 4540 martyrii,
395 4462 459 4521 sine
473 4461 589 4539 actuali
602 4467 785 4546 surreptione
800 4463 1002 4529 Sacramenti.
