3224 5044
585 176 627 219 na
648 175 879 220 uenerabere
1302 165 1368 224 385

89 289 228 354 cessione
239 285 362 360 divina,
377 285 499 365 otiando
511 286 658 346 alteruter
671 287 838 364 conjugum
851 303 904 364 per
918 285 1113 364 baptismum
1126 288 1316 350 eorn‘ertitnr
1325 289 1370 352 ad

89 379 205 442 Fidem
228 375 444 446 christianam,
468 379 499 435 et
517 373 593 436 aiter
611 379 730 436 reerrsal
748 387 820 434 urm
838 391 872 434 eo
890 373 1011 454 pacifice
1029 373 1216 448 cohabitare,
1237 378 1284 438 vel
1307 396 1370 440 non

91 465 251 531 cohabitat
264 462 326 525 nisi
340 481 411 525 omn
432 462 553 543 iop'urio
575 460 742 539 Crantoris,
758 465 789 522 et
803 460 968 540 Religionis
985 461 1160 526 christiana
1174 471 1367 545 mntemptu,

91 563 148 618 aut
169 559 316 618 conatum
336 551 475 624 adhibet,
496 557 532 612 ιιι
548 555 668 630 partem
687 550 804 612 fidelem
823 549 861 611 ad
880 556 1037 630 peceatum
1055 551 1182 614 mortale
1201 555 1367 632 pertrahat.

91 643 261 707 Deducitur
270 641 519 703 oxDoolaratione
528 642 682 701 innocent.
698 639 846 719 lib-apud
860 639 895 700 S.
908 639 992 720 Lip„
1007 659 1039 702 e.
1051 643 1127 713 956,
1141 646 1198 702 ete.
1212 643 1370 706 consessio

90 737 195 796 autem
215 731 281 794 nae
294 728 403 792 divina
418 728 539 790 eruitur
554 747 593 790 en
609 727 709 790 vorbis
729 727 880 807 Apostoli,
898 730 911 788 Ι
931 725 1004 788 Coc.
1021 746 1081 801 err,
1099 733 1152 803 ιι,
1169 729 1309 793 abiait:
1332 733 1372 794 Si

89 825 157 904 quis
167 819 270 901 fruar
284 837 407 880 oaorem
423 817 512 878 babet
533 815 687 896 infidelem
703 826 733 877 et
744 817 807 877 laec
820 817 969 878 consentit
983 815 1120 879 habuere
1134 838 1200 880 eum
1218 819 1289 890 illo,
1310 841 1370 881 non

90 911 230 971 dimittat
244 908 385 984 illam...,·
395 905 473 988 quod
484 909 511 965 si
525 905 658 987 infidelis
672 902 813 982 discedit,
831 903 1052 980 deletae-eon
1065 910 1145 968 enim
1156 909 1372 971 servitutieub

83 1001 185 1080 joclue
200 1009 244 1060 est
258 998 358 1077 trater
371 1009 426 1056 eet
437 1014 524 1055 soror
540 998 574 1056 in
592 994 793 1075 hrjasnmdi:
812 996 844 1054 in
853 1013 928 1075 pace
947 1003 1045 1055 aulem
1064 999 1183 1056 vocavit
1201 1017 1256 1058 nos
1275 999 1369 1060 Deus.

90 1087 244 1150 manaem
254 1083 355 1148 fusim
368 1082 497 1164 explieat
511 1082 707 1145 laneaenuas
720 1083 760 1143 ill
778 1082 813 1144 in
827 1103 892 1164 cop.
914 1081 1031 1157 Quanto
1050 1087 1081 1158 7,
1102 1083 1138 1146 de
1154 1085 1314 1148 divortiis.
1330 1119 1371 1136 -

97 1176 172 1238 Vide
179 1175 279 1258 plura
293 1175 326 1234 ur
344 1173 425 1250 Coa,
441 1192 472 1232 n.
489 1175 548 1235 983
562 1182 663 1252 etseq.

131 1265 240 1340 Quoad
256 1262 377 1344 praxim
393 1261 457 1324 hae
469 1259 606 1324 uomodo
619 1265 718 1323 snut:
740 1266 772 1322 ιο
791 1263 858 1322 Νοιι
877 1259 983 1322 statim
999 1261 1181 1325 dissolvitur
1197 1263 1370 1328 infidelium

91 1351 332 1415 matrimonium
353 1367 407 1430 per
427 1350 577 1430 Baptismi
597 1349 834 1429 ssesooptiononr;
851 1367 942 1418 nam,
962 1356 999 1410 ιιι
1017 1349 1209 1414 hebetioris
1226 1353 1369 1426 effatum,

93 1462 159 1523 cup.
173 1442 295 1522 Siquis
309 1461 334 1501 c.
346 1444 396 1512 ¹⁹28,
413 1459 442 1521 q.
459 1439 492 1514 2;
509 1446 540 1502 et
551 1458 617 1520 cup.
632 1437 797 1502 deotemus
812 1443 842 1512 8,
856 1438 894 1499 de
905 1437 1073 1500 Divertiis:
1084 1437 1221 1502 Crimina
1232 1443 1265 1502 iu
1276 1443 1375 1524 bapti-

91 1529 337 1602 inuesinenter,
348 1548 407 1589 nou
419 1528 580 1609 eonjupia;
595 1527 628 1590 id
639 1533 825 1590 autentum
835 1527 1027 1590 solummodo
1039 1528 1089 1603 fit,
1099 1532 1191 1609 juxta
1202 1531 1372 1594 doctrinam

93 1619 152 1680 lore
169 1618 380 1682 communitor
391 1623 557 1696 receptam,
570 1617 695 1697 quando
709 1618 821 1696 eonius
834 1633 996 1678 eonversus
1014 1623 1046 1678 ot
1064 1616 1234 1696 baptizatus
1255 1637 1373 1682 norum

93 1707 156 1769 init
170 1706 361 1787 eonjugium.
377 1710 411 1767 2⁰
426 1705 616 1784 Ragidariter
630 1723 668 1766 ea
679 1705 855 1783 proscripto
870 1703 953 1764 turis
968 1705 1049 1785 (cop.
1068 1705 1186 1778 (ramiro
1199 1723 1290 1786 supra
1304 1709 1374 1788 eit.)

93 1795 294 1876 priuilegimn
307 1792 471 1855 Paulinum
485 1792 582 1872 (qnod
596 1794 623 1852 ai
636 1792 770 1872 infidelis
785 1791 926 1864 discedit,
941 1791 1125 1871 discedot...)
1139 1793 1372 1872 interpretante,

93 1901 166 1963 pars
186 1899 332 1942 conversa
348 1881 386 1940 ad
407 1879 466 1940 alia
480 1887 551 1940 vota
565 1879 696 1940 transire
713 1879 822 1960 nequit
836 1877 1017 1958 priusquam
1034 1879 1184 1956 infidehs‚
1203 1881 1374 1962 interpella-

95 1977 163 2042 tus,
180 1975 238 2030 aut
250 1968 388 2030 absolute
408 1967 593 2030 recusaverit
607 1985 679 2030 oum
697 1986 733 2029 aa
747 1966 934 2040 cohabitare,
948 1975 1004 2030 aut
1018 1968 1150 2030 noluerit
1163 1969 1272 2032 saltem
1286 1971 1374 2034 coha-

95 2056 275 2120 bitaresino
289 2056 474 2119 oontumelia
485 2056 645 2119 Groatoris.
658 2061 692 2120 3ο
706 2057 737 2118 Si
752 2075 814 2118 non
828 2055 925 2136 possit
942 2056 1074 2119 infidelis
1090 2057 1289 2138 interpellari,
1306 2079 1374 2140 pro-

94 2152 198 2228 pteroa
216 2147 300 2226 quod
318 2147 407 2225 ionga
423 2145 512 2218 absit,
533 2151 589 2206 aut
607 2145 720 2225 fugerit
740 2146 788 2207 rel
806 2145 920 2218 latitet,
936 2145 1038 2226 plures
1053 2153 1178 2208 censent
1195 2149 1277 2228 apud
1294 2147 1373 2210 San·

95 2236 179 2312 citez,
199 2235 220 2296 l.
238 2235 306 2308 Vll,
324 2235 402 2316 disp.
420 2251 521 2308 axmv,
536 2255 567 2295 o.
583 2239 636 2307 ll,
651 2233 757 2296 omitti
771 2252 857 2314 posse
868 2233 1159 2314 interpellationem·
1176 2236 1244 2312 alii,
1261 2238 1374 2318 quibus

95 2324 302 2404 adstipulatur
314 2323 497 2384 Benedictus
507 2322 557 2383 ΧΙ
563 2322 597 2400 V,
610 2322 647 2383 de
661 2323 740 2404 Syn.
753 2323 776 2383 t.
787 2325 841 2396 Vi,
858 2342 884 2383 e.
897 2342 941 2396 rr,
955 2343 987 2383 a.
1002 2329 1032 2395 3,
1048 2329 1161 2403 patant
1173 2327 1373 2388 neeessariam

96 2432 160 2476 esse
174 2411 433 2492 dispensationem
448 2410 653 2486 Publilianam
669 2417 701 2473 et
714 2410 786 2473 bario
799 2411 957 2474 εοιιιιιιιιειι
968 2412 1097 2474 adhaesit
1111 2417 1143 2476 S.
1156 2416 1265 2493 Gmgr.
1282 2417 1371 2478 Cone.

98 2501 230 2564 incensa
241 2502 371 2564 Floreat.
384 2503 499 2564 l'lJan.
510 2504 601 2574 4722,
613 2501 843 2580 npudenmdem
855 2499 967 2562 Beaed.
977 2500 1067 2580 XIV,
1081 2501 1196 2565 toacit.
1208 2505 1375 2579 4⁰Quando

96 2591 160 2670 lege
174 2589 373 2652 ecclesiastiea
392 2589 438 2652 vel
458 2590 692 2662 consuetudine,
713 2590 987 2652 obtenerandum
1005 2591 1156 2670 peouliare
1172 2592 1375 2672 pervasionis

98 2679 283 2758 perieulum,
300 2678 480 2757 prohibetur
498 2697 538 2740 ne
560 2696 630 2758 pars
651 2697 796 2740 eonversa
813 2695 886 2740 oum
904 2678 1021 2740 infideli
1039 2678 1207 2754 cohabitet,
1224 2680 1288 2742 nisi
1311 2681 1375 2743 brea

97 2767 194 2828 etiam
207 2766 281 2828 velit
292 2767 331 2828 ad
343 2766 436 2827 fidem
450 2765 602 2838 converti,
616 2772 653 2827 ut
665 2783 742 2844 sape
754 2766 788 2827 in
799 2770 921 2845 Europa
932 2766 1047 2828 hetam
1062 2771 1108 2828 ost
1121 2768 1375 2848 quoadoonjugos

99 2854 252 2924 hebraeos,
269 2869 331 2912 non
346 2851 446 2913 solum
464 2852 649 2931 interpellari
663 2854 752 2914 debet
765 2853 911 2926 infidelis,
927 2872 969 2915 an
984 2853 1105 2933 paoiliee
1120 2853 1292 2916 oohabitaro
1306 2873 1375 2918 con-

99 2939 233 3012 sentiat,
249 2939 300 3000 sed
318 2938 427 3013 etiam,
443 2957 484 3000 an
505 2939 579 2998 velit
592 2939 682 3000 fidem
697 2939 897 3002 christianam
918 2942 1069 3020 amplecti.
1089 2942 1121 3006 si
1140 2947 1260 3016 antem,
1277 2943 1376 3023 elapso

101 3037 239 3108 temporo
260 3045 313 3107 por
333 3027 429 3106 legem
450 3027 588 3107 praelim,
610 3045 641 3088 so
660 3026 738 3088 nolle
756 3027 966 3102 declaraverit,
985 3030 1127 3108 quamuis
1146 3029 1268 3093 aliunde
1287 3032 1377 3093 vellet

100 3117 225 3197 pacifice
234 3115 424 3189 cohabitare,
441 3121 599 3194 recuperat
613 3118 723 3196 conjux
740 3135 902 3178 conversus
917 3117 1104 3192 libertatem,
1123 3119 1211 3199 eique
1226 3119 1378 3200 permitti-

103 3213 154 3268 tur
169 3210 206 3267 ut
220 3206 257 3268 ad
270 3223 364 3267 novas
379 3204 504 3284 nuptias
516 3203 662 3265 convolet.
678 3208 709 3266 5⁰
719 3204 880 3282 Privilegio
895 3205 1022 3267 Paulino
1035 3225 1096 3268 non
1108 3207 1374 3286 conceditarparti

102 3309 271 3367 conversa,
286 3301 322 3356 ut
334 3309 450 3355 novum
465 3291 701 3354 matrimonium
715 3291 794 3354 inire
806 3292 901 3372 possit
912 3294 1057 3356 eumalio
1067 3295 1198 3370 infideli,
1216 3295 1376 3358 autetiam

103 3401 174 3444 oum
189 3383 404 3446 oatoohumeno
419 3381 466 3444 vol
483 3381 713 3455 cateahumena‚
726 3381 780 3443 sod
794 3397 865 3443 oum
883 3382 965 3444 fidoli
982 3383 1080 3444 solum
1099 3383 1265 3464 baptizato,
1283 3392 1377 3463 pausat

104 3471 284 3546 ‹ieelaravit,
300 3471 348 3533 dio
364 3475 402 3533 lb
413 3475 538 3534 ianuar.
557 3474 650 3543 1683,
665 3471 729 3532 Sao.
744 3473 853 3548 Gongr.
869 3471 905 3532 do
919 3475 1044 3551 Propag.
1059 3472 1143 3534 bide.

645 3685 785 3734 rosunum
807 3687 834 3733 ‘11

168 3838 207 3892 oe
227 3835 363 3892 amieo
377 3835 553 3894 marimens
569 3811 957 3907 quemamodum,
978 3835 1006 3888 a
1019 3835 1056 3890 ae
1070 3833 1193 3890 aaaron
1205 3847 1223 3886 a
1237 3833 1309 3887 aa.

226 4005 450 4084 Principia.

145 4169 215 4229 760.
229 4199 268 4209 -
283 4168 305 4225 l.
325 4168 472 4244 conjuges
493 4165 609 4227 ratione
630 4165 745 4226 vinouli
762 4163 996 4226 matrimonialis
1018 4168 1160 4224 tenentur
1172 4160 1377 4224 simul-coha-

107 4253 221 4354 bitare,
242 4259 275 4315 et
298 4252 395 4314 uitam
419 4252 559 4314 socialem
581 4253 700 4314 ducere.
722 4253 812 4316 Ratio
834 4251 953 4313 eruitur
972 4269 1013 4312 ex
1036 4251 1167 4330 ipsamet
1187 4247 1378 4315 Matrimonii

105 4341 371 4495 deiiiliiiinoertium
386 4436 489 4492 nmen
508 4447 563 4492 seu
582 4429 728 4510 sophiam
745 4449 765 4490 a
781 4435 846 4492 tero
868 4430 914 4494 uel
935 4427 1092 4492 habitione
1104 4429 1199 4512 justis
1218 4429 1254 4491 do
1272 4425 1376 4490 oensis
