3180 5040
611 276 654 320 oc
675 275 846 322 cursurus
1298 265 1366 326 lor

6 409 11 418 ·
93 388 311 473 professionem
326 387 459 450 anittat.
477 387 510 448 ld
525 389 630 448 emen
644 385 879 465 intelligendum
893 393 940 449 cst
950 387 1150 468 probabiliter
1161 407 1215 468 per
1228 390 1367 454 ordinem

6 557 7 560 Ἴ
94 481 133 542 ad
148 477 366 560 professionem
383 475 572 554 religiosam,
589 481 626 537 ut
644 474 797 554 colligitur
811 493 849 538 er
863 475 997 556 subjecta
1010 477 1155 554 materia3
1173 476 1302 558 ideoque
1316 497 1368 544 ex-

6 587 9 597 *
94 566 403 632 communicationem
421 581 485 627 non
501 563 670 626 incurreret
689 563 744 644 qui
762 562 910 626 feminam
929 563 988 627 alio
1002 565 1078 639 fine,
1095 585 1126 628 r.
1143 583 1202 645 gr..
1216 567 1367 646 puellam,

6 679 8 686 ·
95 664 132 720 ut
149 656 193 718 ihi
213 657 408 730 educaretur;
426 651 603 727 mulierem,
621 659 658 714 ut
676 651 721 714 ihi
740 659 893 727 maneret,
912 654 989 716 dum
1004 653 1070 734 ipsc
1084 655 1210 734 longum
1224 653 1285 717 iter
1302 675 1369 718 sus-

94 745 183 825 cipit,
199 745 237 806 ad
253 743 490 822 ingrediendum
508 741 728 806 hlouasterirun
746 748 872 821 cogeret.
890 777 929 787 -
948 741 1080 805 Videtur
1095 744 1219 824 quidem
1235 744 1366 818 Soorez,

6 843 7 850 ι
94 833 171 914 disp.
186 850 278 906 xxur,
294 843 365 893 sect.
380 836 412 906 ι,
423 851 454 892 ιι.
466 834 501 903 9,
515 831 580 893 hec
592 830 685 892 vcrha
697 829 808 894 decreti
822 829 916 893 latins
929 831 1075 912 accipere,
1090 833 1142 894 sed
1156 832 1369 912 interpretatio

93 926 199 984 nostra
212 939 230 983 a
244 920 387 1000 pluribus
401 919 592 981 admittitur.
606 953 646 964 -
663 917 713 997 Cs.
731 919 860 992 Bonac,
877 919 908 978 d.
925 938 966 992 11,
982 940 1013 1000 q.
1027 924 1062 992 ι,
1073 941 1109 1001 p.
1122 923 1158 994 i,
1170 941 1200 981 n.
1217 925 1247 984 6.

132 1013 228 1073 Casus
243 1008 431 1090 exceptionis
445 1007 481 1070 in
496 1010 569 1070 iure
584 1005 720 1086 expressi
733 1007 795 1068 duo
808 1007 981 1086 presertim
992 1015 1220 1084 memorantur;
1236 1010 1367 1084 scilicet,

92 1105 193 1179 potest
206 1097 347 1178 compelli
361 1095 474 1158 mulier
488 1099 523 1158 ut
535 1094 756 1158 Mouasterium
770 1094 962 1173 ingrediatur
976 1115 982 1156 :
998 1101 1031 1158 ι0
1043 1095 1086 1170 si,
1103 1101 1264 1176 postquam
1279 1097 1368 1162 liceu-

93 1187 171 1249 tiam
184 1186 304 1250 dederit
316 1185 426 1249 marito
439 1183 628 1264 Religionem
640 1181 792 1257 intrandi,
808 1182 934 1263 ipsaque
949 1184 1067 1246 voverit
1081 1184 1320 1259 continentiam,
1336 1187 1370 1248 iu

92 1275 299 1354 suspicionem
309 1274 426 1337 incidat
435 1273 584 1336 violandae
593 1271 803 1348 coutinentiae;
816 1277 850 1334 ιο
861 1271 903 1346 si,
915 1273 1017 1335 relicto
1029 1272 1164 1336 maritali
1175 1279 1256 1349 toro,
1268 1274 1373 1354 lapsu·

92 1382 152 1443 que
167 1363 270 1426 carnis
283 1363 432 1440 admisso,
449 1363 489 1425 ad
501 1362 659 1424 meliorem
670 1361 790 1442 lrugem
804 1365 1010 1437 convertatur,
1024 1367 1056 1424 et
1066 1361 1200 1424 maritus
1211 1362 1289 1425 nolit
1303 1379 1371 1426 eant

92 1453 237 1531 recipere.
250 1488 290 1497 -
307 1452 382 1533 Cap.
401 1455 438 1515 l8
452 1460 481 1512 el
496 1451 549 1522 19,
563 1450 599 1511 da
615 1449 759 1513 Convers.
777 1451 1022 1532 coojnqotontm.

133 1545 201 1604 Non
215 1541 303 1602 adest
313 1539 425 1602 coactio
444 1539 568 1619 quando
582 1546 686 1602 metus
702 1538 845 1602 incussus
864 1537 985 1602 femina
1004 1538 1081 1602 levis
1098 1545 1159 1613 est,
1179 1545 1234 1602 aut
1253 1540 1370 1602 nullam

93 1628 121 1691 ei
135 1628 230 1690 infert
245 1627 409 1708 injuriam,
424 1634 478 1690 aut
493 1627 634 1708 injicitur
647 1627 674 1690 ei
692 1629 728 1690 de
745 1627 918 1707 privatione
930 1626 1082 1691 honorum
1103 1628 1141 1689 ad
1160 1645 1228 1707 que
1243 1629 1296 1708 jus
1309 1647 1372 1692 non

91 1717 204 1792 hahct;
229 1717 322 1789 item,
348 1717 470 1796 quando
493 1715 609 1778 femina
629 1715 784 1796 precihus,
809 1715 903 1777 etiam
927 1714 1130 1796 importunis,
1155 1716 1245 1778 modo
1269 1716 1373 1779 absint

97 1804 212 1880 minae,
229 1803 390 1867 inducitur
401 1805 441 1866 ad
454 1803 690 1884 ingrediendum
703 1802 934 1867 nonasterium.

642 1979 823 2038 APPENDlX

457 2106 602 2150 harumce
621 2108 766 2150 ursaonuu
786 2107 1009 2150 raoumrsroauu

134 2215 226 2276 roho.
244 2245 285 2257 -
298 2209 397 2272 Iudex
417 2210 571 2273 confectus
591 2216 623 2272 et
643 2211 787 2290 irrigatus
810 2212 869 2273 fuit
886 2214 977 2292 J'ussu
998 2210 1085 2272 Pauli
1104 2213 1154 2284 IV,
1175 2229 1257 2274 auno
1275 2215 1370 2288 lod&

93 2301 166 2363 Pius
179 2302 222 2362 IV
240 2299 331 2362 iilum
344 2298 469 2380 perfecit
487 2317 558 2362 cum
578 2298 715 2362 Concilio
734 2299 933 2374 Tridentino,
947 2307 978 2363 et
993 2299 1161 2380 publicavit
1179 2317 1261 2362 auno
1282 2304 1372 2364 leot.

93 2389 192 2452 Auxit
206 2407 280 2452 eum
294 2389 433 2451 Clemens
450 2389 533 2462 VIII,
550 2406 631 2450 auno
651 2391 742 2451 1595.
761 2389 958 2468 Gongregatio
973 2388 1085 2450 Indicis
1100 2409 1118 2450 a
1131 2393 1162 2452 S.
1180 2389 1232 2452 Pio
1247 2387 1375 2452 Vinsti-

94 2484 163 2541 tuta
183 2484 242 2542 ast.
263 2513 303 2522 -
327 2477 398 2540 Vide
416 2476 452 2539 S.
471 2476 557 2558 La'g„
578 2477 659 2560 App.
679 2475 716 2537 de
738 2477 947 2558 prohibitione
967 2476 1129 2554 librorum,
1152 2476 1173 2539 i.
1195 2479 1222 2550 I,
1245 2477 1277 2537 io
1295 2476 1372 2558 fine,

93 2587 124 2626 a.
143 2572 194 2644 ll,
209 2571 268 2629 etc.

134 2655 237 2718 Iader
247 2661 309 2718 tres
318 2656 485 2736 precipuas
496 2655 605 2718 classes
615 2655 765 2716 librorum
772 2653 1000 2736 prohibitorum
1010 2653 1143 2716 exhibet.
1154 2653 1375 2716 Primarlocsis

94 2743 232 2806 continet
246 2760 352 2803 omnes
365 2744 459 2804 libros
473 2743 688 2804 hereticorum
701 2743 844 2803 haeresim
860 2741 1023 2813 hahenteS,
1041 2740 1089 2802 uel
1107 2741 1144 2800 de
1164 2741 1318 2817 Religione
1337 2761 1376 2804 ec

92 2833 234 2911 professo
249 2835 424 2890 tractantes.
440 2828 581 2889 Secunda
595 2828 697 2886 classis
712 2827 921 2906 complectitur
933 2827 1026 2888 libros
1041 2825 1259 2888 catholicorum
1271 2833 1375 2891 contra

95 2918 206 2982 Fidem
225 2915 272 2978 uel
289 2915 384 2978 honos
402 2932 512 2978 mores.
536 2913 640 2976 Tertia
658 2913 762 2974 classic
781 2913 919 2976 continet
936 2913 1029 2976 libros
1049 2913 1146 2976 editos
1166 2913 1231 2977 sinc
1250 2915 1375 2978 nomine

96 3003 248 3079 auctoris,
265 3001 319 3084 qui
334 3021 461 3083 pravam
474 3001 645 3066 doctrinam
659 3002 801 3064 tradunt.
815 3037 855 3046 —
868 2999 902 3063 S.
921 3003 991 3084 Liq.
1005 3025 1036 3064 o.
1053 3007 1123 3067 289.

136 3092 221 3158 Libri
235 3099 271 3156 ι·
282 3091 387 3154 classis
402 3109 519 3172 semper
532 3090 666 3153 habendi
680 3097 755 3154 sunt
769 3097 805 3153 ul
819 3090 983 3170 prohibiti,
1002 3091 1072 3154 licet
1088 3091 1123 3154 in
1137 3092 1239 3156 Iudice
1253 3111 1316 3157 uon
1331 3111 1375 3156 re·

95 3186 291 3246 consecutur.
309 3179 395 3243 Libri
409 3187 514 3243 autem
528 3185 565 3241 h·
576 3185 607 3241 et
621 3183 657 3242 3·
668 3179 772 3242 classis
787 3178 936 3260 prohibiti
955 3197 1019 3241 non
1037 3187 1211 3254 censentur,
1228 3181 1291 3244 uisi
1308 3199 1374 3260 spe-

98 3271 218 3336 cialiter
232 3272 267 3334 in
281 3269 382 3332 Indice
396 3270 606 3348 designentur.
624 3267 736 3348 Excipe
748 3269 841 3331 libros
853 3266 908 3349 qui
922 3267 1103 3348 generaliter
1117 3273 1148 3330 ct
1162 3287 1216 3348 per
1228 3287 1259 3330 se
1273 3267 1375 3330 Indice

95 3359 310 3443 prohihentur,
325 3365 361 3422 ut
374 3360 410 3421 in
423 3357 546 3439 Regalis
561 3357 682 3420 Indicis.
699 3392 739 3402 —
754 3358 791 3420 S.
804 3358 887 3438 Lip„
905 3357 980 3420 ibid.

137 3452 174 3510 ln
192 3449 294 3512 Indice
312 3447 514 3530 prohihentur
535 3447 569 3510 in
587 3446 693 3510 odium
714 3445 847 3509 auctoris
865 3465 972 3510 omncs
991 3445 1064 3508 libri
1081 3445 1372 3518 heresiarcharum,

94 3538 168 3600 licet
181 3536 323 3600 heresim
337 3555 401 3600 non
413 3535 591 3600 contineant
604 3539 633 3598 ct
650 3537 688 3600 de
701 3534 857 3615 Religione
871 3553 934 3598 uon
946 3541 1089 3599 tractent.

367 3713 510 3752 PRAECIPUAE
527 3713 625 3750 mercis
641 3713 750 3750 mcum
766 3712 921 3750 TRIDENTINI
936 3712 1012 3754 tussit
1028 3712 1113 3748 EDfTAE

138 3829 230 3890 lbet.
246 3863 287 3874 -
301 3833 331 3890 ιο
345 3827 432 3891 Libri
443 3845 549 3892 omnes
560 3833 632 3891 ante
646 3843 765 3892 annum
780 3831 859 3890 rulo
874 3827 1014 3890 damnati
1026 3825 1239 3908 prohihentur,
1251 3822 1375 3886 etiarnsi

94 3917 131 3978 in
145 3915 248 3978 Iudice
261 3917 404 3997 descripti
418 3935 482 3980 nou
495 3916 707 3980 inveniantur.

137 4008 172 4067 ιι
190 4004 277 4067 Libri
295 4023 403 4069 omnes
422 4005 697 4069 haeresiarcharum
718 4005 846 4068 omnino
867 4011 1023 4078 vetantur,
1044 4004 1138 4066 etiam
1157 4019 1220 4066 nou
1239 3999 1372 4075 erronei,

96 4099 231 4158 autnon
251 4097 413 4156 tractantes
431 4115 468 4157 ex
479 4096 619 4177 professo
634 4095 671 4157 de
684 4094 850 4174 Religione.
867 4094 976 4158 Gateri
992 4092 1065 4155 lihri
1084 4090 1298 4154 hereticorum
1312 4108 1375 4152 uon

96 4182 233 4256 erronei,
250 4200 305 4245 nec
319 4184 357 4245 dc
369 4183 525 4264 Religione
539 4187 721 4258 tractantes,
736 4181 874 4264 permitti
889 4188 1034 4262 possunt,
1051 4181 1143 4244 modo
1160 4178 1330 4244 ammirati
1344 4183 1376 4238 et

97 4271 258 4352 approbati
272 4271 399 4334 fuerint.
415 4272 558 4335 Clausala
572 4272 638 4334 hac
651 4289 713 4336 nou
727 4271 850 4335 videtur
863 4271 955 4334 modo
968 4269 1080 4349 rigere.

140 4365 172 4424 3⁰
186 4360 349 4442 Scriptura
368 4367 399 4426 et
417 4360 489 4424 lihri
505 4360 780 4424 contmrersarium
799 4360 834 4423 iu
852 4358 958 4440 lingua
972 4359 1135 4422 vmnecula
1151 4357 1210 4438 legi
1228 4373 1292 4418 non
1306 4371 1375 4436 pos-

98 4456 192 4525 sunt,
207 4450 269 4513 niei
287 4449 445 4532 approbati
465 4449 581 4514 foedat
596 4469 615 4512 a
631 4451 661 4512 S.
683 4449 771 4525 Sede,
794 4449 842 4512 rel
859 4448 936 4512 editi
955 4466 1028 4512 curu
1045 4448 1128 4513 notis
1146 4443 1320 4526 desumptis
1337 4459 1375 4505 ex

98 4539 216 4604 eancds
229 4538 371 4606 Ecclesia
383 4538 543 4615 Patribus,
559 4539 607 4604 rel
620 4537 716 4604 doctis
728 4537 946 4620 catholicisque
957 4537 1046 4602 viris
