3180 5040
189 193 257 258 566
737 195 917 243 arrasum

191 322 321 386 dicitur:
339 323 370 384 10
383 319 439 380 Pro
448 315 549 382 Urbe:
566 314 638 391 Qui,
654 333 673 374 a
687 310 736 373 die
749 318 835 371 secta
852 303 1025 370 Decembris
1039 321 1130 386 usque
1144 301 1187 365 cd
1204 302 1285 364 diem
1297 305 1479 384 cipesr'rnam
1576 333 1577 336 ¹

191 414 347 492 septimam
361 406 495 489 ejusdem
509 403 633 480 mensis,
652 401 696 462 bis
715 397 904 462 visitaverint
920 398 1006 455 intra
1022 399 1084 456 tres
1098 393 1165 455 illas
1177 391 1395 455 hebdomadas
1408 393 1481 473 (bo-

193 501 308 577 silicas,
325 496 394 577 etc.)
411 495 512 577 ibique
523 513 580 576 per·
593 489 717 574 aliquod
729 487 871 569 temporis
886 485 1021 568 spatium
1036 483 1138 546 devote
1150 483 1322 558 oraverint,
1336 493 1376 557 et,
1393 485 1481 545 intra

192 589 312 654 1111111
323 585 528 650 hebdomadas
536 591 656 666 peccata
668 599 723 641 sna
738 575 867 658 confessi
871 623 879 653 ,
896 575 1116 634 sanctissimum
1131 569 1342 632 Eucharistiae
1358 571 1479 634 8111-

192 688 322 741 mentum
335 684 505 738 reverenter
518 663 720 752 susceperint,
733 677 789 728 etc.
806 671 839 729 10
853 669 910 728 Pro
924 663 1020 725 Orbe:
1039 661 1136 737 Oui...
1153 660 1357 742 desipnandas
1373 661 1480 741 (eccle-

193 767 272 849 sias)
295 765 345 828 vel
367 783 468 826 eorum
494 762 629 843 aliquam
651 757 749 839 spatio
775 754 874 817 trium
900 751 1163 814 hebdomadarum
1190 749 1234 810 bis
1260 749 1477 830 visitaverint,

195 858 315 938 aliaque
329 872 422 936 opera
433 853 535 914 deuote
547 849 735 931 perepem'nt,
748 851 805 907 eto.
1412 913 1417 920 Ι

234 949 324 1009 1116.
344 979 383 988 -
398 945 501 1018 Quas.
519 944 570 1003 110
590 940 641 1000 An
659 934 708 999 uel
720 931 868 1016 quamodo
882 929 1047 994 lubilaum
1064 927 1182 989 lucrari
1188 927 1311 1010 possint
1327 929 1480 991 uiatores?

236 1034 328 1116 Resp.
343 1051 355 1093 .·
370 1037 401 1094 10
414 1035 517 1094 Potest
530 1046 584 1109 pro
603 1026 679 1106 ipsis
698 1021 852 1105 prorogari
867 1026 990 1101 tempus
1009 1016 1131 1080 tubilaei
1150 1034 1251 1097 usque
1269 1016 1308 1079 ad
1322 1017 1474 1092 reditum

198 1142 253 1186 neo
265 1126 386 1184 tenetur
399 1119 470 1201 quis
483 1135 576 1181 suum
586 1117 646 1179 iter
658 1113 793 1187 differre,
809 1110 871 1173 nisi
884 1106 916 1172 id
928 1107 1084 1172 commode
1099 1106 1209 1186 possit.
1225 1109 1258 1167 10
1275 1104 1305 1167 Si
1321 1107 1474 1186 reperian-

198 1220 251 1276 tur
270 1211 305 1274 In
325 1209 543 1283 itinerarium
565 1204 714 1286 incipitur
733 1200 900 1266 lubilaeum
920 1195 1094 1278 inproprie
1114 1211 1221 1256 eorum
1243 1193 1324 1268 loco,
1346 1203 1478 1274 possunt

197 1301 313 1382 pariter
324 1300 401 1362 illud
417 1297 533 1361 ibidem
546 1293 657 1359 lucrari
672 1298 740 1374 post
754 1289 898 1352 reditum.
914 1292 945 1352 30
963 1286 996 1350 Si
1013 1290 1173 1347 transeant
1185 1301 1241 1364 per
1253 1283 1316 1345 loca
1329 1283 1385 1345 uhi
1394 1284 1478 1364 jubi-

198 1391 290 1453 laum
305 1387 483 1461 celebratur,
498 1391 629 1466 possunt
643 1383 720 1444 illud
736 1379 851 1442 ibidem
863 1375 986 1439 lucrari.
1003 1376 1100 1435 —Ita
1114 1370 1148 1434 S.
1167 1371 1249 1454 cip„
1269 1393 1300 1435 n.
1314 1375 1386 1446 538,
1402 1391 1476 1435 cum

198 1478 268 1540 aliis
282 1477 487 1538 communiter.
502 1479 628 1538 Constat
644 1489 682 1534 ex
698 1467 793 1534 Bullis
811 1485 864 1548 pro
879 1464 1018 1528 lubilaec.
1036 1461 1164 1526 Consule
1178 1461 1263 1522 marla
1276 1461 1325 1520 cit.
1342 1459 1474 1521 auitam

199 1566 245 1631 Pii
265 1569 320 1640 IX,
341 1571 371 1628 et
392 1564 558 1628 decisiones
575 1581 619 1638 11,
640 1581 661 1624 r
680 1563 709 1622 11
728 1577 761 1622 rr
777 1559 808 1620 S.
827 1551 1064 1619 Poenitentiariae
1078 1569 1161 1614 anno
1181 1555 1250 1614 1873
1270 1551 1365 1621 datas,
1382 1551 1469 1630 apud

199 1657 279 1718 Acta
294 1655 329 1717 S.
345 1653 448 1728 Sedis,
465 1652 525 1714 col.
540 1653 625 1726 VIII,
638 1670 671 1730 p.
688 1651 759 1712 186.

241 1749 330 1810 1111.
347 1745 450 1819 Quas.
467 1747 518 1806 130
534 1740 581 1802 An
592 1739 754 1802 lubilaeum
768 1735 885 1818 pluries
902 1728 1180 1814 lucrifieripossit?

241 1835 333 1918 Resp.
352 1853 365 1896 .·
379 1832 557 1912 Negandum
573 1830 705 1901 videtur,
722 1825 785 1888 nisi
798 1825 855 1887 hac
872 1824 905 1886 in
927 1822 1014 1886 Bulla
1032 1827 1088 1882 aut
1104 1818 1258 1900 Rescripta
1277 1815 1478 1880 concessionis

202 1923 370 2006 specialiter
393 1938 572 2003 expressum
595 1917 775 2000 reperiatur.
802 1916 949 1976 Attamen
973 1910 1012 1972 ad
1040 1908 1244 1990 questionem
1271 1905 1476 1988 propositam,

202 2016 233 2076 S.
251 2011 498 2086 Paenitentiam,
516 2016 529 2073 t
549 2013 622 2073 tun.
643 2010 735 2079 1869,
754 2001 936 2084 respondit:
955 1996 1121 2082 Nepotiane,
1138 1997 1237 2078 quoad
1256 1995 1480 2059 absolutionem

203 2119 402 2165 censurarum
426 2105 456 2163 11
477 2104 702 2162 reservaturum
723 2093 757 2156 in
779 2110 848 2173 qua
869 2094 934 2172 jam
956 2089 1114 2152 absolutus
1135 2088 1172 2149 de
1198 2103 1278 2149 noro
1304 2083 1477 2156 incidisset;

202 2192 230 2253 A
234 2189 416 2272 firmative,
431 2189 531 2272 quoad
543 2189 642 2270 ipsam
655 2179 1012 2263 Indulgentiamtubilai
1030 2196 1111 2242 nova
1124 2193 1251 2258 operum
1267 2174 1480 2257 injunctorum

204 2280 397 2344 exsecutione
411 2279 525 2342 iterum
540 2277 728 2340 lucrandam.
1155 2337 1165 2354 ,

245 2371 345 2443 01111.
368 2373 418 2431 110
431 2369 482 2429 An
501 2387 558 2447 per
575 2365 787 2444 consessionem
806 2377 975 2424 russanum
994 2359 1028 2420 in
1041 2355 1166 2418 lubiluo
1180 2353 1333 2417 tollantur
1347 2371 1483 2414 camerac

203 2465 233 2518 et
246 2456 407 2514 reserantia
418 2452 634 2534 peecatorum?

245 2539 333 2621 Ilesp.
348 2546 381 2603 10
395 2540 471 2622 Nep.
489 2543 622 2618 omnino,
637 2539 664 2600 si
678 2539 824 2602 confessio
837 2537 989 2620 scemlepa
1002 2534 1102 2610 fuerit,
1120 2539 1149 2595 et
1163 2531 1281 2611 absque
1299 2527 1487 2591 intentione

205 2629 345 2695 lucrandi
358 2635 463 2712 postea
476 2629 642 2694 lubilasum
656 2629 746 2692 facta.
764 2629 797 2691 ld
817 2629 901 2691 enim
914 2628 1021 2690 saltem
1037 2625 1179 2688 declarare
1191 2617 1325 2682 intendit
1340 2617 1480 2681 Benedi-

206 2727 274 2786 ctus
288 2724 367 2797 XIV,
385 2720 419 2784 in
441 2719 528 2786 Bulla
542 2719 630 2782 Inter
651 2718 839 2803 praeteritos,
862 2739 894 2779 n.
916 2721 965 2792 61,
988 2715 1093 2782 3Dee.
1111 2715 1201 2786 rste,
1221 2709 1296 2771 bum
1308 2705 1380 2767 ait:
1400 2703 1486 2766 Cum

207 2829 391 2893 omnesquae
409 2811 586 2872 tribuantur
602 2809 761 2888 facultates
779 2805 1022 2890 (confessurus),
1043 2804 1086 2866 ad
1101 2801 1225 2886 jubilat
1240 2797 1485 2858 consecutionem

207 2901 343 2977 directa,
360 2920 395 2962 ac
409 2899 501 2961 veluti
521 2900 613 2981 ipsius
636 2899 825 2980 praeparatio
842 2903 931 2972 sunt,·
945 2895 1028 2958 clare
1045 2893 1113 2954 inde
1136 2886 1334 2970 consequitur,
1355 2881 1486 2944 itteram

207 2993 278 3052 usui
288 2990 410 3050 minime
423 2987 515 3050 locum
532 3005 591 3050 esse
603 2989 666 3050 nisi
675 3007 741 3050 cum
751 3007 800 3066 eo,
813 2987 868 3069 qui
879 2995 907 3048 et
923 2985 963 3046 aa
975 2979 1213 3066 consequendum
1226 2975 1388 3039 lubilaum
1396 2991 1485 3054 pra-

207 3085 334 3162 paralus
347 3081 398 3156 sit,
410 3085 439 3138 et
451 3085 564 3140 certum
578 3076 668 3140 babet
681 3077 873 3160 propositum
883 3072 1075 3156 adimplendi
1084 3089 1177 3153 opero
1186 3067 1227 3131 od
1238 3063 1369 3149 ejsudem
1383 3067 1486 3142 oequi-
1576 3085 1577 3114 1

208 3167 343 3229 sitionem
354 3167 503 3249 injuncta.
513 3201 553 3214 —
564 3167 596 3230 Si
608 3165 768 3241 confessio,
781 3163 923 3246 quamvis
932 3163 1091 3242 sacrilega,
1104 3153 1285 3223 incaluerit
1294 3169 1366 3216 cum
1380 3149 1485 3212 animo

209 3256 349 3320 lucrandi
364 3261 467 3337 postea
480 3255 655 3330 lubilscum,
668 3255 910 3316 contr-auertitur.
928 3252 964 3315 S.
977 3251 1070 3333 Atpt.
1086 3249 1203 3312 iterum
1220 3249 1321 3324 negat,
1331 3245 1398 3302 tum
1411 3237 1485 3318 quia
1576 3253 1577 3296 t

210 3363 266 3408 sua
282 3345 366 3408 fraus
384 3346 502 3408 nemini
522 3345 705 3427 patrocinari
724 3344 827 3419 debet,
844 3350 914 3406 tum
933 3339 1006 3422 quia
1023 3337 1174 3422 ejusmodi
1189 3332 1334 3399 confessio
1351 3327 1484 3405 11111111
1576 3349 1577 3364 ¹

209 3433 391 3498 facultatum
406 3453 496 3511 usus,
512 3453 576 3497 non
593 3441 666 3496 sunt
684 3431 864 3514 preparatio
878 3432 917 3494 ad
931 3428 1181 3510 consequendum
1200 3421 1378 3487 trrbilaum.
1395 3413 1486 3476 Affir-

211 3529 299 3586 mant
313 3531 418 3588 tamen
430 3525 549 3605 plures,
563 3523 666 3605 Lupo,
681 3523 719 3584 de
732 3523 860 3600 Pania,
879 3521 959 3602 disp.
976 3537 1033 3594 11,
1050 3539 1081 3579 n.
1096 3521 1169 3592 113;
1185 3511 1350 3576 salmane,
1370 3525 1396 3567 c.
1411 3521 1484 3568 mn.

211 3633 242 3676 n.
258 3617 308 3687 11,
325 3619 382 3676 eto.
399 3613 556 3676 —Iieeole
571 3613 771 3693 dicteramo,
788 3631 819 3673 n.
835 3616 904 3675 580.

250 3702 414 3784 111111οε
436 3702 468 3764 Si
488 3701 633 3764 confessio
651 3699 744 3764 inerit
765 3698 993 3782 inculpabiliter
1010 3697 1110 3772 nulla,
1132 3694 1177 3757 ait
1200 3691 1299 3754 adhuc
1322 3685 1357 3748 S.
1373 3683 1485 3766 Alpi,

210 3809 352 3856 censuras
371 3796 400 3854 et
414 3790 649 3854 reservationem
657 3789 844 3870 probabilius
861 3808 924 3853 non
939 3788 1019 3863 tolli,
1036 3785 1125 3868 quia,
1142 3799 1212 3845 cnm
1226 3775 1365 3846 Pontifex
1382 3791 1489 3837 conce-

211 3880 264 3942 dat
279 3880 438 3944 facultates
452 3885 488 3943 ut
504 3878 606 3942 fideles
624 3878 790 3942 tubilaeum
809 3879 980 3952 lucrentur,
997 3894 1059 3939 non
1077 3869 1277 3954 prasumitur
1296 3866 1363 3928 illas
1384 3879 1490 3925 sonae

211 3970 280 4032 dere
299 3989 352 4050 pro
369 3969 409 4034 iis
426 3969 480 4051 qui
498 3975 657 4049 nequeunt
675 3985 746 4030 cum
764 3967 816 4030 illa
835 3965 1020 4030 confessione
1038 3962 1204 4028 tubilaeum
1218 3953 1343 4020 lucrari.
1358 3957 1490 4016 Gontra·

212 4056 319 4120 dicunt
337 4077 407 4122 nero
429 4078 491 4123 non
509 4057 616 4140 pauci,
637 4075 671 4120 eo
690 4057 771 4138 qnod
789 4057 857 4119 talis
876 4055 1028 4137 paenitens
1046 4053 1236 4134 praeparatus
1255 4046 1313 4114 sit,
1332 4047 1491 4123 quantum

128 4208 130 4213 .
211 4150 323 4230 potest,
345 4149 383 4209 ad
404 4149 653 4230 consequendum
675 4147 856 4221 Juhilaeum,
875 4145 1009 4226 s'elr'tque
1027 4141 1103 4206 illud
1127 4133 1288 4218 consequi;
1307 4132 1392 4196 unde
1411 4128 1492 4192 nihil

211 4237 325 4311 obstat,
343 4236 510 4320 quominus
527 4237 652 4318 recipiat
670 4235 893 4299 absolutionem
910 4231 1022 4315 peccati
1041 4227 1188 4294 reservati
1202 4225 1240 4288 ab
1258 4223 1393 4288 habente
1407 4227 1492 4300 pote

211 4331 334 4388 statem.
350 4328 397 4389 Ita
409 4325 493 4408 Lupo
500 4371 509 4404 ‚
533 4325 605 4387 Viva
620 4332 650 4389 et
665 4323 732 4400 alii,
748 4341 879 4406 quorum
894 4320 1048 4386 sententia
1062 4319 1186 4382 videtur
1200 4313 1296 4379 etiam
1309 4305 1491 4392 probabilis.

252 4419 340 4478 1111.
353 4449 392 4461 -
405 4417 506 4490 osan.
524 4415 637 4479 11011
648 4423 752 4496 peccet
770 4414 916 4494 praviter,
937 4415 990 4494 qui
1002 4419 1161 4494 postquam
1176 4401 1332 4468 absolutus
1347 4407 1395 4461 est
1409 4416 1430 4459 o
1444 4413 1493 4457 re·

209 4507 352 4582 sanatis,
368 4524 428 4565 non
444 4505 549 4586 implet
563 4516 670 4567 catera
685 4523 776 4587 opera
788 4502 993 4587 praescripto?
