3206 5042
650 221 692 264 nn
713 219 884 265 cassatus
1337 213 1404 271 453

125 333 183 388 554
198 326 404 402 visitationis,
421 329 473 390 sed
486 328 589 391 sociati
605 349 622 391 a
636 329 741 410 paucis
755 330 891 410 personis
906 333 1053 407 maturis;
1071 337 1103 395 2⁰
1118 334 1238 396 Praelati
1252 336 1404 414 regulares

125 415 222 477 semel
238 417 271 478 in
286 435 381 489 anno,
391 416 576 479 visitationis
591 437 695 494 carrsa3
709 419 955 482 3⁰Ccnlessarius
970 420 1144 483 ordinarius
1157 423 1194 484 ad
1208 423 1403 486 Sacramenta

124 503 161 565 in
183 507 361 566 necessitate
379 505 598 581 ministranda,
624 509 676 568 sed
697 507 891 588 superpellico
911 515 942 570 et
961 509 1037 570 stola
1055 509 1204 584 indutus;
1221 516 1253 572 4ο
1267 513 1403 575 medicus

126 593 319 666 ordinarius,
341 593 395 674 qui
415 594 570 656 licentiam
594 615 738 658 renovare
759 596 849 658 debet
867 596 1004 677 quolibet
1027 598 1195 674 trimestri;
1213 607 1244 662 et
1267 601 1404 665 medicus

125 681 404 756 extraordinarius
426 683 573 746 ordinarii
597 684 730 760 delectu;
748 690 778 748 5ο
800 684 879 747 fabri
903 691 934 747 et
956 685 1009 748 alii
1030 687 1206 762 necessarii,
1229 689 1282 770 qui
1306 697 1404 752 artem

124 786 218 830 suam
233 777 322 832 extra
335 771 508 834 clausuram
522 791 659 835 exercere
672 791 734 836 non
749 773 876 854 possint.

164 857 259 940 Resp.
277 864 311 921 2⁰
324 879 330 921 :
344 859 510 923 Licentiam
527 863 709 925 Monasteria
726 862 917 941 ingrediendi
934 865 1093 926 concedere
1107 870 1206 944 potest
1225 866 1400 947 Episcopus,

123 946 173 1007 vel
188 947 295 1027 quivis
313 949 392 1010 alias
412 948 449 1010 ab
468 949 534 1028 ipso
548 950 718 1029 delegatae,
736 969 766 1010 v.
784 969 842 1028 gr.,
859 950 998 1012 Vicarius
1018 952 1164 1030 generalis
1179 954 1226 1015 vel
1245 955 1400 1017 Confessa-

123 1033 192 1096 rius
216 1036 418 1112 Monialium,
441 1044 496 1099 out
520 1038 585 1117 ipsa
604 1038 782 1111 Abbatissa‚
810 1045 880 1111 etc.;
905 1040 955 1100 sed
977 1057 1067 1100 causa
1095 1041 1196 1118 gravis
1219 1039 1400 1121 requiritur,

123 1122 231 1186 minor
253 1131 356 1186 tamen
376 1143 430 1204 pro
450 1125 566 1187 femina
588 1144 682 1206 qaam
706 1145 759 1206 pro
779 1125 860 1200 viro,
877 1144 930 1206 pro
949 1126 1090 1206 ingressu
1109 1127 1220 1190 diurno
1241 1149 1335 1209 quam
1350 1149 1403 1212 pro

124 1217 296 1287 nocturne,
312 1220 343 1275 et
361 1232 415 1293 pro
434 1213 574 1293 ingressu
595 1215 855 1296 propinquorum,
872 1232 965 1295 quarn
983 1222 1192 1278 externorum.
1216 1251 1255 1262 -
1273 1217 1310 1278 S.
1331 1219 1401 1300 Lr'p.

123 1318 156 1358 u.
173 1303 236 1362 2⁸22
251 1311 353 1382 etseq.

166 1387 271 1462 Qamn.
289 1395 320 1452 3ο
338 1391 463 1466 (lainam
480 1391 542 1450 siut
561 1411 645 1452 casus
661 1401 688 1451 et
708 1393 810 1471 soram
828 1413 847 1452 u
858 1392 893 1452 S.
911 1393 970 1453 Pio
995 1391 1018 1454 V
1032 1395 1215 1475 pr·oescr·r'pto
1233 1403 1322 1454 estro
1338 1413 1403 1475 quta

123 1495 185 1535 netz
203 1478 292 1538 liceat
305 1479 492 1540 Martialibus
506 1499 520 1540 e
536 1479 718 1541 Mouasterio
735 1481 838 1542 caira?

165 1563 256 1646 Besp.
270 1586 282 1626 .·
296 1565 503 1647 assignantur
517 1568 551 1630 in
564 1572 666 1631 Gonst.
684 1569 795 1630 Decor-i
812 1569 845 1649 (i
864 1572 908 1643 D),
930 1571 1012 1634 edita
1027 1575 1068 1632 44
1081 1575 1149 1634 tan.
1168 1575 1261 1645 4540,
1280 1590 1347 1651 qum
1361 1571 1403 1633 sic

122 1652 236 1715 habat:
259 1655 419 1728 Volumus,
441 1658 591 1717 sancimus
614 1668 642 1718 et
664 1659 856 1728 ordinamus,
879 1659 960 1718 nulli
981 1659 1253 1721 Sanctimom'uli...
1282 1661 1342 1720 uisi
1367 1681 1403 1720 ea

121 1761 217 1802 ceraso
233 1745 335 1824 taapm'
351 1745 485 1804 accendit
499 1744 549 1804 ael
565 1745 753 1817 infirmitatis
769 1746 875 1824 leprroe,
899 1756 952 1805 aut
971 1747 1142 1824 epidemice,
1162 1766 1228 1826 quoe
1244 1757 1343 1807 tamea
1356 1749 1403 1807 ia-

121 1829 274 1910 firmitas,
293 1842 411 1912 praeter
438 1833 513 1892 alios
537 1831 684 1902 Ordinem
709 1833 908 1914 Superiores,
932 1835 1040 1914 quibas
1056 1853 1130 1894 eura
1149 1835 1403 1896 Mouasteriorum

124 1919 326 1998 irtaumberet,
353 1921 443 1981 etiam
462 1941 519 2001 per·
540 1921 730 2001 Episcopum
751 1941 803 1982 seu
827 1923 920 1982 alium
943 1923 997 1982 tuot
1025 1922 1240 1996 ordinaram,
1264 1925 1352 1983 etiam
1377 1924 1404 1985 st'

117 2007 278 2086 predicto
293 2009 478 2069 Mouasteria
490 2009 528 2069 ab
544 2009 577 2069 E
575 2011 771 2090 piscoporum
786 2021 812 2070 et
830 2011 1064 2072 ordinariorum
1074 2012 1293 2093 jurisdictione
1304 2033 1402 2073 eaeru-

118 2104 178 2174 pta
194 2116 257 2157 asse
268 2099 472 2176 reperiantur,
486 2100 608 2178 capuita
621 2109 648 2158 et
663 2119 805 2180 cupresso
818 2099 982 2176 inscriptis
996 2100 1172 2182 approbata
1187 2103 1240 2176 sit,
1258 2123 1276 2160 a
1293 2101 1403 2160 diona-

117 2186 226 2245 sterr'is
236 2187 378 2266 praefatis
390 2188 487 2254 exire,
504 2187 559 2247 sed
572 2207 625 2247 uec
641 2187 672 2246 ia
681 2187 842 2269 praedictis
854 2189 972 2248 casibus
989 2199 1078 2249 extra
1091 2188 1164 2263 itta,
1178 2190 1239 2248 uisi
1253 2189 1295 2249 ad
1302 2209 1402 2250 treces-

117 2272 240 2332 sarium
255 2285 387 2355 tempus,
399 2285 479 2335 stare
496 2275 596 2335 licere.

161 2355 205 2415 De
228 2371 348 2433 egressu
370 2361 475 2417 autem
498 2355 651 2434 prohibito
672 2355 779 2416 docent
799 2356 1005 2419 communiter
1025 2357 1172 2436 theologi,
1193 2375 1256 2418 non
1281 2357 1348 2419 dari
1368 2357 1403 2419 in

120 2459 154 2503 eo
174 2443 315 2505 materiae
339 2443 539 2522 parvitatem,
563 2444 684 2522 quando
708 2442 856 2523 perfectus
880 2453 910 2507 et
933 2446 1101 2524 completus
1123 2449 1183 2517 est,
1206 2463 1258 2506 sea
1280 2447 1402 2525 quando

124 2530 268 2594 Monialis
288 2530 402 2594 limites
424 2533 572 2594 clausurae
591 2532 679 2612 plene
702 2533 936 2612 transgreditur.
955 2534 1032 2594 Hinc
1056 2532 1179 2594 etiamsi
1200 2533 1252 2594 liat
1275 2551 1336 2595 uno
1356 2533 1402 2595 vel

121 2619 217 2682 altero
245 2638 338 2700 passu
363 2627 504 2695 tantum,
538 2619 646 2682 dicant
675 2621 1024 2684 excommunicationem
1057 2619 1185 2682 incurri.
1214 2619 1402 2684 Contradicit

120 2711 227 2768 tamen
241 2709 375 2767 Lacroz'u
390 2726 461 2768 cum
475 2709 663 2786 quibusdam
675 2707 759 2780 aliis,
777 2708 803 2768 si
819 2709 957 2770 Monialis
979 2709 1086 2769 statim
1103 2708 1222 2780 redeat;
1239 2709 1291 2768 sed
1310 2726 1401 2787 oppo-

122 2793 216 2853 sitam
237 2793 423 2854 sententiam
443 2801 480 2853 ut
501 2793 735 2871 probabiliorem
753 2795 846 2854 habet
862 2795 898 2853 S.
913 2794 1021 2874 Apu,
1039 2814 1070 2852 u.
1089 2797 1158 2854 440.
1175 2828 1214 2836 -
1235 2794 1306 2854 Vide
1324 2795 1400 2855 Fer-

122 2881 219 2952 raris,
236 2899 263 2940 a.
281 2878 434 2953 Monialis,
451 2888 512 2938 art.
530 2883 563 2950 3,
582 2899 611 2938 u.
628 2883 666 2940 40
681 2889 706 2938 et
723 2899 783 2960 seq.

163 2973 253 3031 4005.
265 3003 305 3012 -
317 2969 418 3042 Quart.
432 2971 466 3029 40
478 2967 558 3041 Quid
572 2966 648 3026 lure
661 2976 815 3028 statuatur
829 2968 909 3030 circa
929 2969 1156 3033 collocationem
1171 2971 1212 3033 od
1225 2979 1322 3032 crates
1333 2991 1399 3034 cum

120 3057 328 3118 Monialibtts?

162 3145 252 3227 Hesp.
263 3164 274 3205 .·
288 3152 320 3208 4ο
342 3145 425 3207 Laici
450 3143 678 3224 frequentantes
697 3147 880 3210 blonasteria
896 3146 1074 3210 Monialium
1096 3149 1260 3211 incurrunt
1278 3165 1397 3211 excom-

123 3234 367 3298 municationem
380 3233 509 3296 ferendae
525 3233 684 3295 sententiae
699 3235 747 3314 (in
762 3234 857 3296 variis
871 3235 943 3297 locis
957 3235 1025 3297 latre
1038 3236 1220 3308 sententiae).

161 3327 195 3386 2⁰
209 3323 314 3387 Clerici
325 3340 394 3385 vero
407 3321 638 3402 suspensionem
652 3341 705 3402 per
719 3322 900 3404 Episcopum
915 3324 1134 3404 imponendam
1147 3324 1321 3387 incurrunt.

161 3417 194 3476 3⁰
209 3413 371 3493 Regulares
385 3416 487 3473 autem
511 3411 645 3472 subeunt
660 3411 863 3491 privationem
879 3414 960 3476 vocis
979 3420 1009 3475 et
1024 3412 1113 3475 officii
1131 3412 1259 3474 ferenda
1275 3420 1395 3476 senten-

118 3501 185 3574 tiae,
209 3501 328 3562 etiamsi
353 3499 507 3563 collocutio
531 3499 585 3561 fiat
611 3500 702 3562 semel
728 3507 759 3562 et
784 3518 836 3581 per
861 3503 1062 3582 quadrantem
1090 3519 1162 3563 crrm
1188 3501 1333 3574 dimidio,
1359 3520 1396 3564 ex

118 3592 242 3651 Decreta
261 3589 295 3650 S.
322 3591 473 3672 Conprep.
496 3607 577 3651 anno
598 3592 685 3654 4609.
700 3625 741 3635 -
761 3589 797 3652 S.
820 3591 888 3670 Ltq.
907 3611 937 3652 a.
960 3595 1029 3654 aab.
1047 3593 1093 3652 Ex
1111 3595 1233 3652 Decreta
1250 3589 1395 3653 anteriori

118 3676 198 3739 Sinti
222 3683 248 3740 V
264 3691 361 3759 tanna
386 3677 491 3760 4590),
515 3678 719 3758 privationem
738 3677 827 3741 officii
845 3685 875 3741 et
894 3680 975 3742 vocis
995 3679 1159 3760 cujuslibet
1177 3680 1245 3760 ipso
1259 3679 1352 3751 lactc,
1368 3677 1395 3740 si

117 3765 309 3845 frequentare
332 3773 523 3848 praesumant
546 3768 584 3830 ad
607 3769 841 3848 colloquendum
865 3787 936 3831 curu
960 3769 1096 3852 qualibet
1125 3768 1253 3832 muliere
1279 3767 1394 3830 ibidem

118 3855 258 3934 degente.
274 3892 313 3900 —
329 3857 365 3919 S.
382 3859 450 3939 Lr'q.
471 3878 501 3917 a.
514 3860 584 3918 034.
597 3856 797 3919 Probabiliter
811 3857 964 3938 excipitur
975 3857 1138 3920 abbatissa
1152 3864 1239 3920 extra
1251 3861 1391 3922 Romam.

158 3948 191 4005 40
212 3946 395 4025 Frequentia
414 3945 555 4008 consistit
575 3945 609 4006 in
631 3964 681 4020 eo,
703 3946 784 4026 quod
805 3947 874 4026 quis
897 3947 997 4009 tribus
1022 3947 1129 4009 diebus
1153 3944 1324 4019 continuis,
1346 3944 1392 4008 vel

118 4033 211 4094 semel
237 4033 366 4113 singulis
388 4033 548 4096 mensibus
571 4051 625 4114 per
647 4052 767 4097 annum
790 4033 921 4111 circiter,
947 4043 1003 4098 aut
1023 4041 1131 4116 quater
1151 4035 1185 4096 in
1204 4033 1392 4096 hebdomada

117 4120 337 4184 Mouasterium
349 4123 448 4185 adeat.

727 4213 785 4269 Vll

153 4333 288 4390 Mulieres
302 4333 441 4390 violantes
455 4333 640 4405 Regularium
654 4334 779 4390 siroram
793 4333 973 4402 clausuram,
989 4335 1017 4390 ot
1032 4334 1199 4404 Superiores
1218 4332 1327 4389 alimve
1341 4345 1391 4386 eas

118 4414 313 4471 admittentes.
330 4414 394 4486 (Eu
407 4413 497 4471 Bulla
514 4415 545 4472 S.
568 4413 620 4470 Pii
640 4413 674 4484 V,
687 4415 887 4486 tegolariam,
901 4415 935 4470 at
950 4414 1010 4471 Oct.
1023 4413 1109 4484 4566,
1123 4431 1215 4488 quam
1229 4411 1391 4487 amplicavit

118 4494 183 4552 atta
200 4512 266 4568 quae
279 4494 404 4570 incipit,
422 4497 507 4552 Decet
522 4497 678 4553 Romanum
695 4497 788 4567 Pont,
802 4496 836 4553 16
850 4494 912 4553 tot.
929 4495 1020 4569 4570.)
