3198 5034
479 242 521 286 DE
542 241 715 286 susumus
737 240 1048 288 snusruutnulsus
1358 231 1406 292 75

132 369 201 415 cnm
215 351 359 414 lieniales
378 352 412 414 in
430 353 524 416 Gallia
545 371 629 416 nuno
642 357 678 415 ut
693 355 821 435 proprie
834 353 991 433 Religiose
1005 372 1068 416 non
1086 353 1268 430 habeantur,
1289 374 1323 419 co
1336 357 1402 440 ipsc

129 441 242 502 storto
262 441 412 504 clausurae
433 459 495 504 non
515 441 681 522 subjacent.
702 442 849 505 clausura
870 441 972 521 igitur
996 443 1095 506 solum
1117 459 1155 504 ex
1178 445 1308 524 Regula,
1332 463 1404 526 quae

128 528 233 594 eoem
247 535 400 604 remanet,
414 547 531 594 necnon
545 549 582 594 es
595 530 774 594 auctoritate
788 530 1025 612 Episcopcrum,
1042 531 1098 612 qui
1116 549 1184 592 cam
1203 533 1398 614 praecipiunt,

126 615 208 679 inibi
229 618 380 680 servanda
403 625 459 680 est.
480 622 606 682 Constat
630 638 669 682 ex
686 619 931 700 responsiones.
951 619 1188 684 Paenitentiarie
1202 621 1242 683 ad
1255 620 1295 683 1).
1313 620 1399 705 dely,

126 709 351 772 Nsnnetensern
365 707 568 784 canonicum,
587 708 637 770 die
650 711 693 772 23>
704 709 776 769 Jao,
799 712 889 772 isit.
909 710 1055 771 Attamen
1066 709 1114 770 lex
1128 708 1276 772 clausura
1290 710 1325 772 in
1339 715 1400 778 blo-

125 795 282 871 msteriis,
305 794 340 858 in
353 795 469 876 quibus
486 795 518 858 vi
537 796 793 860 constitutionum
814 797 960 860 exsistere
978 797 1083 872 debet,
1106 797 1197 878 abjici
1218 815 1280 860 non
1301 806 1401 880 potest

125 881 193 946 sins
206 884 295 964 culpa
321 903 379 966 per
394 905 426 948 se
449 885 593 962 mortali3
612 886 686 966 quic
709 886 752 948 sic
776 885 899 950 videtur
921 887 1128 950 communiter
1145 886 1348 967 apprehendi;
1369 896 1400 952 et

124 970 265 1054 Episcopi
280 973 325 1035 sic
338 973 470 1054 obligare
484 974 558 1037 velle
572 982 748 1050 censentur,
762 993 837 1038 cuns
844 975 909 1038 baec
920 974 1086 1056 disciplina
1097 993 1218 1038 summe
1231 977 1402 1040 necessaria

123 1076 247 1142 semper
259 1061 365 1124 habita
375 1061 478 1125 firerit.
495 1063 598 1126 -Ito
609 1063 755 1142 Bourier,
768 1063 806 1126 de
819 1064 942 1126 secondo
952 1083 1046 1146 proec.
1064 1062 1149 1141 Dec„
1162 1063 1194 1126 in
1207 1064 1277 1127 fine:

167 1149 256 1232 Resp.
276 1151 316 1213 ad
329 1155 409 1214 2¹⁸:
430 1155 477 1214 Es
490 1152 580 1215 dictis
593 1153 688 1215 etiam
702 1154 914 1216 deducendum
939 1159 1000 1228 est,
1014 1171 1119 1233 poenas
1137 1153 1310 1233 spirituales
1324 1155 1400 1217 latas

122 1236 159 1300 in
171 1238 316 1302 bioniales
330 1259 347 1302 e
359 1241 541 1305 Monasterio
555 1242 752 1322 egredientes,
775 1243 823 1305 vel
836 1242 870 1304 in
884 1247 1042 1304 extraneos
1056 1259 1164 1304 earum
1178 1241 1400 1305 Monasterimu

120 1326 345 1406 mentes,
363 1328 398 1392 in
409 1329 611 1410 presentibus
624 1348 729 1393 renim
743 1331 895 1412 adjunctis
910 1332 1010 1394 locum
1024 1347 1087 1395 non
1100 1329 1223 1392 habene.
1240 1365 1281 1376 -
1296 1330 1335 1392 P.
1352 1331 1396 1392 X.

125 1413 298 1490 Goutrelet,
317 1417 422 1480 rente
432 1417 469 1480 de
483 1417 567 1480 ticet
580 1419 740 1502 religioso,
761 1430 782 1481 t.
799 1423 823 1490 l,
845 1429 930 1500 port.
945 1422 983 1496 ll,
995 1419 1042 1480 cle.
1060 1438 1096 1482 ιι.

123 1509 236 1654 6189.
253 1541 293 1552 -
306 1507 407 1581 Qusu.
423 1512 457 1570 δι
478 1508 526 1569 An
540 1518 650 1589 oryeot
671 1509 818 1592 obligatio
838 1507 945 1590 Officii
967 1507 1070 1570 dicim
1086 1528 1144 1588 pro
1165 1503 1346 1570 Martialibus
1364 1512 1399 1569 ιἰι

150 1591 257 1654 edio?

164 1682 257 1761 saep.
277 1683 352 1763 Neo.
367 1704 423 1764 per
443 1703 474 1746 se
492 1705 546 1748 seu
572 1685 687 1748 ratione
708 1685 781 1765 legis
796 1685 943 1747 Ecclesiae.
966 1685 1090 1746 Etenim
1110 1703 1181 1747 curn
1199 1686 1343 1748 Moniales
1363 1686 1398 1748 in

120 1767 238 1842 (Μία,
255 1772 379 1833 mutis
392 1774 595 1852 presentibus
608 1791 714 1836 rerum
728 1772 897 1853 adjunctis,
914 1771 996 1833 inter
1008 1773 1262 1851 Congregaticncs
1273 1779 1398 1836 tanturm

120 1855 365 1920 adnumeranda
384 1860 460 1934 sint,
478 1879 541 1923 non
555 1861 700 1923 videntur
714 1861 846 1939 rigorose
860 1878 957 1940 per-se
970 1859 1101 1938 obligari
1120 1860 1158 1922 ad
1172 1859 1316 1921 divinum
1329 1859 1397 1923 offi-

121 1941 212 2006 cium
226 1944 289 2006 sub
299 1947 400 2026 gravi,
417 1947 478 2011 nisi
492 1965 529 2010 cn
542 1949 666 2012 Ordinis
679 1947 953 2012 constitutionibus
964 1948 1001 2010 ad
1015 1947 1047 2010 id
1061 1946 1196 2027 gravitu
1207 1947 1398 2030 adstrbrgan·

121 2035 189 2106 tur,
213 2034 295 2112 quod
318 2035 514 2099 rarissimum
527 2045 584 2100 est.
603 2037 685 2100 Licet
702 2036 788 2100 enirn
798 2035 1005 2117 pertinuerint
1021 2037 1060 2098 sd
1073 2035 1221 2098 Ordinem
1239 2036 1312 2099 olim
1335 2037 1399 2118 (vel

123 2118 220 2184 caim
235 2137 320 2184 nunc
341 2123 431 2206 alibi)
445 2125 485 2187 ab
498 2126 629 2188 Ecclesia
643 2145 696 2206 pm
709 2125 837 2190 solemni
858 2123 1043 2187 professione
1063 2124 1283 2206 approbatum,
1307 2127 1399 2189 mode

122 2209 188 2288 jn
200 2227 265 2272 non
277 2211 440 2290 pertinent.
457 2214 600 2294 Rigorosa
612 2219 715 2278 autem
727 2213 871 2295 obligatio
882 2216 979 2276 lloras
993 2213 1140 2277 recitandi
1148 2231 1213 2276 ncn·
1222 2221 1321 2294 urget,
1336 2215 1397 2278 nisi

125 2297 292 2378 Religiosm
309 2299 342 2362 in
356 2302 468 2364 Ordine
484 2305 648 2383 approbato
661 2303 819 2384 professas.
837 2306 930 2383 Ergo,
953 2308 1009 2364 etc.
1027 2305 1086 2367 Nec
1105 2302 1221 2365 censeri
1239 2303 1327 2366 debet
1341 2305 1396 2366 Ec·

127 2384 215 2448 aleria
238 2388 313 2450 vella
335 2395 455 2452 tanum
471 2391 627 2472 imponere
650 2391 867 2473 obligationem
887 2392 927 2454 iis
948 2391 1146 2465 mulieribus,
1165 2409 1241 2472 quas
1256 2410 1339 2455 nunc
1361 2400 1398 2456 ut

126 2474 234 2537 smne
250 2476 416 2558 seligimus
433 2498 497 2542 non
511 2481 657 2560 agnoscit.
680 2515 721 2528 -
738 2481 775 2543 P.
792 2481 832 2542 X.
851 2479 1019 2558 (devinciet,
1041 2481 1149 2543 Troili
1165 2479 1208 2542 de
1223 2479 1307 2543 t'e'toc
1323 2482 1396 2544 reii-

123 2565 232 2648 gione,
249 2575 271 2626 t.
285 2569 326 2641 ll,
343 2587 368 2627 c.
393 2586 444 2643 nr,
461 2579 522 2632 ort.
536 2573 567 2631 2.

136 2681 139 2684 ·
164 2655 237 2716 183.
250 2689 290 2702 ·-
302 2657 373 2718 llaec
382 2657 521 2720 deserina
534 2658 674 2738 sequenti
688 2659 882 2738 responsione
896 2663 927 2722 s.
944 2659 1028 2721 Sedis
1042 2658 1222 2720 confirmari
1235 2665 1343 2740 potest.

164 2763 180 2800 ι
204 2744 395 2806 Postsrletauu
417 2745 557 2827 Episcopi
577 2746 796 2809 Petruccrensis
816 2747 895 2810 circa
916 2746 1133 2828 obligationem
1159 2746 1306 2810 recitandi
1327 2751 1398 2809 Bre-

126 2851 142 2888 ι
162 2829 258 2894 viarii
271 2849 325 2912 pro
338 2834 522 2898 bicnialibus
535 2836 570 2898 in
583 2836 689 2899 Gallia.

270 2991 285 3026 ιι
300 2971 478 3034 Beatissimo
492 2975 589 3048 Pater,

165 3103 183 3144 ι
209 3082 375 3163 memmae
388 3085 657 3150 Petroocrens'sin
676 3085 781 3150 Galliis
793 3087 835 3149 ad
853 3087 944 3167 pedes
958 3088 988 3148 S.
1006 3089 1043 3148 V.
1064 3087 1259 3166 provolutus,
1275 3083 1313 3146 ab
1332 3085 1399 3162 Ipsa

127 3172 317 3250 affluentis
329 3171 417 3236 dubii
431 3172 613 3236 solutionem
626 3172 973 3254 effiagitathumillime.

165 3261 248 3324 «Ex
261 3260 404 3354 pluribus
421 3262 517 3324 Sacros
530 3260 769 3326 Ponitenticriea
789 3264 942 3342 respunsis
960 3267 1057 3343 petet,
1082 3262 1227 3328 bioniales
1250 3261 1286 3325 in
1305 3260 1400 3327 Gallia

128 3369 147 3406 ι
163 3365 235 3414 sese
249 3366 315 3414 esse
329 3348 574 3429 vers-etpropria
587 3349 746 3422 Mcniales,
766 3350 818 3414 sed
836 3351 1098 3431 unmnpurum
1109 3349 1310 3416 laminarum
1322 3353 1399 3412 Gon

127 3457 142 3500 ι
163 3436 369 3517 munnae,
385 3438 585 3519 ipsarumque
600 3443 674 3500 rota
687 3455 749 3500 non
763 3455 828 3501 esse
839 3439 996 3502 solemnia.
1012 3439 1089 3502 Hinc
1105 3439 1249 3520 pluribus
1262 3438 1397 3511 videurr,

127 3545 143 3583 ι
163 3526 236 3590 illas
247 3525 406 3601 bbnmlcs,
423 3545 492 3607 que
510 3527 544 3590 ri
557 3525 677 3606 Regale
695 3543 763 3589 sue
782 3527 821 3589 ad
838 3525 939 3590 divini
958 3525 1053 3590 Officii
1066 3527 1279 3591 mundonem
1293 3529 1398 3588 tenen-

127 3620 228 3690 rur,
255 3621 295 3680 ut
318 3615 504 3691 carmelite,
530 3615 682 3688 Gloriam,
711 3614 856 3680 Monialcs
883 3613 1088 3678 Visitalionis·
1107 3619 1140 3680 B.
1167 3613 1273 3678 uarie
1294 3613 1396 3694 Virgi-

129 3703 232 3779 onis·‚
248 3708 319 3778 ela,
335 3705 376 3766 ad
396 3704 430 3769 id
451 3723 515 3770 non
529 3704 627 3769 teneri
645 3703 705 3768 sub
722 3703 823 3784 gravi,
845 3721 917 3768 cram
937 3702 1030 3785 hujus
1050 3701 1246 3784 obligationis
1264 3702 1399 3783 gravim

128 3813 150 3850 ιι
165 3809 236 3856 non.
259 3793 401 3857 rideatur
426 3793 577 3874 attingere
597 3793 659 3857 nisi
684 3792 829 3858 Moniales
859 3799 931 3856 vcta
952 3791 1098 3856 solemnia
1118 3791 1306 3855 emittentes.
1336 3789 1398 3854 blii

129 3901 146 3946 c
165 3881 256 3946 offla
280 3886 418 3958 cansam
443 3883 520 3963 quia
536 3884 605 3947 licet
629 3889 703 3946 vota
720 3881 867 3947 solemnia
888 3901 952 3946 non
969 3881 1129 3956 emittant,
1153 3880 1297 3944 videntur
1314 3881 1351 3944 in
1366 3899 1406 3944 su

129 3991 144 4028 ιι
166 3971 335 4052 suscepisse
358 3971 556 4052 obligationes
578 3973 701 4053 dejure
721 3990 855 4034 annexas
875 3972 1011 4051 Regulos,
1031 3988 1125 4052 quarn
1148 3968 1287 4052 prom
1309 3977 1395 4034 sunt.

130 4079 146 4116 ιι
165 4060 273 4124 lubae
292 4058 439 4124 ιιιιιιιιιιιθ
456 4060 693 4135 mutentiarum,
709 4059 875 4142 Episcopus
890 4067 991 4124 orator
1009 4079 1028 4123 a
1051 4061 1081 4123 S.
1101 4062 1137 4121 V.
1154 4059 1325 4141 expostulat
1337 4058 1395 4122 iru-

130 4166 144 4208 ι
166 4147 322 4214 millime:

169 4257 187 4298 ιι
209 4241 322 4302 Utrum
339 4238 502 4312 Maniolas,
518 4242 636 4302 mtentc
654 4255 761 4301 earum
782 4237 954 4302 conditione
972 4237 1007 4300 in
1020 4237 1139 4314 Galliis,
1161 4243 1326 4302 teneamur
1338 4235 1403 4299 sub·

130 4345 144 4383 ι
167 4325 253 4405 gravi
267 4328 307 4390 ad
322 4326 421 4392 dirim
437 4325 532 4392 Officii
545 4326 772 4403 recitationem
791 4345 832 4390 an
851 4343 936 4401 varo,
952 4343 1024 4388 cum
1041 4329 1109 4391 vota
1121 4345 1230 4392 cuum
1248 4343 1311 4388 non
1333 4324 1403 4388 sim

129 4431 149 4474 c
166 4413 330 4490 solemnis,
346 4416 384 4478 ad
402 4415 485 4480 illud·
496 4433 558 4479 non
573 4414 698 4495 gratim
713 4419 885 4488 urentur,
902 4431 996 4494 quam
1011 4416 1050 4477 ed
1066 4415 1150 4480 aliud
1163 4413 1319 4496 quodlibet
1332 4429 1400 4475 sue:

129 4521 145 4562 ι
168 4503 289 4583 ltsgulae
301 4507 475 4583 punctum?
498 4527 514 4563 ι
