3198 5036
653 205 696 248 lili
715 204 894 248 Bertlsuo

261 411 453 489 Quaesitae.

178 594 248 654 118.
265 627 305 636 -
318 593 418 666 Quen.
433 596 466 654 10
477 592 528 654 An
538 591 601 673 filii
614 591 783 674 infidelium
801 592 882 654 licite
892 595 1015 674 possint
1031 590 1205 674 baptizari?

177 677 270 762 Resp.
286 685 318 743 10
339 679 463 761 Affinn.
481 680 515 743 in
538 681 737 762 sequentibus
762 679 898 756 casibus,
922 680 1036 743 scilicet
1059 685 1092 742 10
1114 679 1141 741 si
1162 680 1296 743 habeant
1316 700 1411 744 usum

137 767 276 843 rationis,
293 775 325 831 et
338 769 545 844 consentiant,
562 769 684 832 etiamsi
702 775 841 851 parentes
856 776 1041 850 repugnent;
1057 774 1089 832 10
1103 768 1130 831 si
1145 773 1283 850 parentes
1297 771 1411 834 defece-

138 855 203 918 rint
217 875 235 918 a
247 857 338 931 Fide,
355 865 391 920 ut
404 863 477 921 sunt
490 857 639 934 heretici;
657 857 731 940 quia
744 857 876 920 Ecclesia
886 861 939 938 jus
952 858 1045 921 babet
1063 859 1102 921 ad
1118 863 1259 938 parentes
1274 877 1411 922 coercen-

137 945 206 1021 dos3
222 951 254 1010 3⁰
269 945 294 1008 si
306 945 362 1009 filii
376 946 442 1010 sint
456 965 528 1009 mox
543 947 702 1020 morituri,
720 947 794 1028 quia
809 953 900 1028 urget
920 947 1100 1021 necessitas,
1117 964 1172 1008 nec
1182 946 1285 1009 ullum
1300 947 1412 1011 timen-

137 1033 214 1096 dum
229 1041 276 1097 est
291 1033 476 1115 periculum;
493 1039 525 1098 i⁰
539 1035 566 1098 si
581 1054 664 1098 unus
681 1043 845 1116 parentum
865 1035 1050 1111 consentiat,
1065 1036 1159 1097 altero
1175 1035 1353 1099 reluctante.
1370 1073 1411 1083 -

137 1121 175 1183 S.
191 1123 262 1205 Lep.
276 1143 307 1184 n.
325 1127 394 1187 lei.

176 1211 264 1294 Reep.
280 1211 397 1293 1οΝ19.
412 1211 446 1274 in
460 1213 575 1276 crateris
589 1211 725 1288 casibus,
740 1234 770 1276 v.
788 1232 847 1293 gn,
864 1212 891 1276 si
908 1219 1036 1294 uterque
1054 1231 1163 1294 parens
1186 1213 1361 1288 reluctetur,
1379 1220 1411 1276 et

137 1298 193 1361 lilii
213 1299 355 1363 mansuri
368 1299 477 1364 sintin
490 1307 638 1382 potestate
656 1309 835 1383 parentum;
851 1302 929 1366 ratio
948 1306 994 1364 est
1009 1300 1211 1383 perversionis
1225 1301 1408 1382 periculum.

135 1390 263 1452 Constat
283 1408 320 1452 ex
341 1394 463 1453 Decreta
483 1389 519 1452 S.
537 1389 785 1473 Conpreqationis
802 1391 838 1454 S.
861 1390 981 1473 Officii,
1001 1395 1089 1456 1103.
1105 1393 1145 1453 Ε1
1160 1409 1214 1473 pro
1228 1390 1362 1453 Hebraeis
1377 1391 1410 1453 in

135 1476 312 1555 particulari
325 1482 491 1542 constater
503 1480 728 1544 Constitutione
742 1480 932 1543 11111111-
945 1479 982 1542 S.
996 1480 1065 1563 Lip.
1080 1501 1112 1544 n.
1127 1483 1199 1542 131.

176 1566 278 1640 Quian.
293 1571 326 1629 10
340 1567 389 1628 An
405 1567 573 1650 baptismus
586 1569 751 1652 aliqnando
765 1573 863 1651 repeti
875 1569 1036 1651 portitori
1048 1569 1171 1631 debeat?

176 1653 268 1732 deep.
279 1675 292 1716 .·
305 1659 407 1720 Potest
421 1653 455 1720 et'
465 1657 554 1720 debet
567 1657 663 1739 repeti
679 1657 737 1720 sub
758 1657 945 1730 conditione,
962 1657 1082 1736 quoties
1100 1657 1138 1718 de
1156 1657 1293 1738 eiusdem
1310 1657 1411 1719 valore

132 1742 224 1804 adest
237 1741 358 1822 aliquod
374 1743 506 1807 dubium
523 1763 585 1807 non
602 1746 822 1825 spernendum;
840 1762 926 1806 secus
939 1743 1045 1805 iterari
1059 1762 1121 1806 non
1141 1749 1243 1824 potest
1264 1744 1330 1806 sine
1345 1763 1411 1822 pec-

133 1832 205 1890 cato
217 1829 317 1909 gravi,
331 1831 405 1910 quie
416 1838 542 1894 conatus
555 1832 755 1895 ministrandi
768 1835 1001 1894 Sacramentum
1015 1830 1149 1911 subjecto
1168 1831 1304 1912 incapaci
1319 1832 1411 1894 sacri-

132 1914 253 1996 legium
267 1924 323 1981 est.
338 1955 378 1965 -
392 1919 497 1983 Recole
510 1919 594 1982 dicta
608 1939 719 2002 snpra,
737 1941 767 1982 n.
786 1923 856 1983 200.

176 2007 248 2067 ete.
265 2041 304 2052 -
318 2008 419 2082 Quen.
437 2013 469 2072 30
482 2009 531 2070 An
546 2007 679 2089 insontes
694 2009 829 2091 eapoeiti
842 2009 904 2070 sint
919 2006 1119 2090 baptizandi?

176 2093 266 2176 Hesp.
283 2095 409 2177 Affirm.
426 2097 520 2160 siisti
534 2097 664 2178 expositi
680 2096 794 2160 nerine
811 2098 925 2179 absque
943 2095 1118 2159 testimonio
1132 2095 1280 2176 Baptismi
1298 2097 1409 2171 collati,

138 2180 199 2243 nisi
211 2183 334 2246 aliunde
346 2189 463 2248 constet
472 2205 522 2248 eos
534 2186 593 2248 rite
605 2185 772 2266 baptizatos
786 2185 890 2248 inisse.
902 2185 1015 2248 sivero
1028 2185 1158 2266 expositi
1170 2183 1234 2246 sint
1243 2203 1316 2247 cum
1327 2184 1412 2247 sche-

138 2269 209 2332 dula
223 2278 388 2335 attestante
401 2272 483 2354 ipsos
496 2261 590 2336 fuisse
605 2273 784 2354 baptizatae,
798 2277 1043 2336 controvertitur.
1059 2273 1217 2335 Sententia
1227 2274 1413 2336 communior

137 2366 167 2422 et
187 2360 286 2422 verior
316 2362 416 2436 docet,
434 2363 490 2426 hos
516 2379 622 2425 omnes
642 2362 696 2424 aab
724 2363 898 2425 conditione
917 2361 1115 2442 baptizandos
1138 2381 1212 2425 esse.
1229 2399 1268 2408 -
1287 2362 1324 2426 S.
1339 2363 1410 2443 Lip.

137 2466 168 2509 n.
188 2452 254 2512 131.

138 2624 155 2686 ὁ
178 2537 278 2612 Quina.
294 2544 326 2602 10
338 2541 389 2602 An
402 2543 464 2602 sint
476 2539 692 2622 rebaptizandi
704 2541 836 2622 infantes
848 2545 911 2603 cive
923 2540 961 2602 ab
976 2540 1195 2619 obstetricibus,
1209 2543 1270 2604 rice
1285 2561 1304 2601 c
1326 2540 1412 2604 laicis

156 2627 304 2708 nptizoti?

178 2714 267 2797 Reep.
283 2716 376 2799 Nep,
390 2717 452 2780 nisi
470 2719 552 2782 adsit
569 2718 733 2799 probabilis
748 2717 879 2799 suspicio
891 2717 1001 2780 erroris
1015 2716 1050 2779 in
1061 2717 1167 2780 collato
1182 2719 1348 2798 Baptismo.
1365 2721 1412 2779 Ita

139 2804 391 2868 communissima
408 2809 439 2869 et
456 2826 528 2870 vera
550 2806 715 2882 sententia,
738 2806 842 2888 inquit
865 2804 901 2869 S.
917 2807 1001 2887 Lip,
1019 2825 1049 2866 n.
1068 2809 1137 2880 136,
1159 2806 1215 2868 ubi
1226 2805 1412 2868 decisionem

137 2889 172 2952 S.
191 2892 303 2974 Conqr.
320 2913 505 2959 commemor
524 2901 546 2957 t.

177 2983 280 3056 Qumu.
295 2987 328 3048 5⁰
340 2984 388 3045 An
404 2983 554 3066 baptizati
567 2985 604 3045 ab
620 2985 770 3046 hereticis
784 2984 973 3065 rebaptizari
988 2983 1133 3047 debeant?

177 3069 266 3152 deep.
281 3091 294 3132 .·
307 3075 433 3135 Certum
447 3079 494 3134 est
507 3074 544 3135 de
562 3073 634 3136 Fide
658 3091 696 3134 aa
715 3071 814 3149 Trici,
830 3071 969 3135 validum
983 3091 1047 3136 esse
1062 3072 1254 3153 Baptismrun
1269 3069 1412 3133 collatum

138 3157 176 3220 ab
196 3159 363 3233 hereticis,
382 3161 505 3241 quando
525 3159 630 3222 omnia
653 3160 801 3240 requisita
822 3161 861 3222 ad
881 3162 1114 3223 Sacramentum
1136 3158 1334 3224 adhibentur.
1355 3159 1414 3221 Sed

138 3247 248 3310 merito
269 3254 381 3328 putant
400 3248 605 3311 communiter
625 3248 771 3326 theologi,
788 3266 897 3328 pueros
919 3266 1025 3312 omnes
1043 3249 1212 3330 baptizatos
1226 3266 1244 3308 a
1258 3245 1413 3309 ministris

137 3337 379 3418 protestantibus
401 3337 540 3399 essesut
563 3335 731 3398 conditione
750 3335 994 3416 rebaptizandos;
1015 3337 1090 3417 quia
1109 3335 1245 3400 dubitari
1264 3334 1353 3397 debet
1376 3335 1413 3396 de

139 3424 284 3500 materia,
301 3425 397 3488 lomna
415 3431 445 3488 et
462 3424 634 3489 intentione
658 3424 766 3486 talium
788 3423 1021 3500 ministrorum,
1035 3425 1091 3505 qui
1107 3425 1164 3488 hoc
1181 3426 1412 3486 Sacramentum

138 3513 274 3578 absolute
287 3514 490 3577 necessarium
504 3532 564 3576 non
577 3512 718 3595 judicant
730 3522 750 3573 ¹.
764 3548 805 3558 -
815 3511 850 3573 S.
863 3513 931 3594 Liq.
946 3533 976 3574 n.
993 3518 1064 3577 137.

169 3774 178 3808 ¹
194 3775 223 3825 ln
241 3774 445 3839 congregatione
460 3773 572 3840 generali
589 3775 615 3826 S.
631 3773 746 3838 inquisit.
761 3772 835 3824 Ferla
851 3773 894 3836 lV,
910 3777 939 3823 et
954 3785 1015 3824 nov.
1029 3776 1103 3832 1878,
1119 3767 1244 3836 proposito
1261 3767 1356 3820 dubio:
1372 3770 1413 3820 Aa

138 3843 303 3909 Baptismum
318 3845 366 3896 eall
383 3846 532 3896 conditione
545 3847 660 3910 conferri
676 3845 768 3895 eicient
784 3843 926 3905 hereticis,
940 3845 985 3910 qni
1000 3844 1185 3894 conwtuntar
1201 3839 1239 3890 ad
1254 3839 1413 3904 Reiipionem

139 3913 317 3978 catholicam,
334 3931 523 3984 aqaocnmque
537 3917 592 3966 ioco
607 3917 778 3982 proveniant,
793 3919 820 3964 et
836 3915 872 3966 aci
887 3929 1077 3982 quamcumque
1091 3915 1187 3963 sectam
1199 3910 1372 3976 pertineant?
1382 3938 1414 3950 -

139 3998 290 4051 responsum
308 3987 372 4040 tuit:
391 3989 561 4053 nh'epatine;
580 3986 663 4039 sedin
681 3986 844 4039 conversione
857 3985 1037 4038 hereticorum
1053 4000 1069 4036 a
1084 3995 1244 4050 quacumque
1259 3982 1325 4042 loco,
1339 3982 1381 4033 vel
1398 3997 1414 4032 1

139 4073 154 4103 c
169 4071 332 4123 quacumque
346 4063 414 4110 secta
427 4058 555 4114 venerint,
570 4059 750 4122 inquirendum
764 4057 796 4109 de
809 4057 940 4108 validitate
955 4055 1079 4122 Baptismi
1094 4054 1225 4106 interest
1241 4054 1414 4119 sumptiqu-

139 4143 155 4172 a
170 4129 347 4194 stitutoigitur
356 4130 382 4179 in
394 4128 502 4192 singulis
511 4129 613 4180 casibus
627 4129 759 4186 examine,
774 4127 795 4179 si
806 4133 965 4194 compertum
975 4125 1052 4178 luerit
1066 4129 1111 4178 aul
1125 4125 1241 4188 nullum,
1253 4130 1299 4176 aut
1308 4124 1414 4176 nulliter

139 4211 155 4243 α
171 4198 296 4250 collatum
312 4200 403 4260 ruisse,
418 4199 564 4266 baptizandi
579 4205 655 4251 erunt
666 4199 791 4252 absolute.
809 4199 835 4250 st
849 4203 936 4250 autem
950 4212 996 4264 pro
1007 4201 1121 4263 ternpore
1135 4202 1161 4248 et
1175 4197 1289 4248 locorum
1300 4195 1412 4257 ratione,

137 4283 156 4315 α
171 4268 368 4335 investigatione
382 4276 497 4336 peracta,
513 4270 580 4321 nihil
597 4271 650 4322 sive
666 4283 711 4335 pro
728 4269 860 4322 validitate
880 4269 934 4320 sire
957 4282 1003 4334 pro
1021 4267 1183 4320 invaliditate
1204 4267 1348 4332 detegatur,
1367 4269 1415 4317 aut

139 4353 156 4386 ι
171 4340 256 4393 adhuc
269 4341 402 4408 probabile
414 4341 523 4393 dubium
542 4343 573 4392 de
589 4341 713 4406 baptismi
725 4340 857 4392 vadilltate
867 4339 993 4405 supersit,
1011 4343 1068 4390 tum
1084 4340 1132 4390 sub
1153 4339 1297 4392 mnditlone
1316 4341 1413 4388 secreto

139 4411 341 4478 «baptizentur.
363 4415 487 4476 nemum,
503 4412 524 4464 si
542 4412 682 4464 constiterit
700 4409 822 4476 validum
833 4409 926 4473 111111,
943 4409 1080 4475 recipiendi
1097 4415 1172 4462 erunt
1186 4395 1365 4462 tantummodo
1379 4405 1413 4457 11

138 4497 156 4528 (ι
172 4483 359 4548 abjurationem
371 4497 416 4536 seu
430 4483 611 4550 professionem
626 4483 693 4535 ildei.
709 4501 722 4531 1
