3198 5034
508 207 551 250 na
573 204 745 250 srsrrnus
766 203 1078 252 rnnrrcucsnmns
1385 191 1433 250 311

158 337 235 392 care,
246 323 278 380 et
292 315 384 380 simul
396 316 480 378 dotes
493 323 524 378 et
536 315 652 396 gratim
663 317 703 378 ad
716 316 806 378 illum
818 315 875 379 rite
888 317 1116 398 exsequendum
1128 322 1160 377 et
1171 317 1358 380 servandum
1372 317 1432 380 lar-

158 407 234 487 giri,
259 404 430 487 prasertim
453 407 553 484 quoad
576 410 694 468 statum
719 403 955 468 ecclesiasticum
980 411 1010 468 et
1035 403 1224 484 religiosum.
1246 407 1325 466 Cum
1348 406 1433 468 enirn

159 494 265 558 omnia
278 494 313 556 in
327 493 431 556 ordine
445 492 610 556 naturalia
624 497 682 557 Deo
699 493 908 574 gubernentur
921 493 1012 556 modo
1033 492 1162 572 singulis
1179 493 1315 574 proprio;
1333 515 1352 554 a
1367 495 1431 574 sor-

158 584 236 644 tiorr'
250 599 320 662 ergo
334 581 367 643 in
381 581 486 644 ordine
505 580 741 662 supernaturali.
756 581 888 644 Aliunde
906 583 944 644 ad
962 585 1079 644 statum
1093 581 1301 662 perfectiorem
1316 583 1432 662 ample-

158 671 306 736 ctendum
320 674 350 732 et
365 672 609 750 prosequendum
624 670 825 750 requiruntur
840 671 924 732 dotes
937 677 968 732 et
979 670 1083 750 gratia
1093 669 1245 751 speciales,
1256 687 1354 750 quaa
1369 671 1432 734 solo

157 765 234 837 Deo,
259 776 401 840 supremo
428 758 653 839 dispensatore,
676 758 798 822 cenredi
822 763 961 840 possunt.
984 762 1108 822 densat
1131 758 1258 839 insuper
1278 777 1315 822 ex
1336 759 1433 822 uariis

157 851 189 912 S.
205 847 370 928 Scriptura
382 845 464 910 locis.
481 846 529 909 Sic
542 847 580 910 de
593 847 762 912 Sacerdotio
774 848 808 910 in
820 847 995 927 particulari
1009 847 1084 910 dicit
1098 851 1216 928 Apost,
1230 847 1336 922 Heba,
1350 868 1382 923 v,
1392 853 1429 911 t:

156 937 222 1001 Nec
235 937 392 1020 pruisquam
405 937 498 997 sumit
508 936 570 999 sibi
581 936 732 1014 honorem,
747 937 800 998 red
811 938 864 1018 qui
878 946 1002 998 uocatur
1015 957 1034 998 o
1048 937 1112 998 Deo
1128 945 1270 1017 tauquam
1289 936 1430 998 Aaron...

158 1027 241 1089 Idem
254 1043 343 1106 porro
358 1024 524 1088 dicendum
538 1026 575 1088 de
589 1023 654 1088 vita
668 1025 822 1104 religiosa,
840 1043 909 1105 quae
928 1030 975 1088 est
994 1028 1092 1088 status
1107 1023 1264 1105 perfectior
1281 1031 1311 1086 et
1333 1026 1432 1088 multo

160 1113 317 1176 difficilior.

278 1242 472 1320 Qnaestta.

197 1375 265 1434 tte.
281 1405 322 1416 -
333 1372 434 1445 Quae.
452 1376 485 1432 1ο
500 1371 550 1432 Au
567 1369 614 1432 uel
626 1371 771 1452 quomodo
788 1381 888 1453 peccet
903 1375 971 1454 qui,
988 1391 1018 1434 ae
1032 1371 1073 1434 ud
1087 1371 1272 1450 Religionem
1294 1380 1432 1432 uocatum

154 1459 295 1536 certiores,
309 1458 421 1522 diviuoe
433 1460 583 1522 vocationi
595 1480 656 1520 uon
670 1459 861 1543 obsequitur?

196 1548 284 1631 Besp.
302 1555 334 1612 10
349 1568 356 1610 :
370 1549 432 1610 Per
445 1569 485 1628 se,
502 1549 639 1628 rigorose
655 1549 817 1630 loquendo,
835 1549 1011 1612 nullatenus
1025 1555 1142 1628 peccat;
1157 1549 1231 1629 qtria
1249 1547 1355 1612 diviua
1365 1566 1434 1612 con-

156 1635 225 1699 silia
237 1656 292 1718 per
305 1657 335 1698 se
351 1637 468 1700 nullam
482 1637 649 1716 imponunt
663 1637 890 1717 obligationem,
904 1655 975 1698 cum
990 1637 1025 1699 in
1037 1636 1094 1698 hoc
1108 1637 1230 1716 praecise
1243 1656 1260 1698 a
1275 1635 1433 1717 praeceptis

156 1723 312 1786 differant.
1194 1744 1197 1752 ⁴

200 1810 290 1890 Hesp.
306 1815 339 1873 2⁰
357 1831 364 1873 :
381 1812 442 1873 Vin
455 1817 559 1874 tamen
573 1812 711 1874 excusari
724 1812 762 1874 ab
777 1813 880 1892 aliqua
894 1812 982 1892 culpa
995 1815 1098 1890 potest
1114 1812 1152 1874 ob
1168 1811 1339 1891 periculum
1350 1819 1434 1876 ater-

155 1917 206 1962 nae
220 1899 339 1975 salutis,
356 1899 405 1962 cui
421 1919 452 1961 se
466 1900 643 1962 committit.
661 1902 726 1962 lmo
738 1919 800 1962 non
815 1904 1011 1962 excusaretur
1025 1917 1044 1960 a
1061 1906 1181 1978 peccato
1191 1898 1289 1977 gravi,
1303 1898 1358 1980 qrri
1368 1918 1435 1981 per·

155 2005 285 2049 suasum
310 1987 438 2050 haberet
463 1987 591 2050 unicum
619 1987 758 2050 medium
784 1987 893 2051 salutis
916 1993 1037 2050 aeternae
1066 1985 1268 2068 adipiscenda
1292 1988 1349 2050 hoc
1374 1988 1434 2069 ipsi

157 2094 329 2156 superesse,
345 2083 382 2138 ut
396 2094 414 2137 a
427 2076 538 2138 mundi
551 2075 696 2156 periculis
707 2076 856 2156 aubrgiat.
1280 2075 1281 2080 ’

196 2165 238 2225 nt
253 2181 324 2226 vero
340 2169 455 2226 suntne
466 2163 500 2226 in
515 2165 595 2226 malo
610 2169 694 2227 statu
708 2162 753 2226 illi
768 2164 832 2246 qui,
847 2163 922 2227 certi
938 2165 1094 2227 moraliter
1108 2166 1144 2227 de
1159 2165 1316 2228 vocatione
1327 2165 1434 2230 dirius

156 2252 197 2314 ad
214 2251 413 2332 Religionem,
429 2251 577 2314 nituntur
591 2251 652 2314 sibi
666 2254 856 2332 persuadere,
873 2273 903 2316 se
916 2253 1047 2316 salntem
1059 2271 1150 2316 suam
1164 2273 1250 2335 aeque
1263 2253 1349 2316 facile
1364 2273 1433 2318 oon·

161 2339 244 2421 seqrri
258 2359 345 2420 posse
359 2341 512 2404 manendo
527 2339 560 2402 in
581 2340 704 2415 saeculo,
722 2342 770 2403 rel
784 2342 822 2404 ad
840 2340 918 2404 illud
933 2343 1107 2405 redeundo?
1121 2347 1188 2406 Non
1202 2341 1325 2406 ridetur
1342 2341 1433 2406 dubi·

161 2429 301 2506 tandum,
319 2429 396 2511 quin
418 2427 473 2491 isti
493 2447 604 2510 magno
628 2429 800 2492 discrimini
815 2429 924 2493 salutis
944 2450 975 2494 se
992 2439 1160 2511 exponant3
1175 2431 1263 2512 quia,
1280 2433 1432 2495 manendo

159 2514 193 2578 in
208 2518 313 2580 seculo
328 2523 433 2580 contra
453 2516 507 2579 Dei
527 2518 734 2592 vocationem,
752 2525 849 2580 semet
870 2518 1052 2600 specialibus
1067 2518 1128 2582 illis
1147 2520 1272 2600 privant
1288 2520 1431 2596 auxiliis,

157 2623 226 2686 quae
239 2605 292 2668 bei
307 2605 501 2686 providentia
515 2605 590 2686 ipsis
601 2605 637 2668 in
650 2606 806 2688 Religione
817 2614 1059 2688 preparaverat,
1075 2615 1107 2670 et
1123 2607 1189 2672 ideo
1203 2609 1366 2672 difficulter
1383 2627 1434 2672 sae

157 2692 216 2755 culi
231 2693 453 2756 tentationibus
467 2694 621 2758 resistent.
635 2697 782 2760 Attamen
798 2700 828 2760 S.
843 2695 984 2776 Ligurius
1002 2714 1065 2760 non
1084 2698 1177 2759 audet
1192 2703 1309 2760 certum
1324 2699 1361 2759 de
1377 2696 1433 2759 boc

152 2781 306 2866 judicium
321 2781 408 2844 ferre.
424 2818 464 2828 -
483 2782 557 2846 Vide
575 2805 605 2846 u.
622 2788 671 2848 78.

197 2874 267 2936 150.
282 2907 322 2916 -
335 2871 436 2946 Quare.
450 2875 484 2934 2⁰
500 2871 650 2948 Quonwdo
660 2883 762 2956 peccet
775 2880 842 2954 put,
859 2894 919 2934 noo
935 2884 1071 2950 uocatas,
1089 2884 1202 2934 statum
1214 2873 1432 2954 perfectiorem

156 2957 326 3040 Religionis
343 2959 390 3020 vel
405 2959 573 3022 Cleriectus
586 2961 782 3023 nibilominus
797 2960 948 3043 suscipit?

197 3047 284 3130 Resp.
299 3067 311 3109 .·
329 3052 432 3110 Peccat
454 3054 603 3131 praviter,
630 3050 656 3112 si
678 3049 827 3113 defectum
851 3049 1019 3112 vocationis
1042 3049 1119 3112 clare
1140 3049 1276 3124 noverit,
1300 3055 1369 3111 tum
1393 3049 1431 3113 ob

154 3136 359 3198 reverentiam
381 3136 473 3200 sacris
492 3137 658 3200 Ordinibus
677 3143 706 3200 et
723 3137 872 3218 Religioni
891 3137 1045 3214 debitam,
1063 3144 1131 3200 tum
1152 3139 1190 3200 ob
1211 3135 1359 3218 injuriam
1373 3140 1431 3201 Deo

156 3224 289 3299 illatam,
307 3231 376 3287 tum
390 3225 563 3306 prasertim
577 3225 615 3287 ob
627 3225 798 3305 periculum
813 3227 936 3302 salutis,
951 3227 1034 3307 quod
1047 3225 1195 3302 incurrit,
1213 3227 1288 3288 dnm
1303 3225 1432 3306 suscipit

157 3312 355 3393 obligationes
376 3312 491 3394 quibus
515 3313 669 3374 moraliter
691 3311 862 3374 satisfacere
885 3332 947 3376 non
967 3315 1094 3394 poterit,
1114 3321 1220 3397 utpote
1241 3333 1346 3378 carens
1365 3332 1431 3394 spe-

157 3399 284 3464 cialibus
299 3401 439 3474 auxiliiS,
456 3419 524 3482 quae
541 3399 612 3463 solis
627 3419 645 3462 a
663 3403 722 3462 Deo
740 3401 854 3462 vocatis
875 3403 1091 3465 conceduntur.
1107 3403 1312 3465 Excusabitur
1328 3408 1432 3464 temen

157 3489 194 3551 ab
212 3489 265 3552 illa
286 3491 388 3571 culpa,
406 3491 433 3553 si
454 3490 645 3554 voluntatem
667 3488 789 3550 firmam
807 3486 919 3550 habeat
940 3488 1139 3568 obligationes
1161 3489 1313 3569 assumpti
1331 3494 1432 3552 status

157 3577 240 3640 adim
262 3578 356 3641 lendi.

197 3597 268 3730 lif.
283 3703 324 3712 —-
337 3669 438 3742 Quae.
456 3672 489 3731 ³⁰
502 3667 550 3728 Au
560 3675 685 3751 peccaut
699 3665 836 3748 graviter
848 3675 990 3748 parentes
1005 3665 1052 3727 uel
1065 3663 1259 3747 Superiores,
1276 3670 1330 3748 qui
1343 3684 1430 3728 ouer-

159 3765 226 3816 tuut
239 3755 321 3838 filios
336 3755 383 3818 vel
395 3756 530 3818 subditos
545 3777 563 3818 a
577 3767 662 3818 statu
678 3755 845 3838 religioso?

196 3844 284 3927 Hesp.
302 3849 333 3907 1ο
346 3846 372 3906 Α
377 3845 474 3928 sfirm.
480 3891 488 3922 ‚
506 3845 532 3907 si
549 3865 598 3908 eos
616 3849 755 3908 avertant
773 3843 886 3926 injuste
903 3861 955 3924 per
973 3841 1089 3918 minas,
1107 3843 1187 3918 vim,
1204 3841 1359 3918 fraudem,
1376 3851 1431 3907 ant

156 3931 350 4014 importunas
372 3952 488 4014 preces;
512 3933 587 4015 quia
606 3933 674 3998 illos
698 3933 873 4014 impediunt
894 3951 912 3994 a
930 3932 1140 3996 consecutione
1160 3931 1266 4012 magni
1285 3929 1375 4006 honi,
1391 3932 1431 3993 ad

156 4022 237 4101 quud
250 4025 306 4104 jus
324 4022 454 4098 habent,
476 4040 587 4104 eosque
609 4023 694 4102 gravi
717 4021 896 4086 amittenda
918 4020 1027 4086 salutis
1045 4027 1167 4088 aeterna
1188 4021 1320 4102 pencnlo
1338 4037 1429 4102 expo-

156 4113 247 4174 nant.

195 4199 286 4284 Rarp.
300 4203 336 4264 1·
348 4199 476 4282 affirm.
493 4200 686 4280 plerumque,
702 4199 825 4264 etiamsi
842 4219 895 4264 eos
912 4205 1037 4264 tautum
1053 4198 1192 4279 precibus
1206 4205 1237 4262 et
1250 4197 1428 4280 promissio-

155 4285 250 4352 nibus
264 4294 421 4364 avertanu
438 4288 512 4370 quia
524 4288 581 4352 hoc
592 4306 659 4352 esse
674 4307 736 4351 non
749 4292 848 4370 potest
860 4288 928 4351 sine
941 4285 1028 4368 gravi
1041 4287 1166 4352 illorum
1181 4289 1305 4352 damno.
1321 4323 1362 4333 -
1375 4285 1429 4348 lte

154 4379 350 4440 emuniter
367 4395 438 4440 cnm
461 4377 498 4439 S.
514 4377 597 4458 big„
618 4375 673 4457 qui
691 4375 766 4440 dicit
782 4375 862 4440 hanc
883 4375 1068 4440 sententiam
1087 4394 1150 4439 esse
1173 4375 1300 4440 omnino
1318 4383 1427 4438 tenen·

153 4463 241 4540 dana,
258 4472 363 4530 contra
382 4465 512 4548 aliquos.
526 4501 566 4510 -
581 4467 647 4530 Non
665 4470 789 4544 peccant
803 4467 907 4527 tamen
927 4470 1082 4546 parentes,
1099 4465 1153 4546 qui
1168 4483 1200 4527 se
1218 4467 1376 4544 opponunt
1387 4461 1428 4524 ad
