3198 5034
196 213 239 274 te
728 227 936 274 anseredus

195 357 313 420 aegrum
327 341 364 401 de
376 339 514 420 proxImo
527 338 636 402 mortis
651 338 793 419 periculo.
809 338 925 403 Sufficit
940 339 1109 415 interdum,
1126 346 1162 403 ut
1175 348 1261 404 curet
1275 359 1347 405 eum
1362 343 1469 407 admo-

194 429 262 492 neri
275 447 294 489 a
307 427 485 508 propinquis
504 429 551 490 vel
565 427 692 502 amicis,
706 427 750 488 ita
768 434 805 488 ut
820 427 963 492 benevole
982 430 1173 491 Sacerdotem
1192 429 1356 505 admittat,
1376 439 1469 514 atque

195 518 233 580 ad
244 516 416 597 recipienda
432 517 625 578 Sacramenta
637 515 811 578 inducatur.
829 517 860 578 Si
873 535 951 596 aeger
969 523 1080 579 uotum
1097 517 1207 579 habeat
1221 517 1464 598 confessarium,

195 605 270 668 satis
286 604 344 668 erit
365 604 392 667 si
410 604 468 668 iste
487 605 524 667 de
541 610 625 667 statu
641 604 820 684 poenitentis
838 604 887 667 sui
904 611 1080 682 moncatum
1097 611 1172 668 tunc
1185 605 1270 668 enim
1292 625 1366 669 eum
1386 608 1468 673 invi-

195 696 287 758 sendo
303 692 450 756 efficacius
470 693 573 774 ipsum
593 711 715 755 movere
731 692 842 772 poterit
861 694 900 755 ad
920 693 1013 756 saluti
1027 693 1139 756 animae
1152 713 1214 756 suae
1226 695 1463 776 providendum.

194 786 305 846 Caveat
321 790 426 844 autem
442 781 588 856 medicus,
604 800 643 844 ne
658 781 775 843 diutius
787 781 991 844 monitionem
1007 781 1124 846 differri
1138 784 1286 862 patiatur.
1302 789 1369 848 Non
1383 785 1468 849 enim

193 870 370 953 protrahere
381 870 485 945 debet,
502 871 676 950 usquedum
690 876 808 932 certum
824 869 866 932 sit
879 870 989 933 mortis
1004 870 1190 951 periculum;
1207 873 1259 934 sed
1277 873 1387 936 adhoc
1402 873 1466 938 offi-

194 960 278 1024 cium
300 965 433 1033 tenetur,
457 960 580 1040 quando
607 959 741 1020 advertit
767 957 937 1038 periculum
967 957 1103 1038 graviter
1125 959 1300 1023 imminere.
1326 962 1358 1024 Si
1382 962 1466 1026 hunc

194 1066 311 1111 morem
331 1053 488 1110 servarent
506 1047 632 1122 medici,
648 1065 711 1109 non
729 1047 803 1108 adeo
826 1048 932 1126 aegroti
951 1047 1191 1110 admonitionem
1213 1047 1464 1128 reformidarent,

193 1156 248 1200 uec
262 1139 301 1200 ad
309 1135 503 1200 confessIonis
514 1135 703 1198 mentionem
716 1142 829 1198 terrore
841 1136 1077 1216 corriperentur.

233 1231 282 1289 34.
296 1261 336 1272 -
350 1229 451 1302 Quae.
471 1228 506 1287 2⁰
525 1226 575 1286 Ac
590 1233 692 1306 peccet
712 1224 849 1306 praviter
867 1225 998 1286 medicus
1014 1225 1069 1306 qui
1087 1232 1216 1305 tempore
1233 1226 1324 1306 postis
1339 1237 1467 1308 oeqrotos

191 1315 317 1392 descrit,
332 1334 368 1375 ne
382 1315 458 1374 luem
473 1313 652 1374 conmutat?

232 1403 324 1485 Hesp.
343 1402 468 1485 Affirm.
483 1421 539 1482 per
554 1420 599 1479 se,
616 1399 678 1464 nisi
697 1400 760 1462 siut
777 1401 829 1462 atii
849 1401 973 1476 medici,
990 1402 1044 1482 qui
1064 1419 1152 1481 opem
1166 1400 1231 1464 sint
1248 1404 1369 1483 egrotis
1384 1423 1461 1484 prae-

192 1491 308 1554 stituri.
332 1492 420 1555 Ratio
443 1497 504 1564 εει,
527 1489 600 1570 quia
620 1488 732 1552 medici
756 1507 794 1551 ex
818 1488 912 1552 officio
934 1491 973 1552 ad
990 1490 1108 1553 bonum
1131 1507 1294 1554 commuue
1313 1492 1465 1555 societatis

192 1579 448 1643 constituuntur:
465 1579 547 1641 unde
558 1578 592 1640 iu
607 1578 765 1640 communi
779 1577 911 1658 periculo
926 1577 1077 1654 nonsibi,
1094 1578 1147 1640 sed
1161 1579 1296 1641 societati
1311 1581 1466 1643 considere

191 1669 318 1744 debent;
336 1667 492 1748 privatum
514 1666 599 1728 euim
618 1665 849 1728 incommodum
872 1667 991 1746 publico
1007 1667 1086 1730 bono
1107 1667 1209 1729 cedere
1228 1668 1327 1731 debet.
1348 1703 1389 1716 -
1411 1668 1462 1732 Ita

191 1777 290 1818 omnes
307 1755 448 1836 tbeolopi.

231 1848 332 1921 Qum.
356 1849 388 1908 3⁰
411 1846 462 1906 An
484 1843 615 1906 medicus
637 1841 769 1904 ronedic
790 1843 888 1905 dutiae
904 1843 1048 1926 efficacia
1065 1843 1221 1926 applicare
1232 1849 1342 1925 posset
1361 1846 1417 1907 uba
1427 1847 1465 1909 dc

191 1934 313 2017 infirmo
327 1932 526 2016 desperatur?

231 2023 319 2104 Resp.
335 2027 367 2084 ιο
379 2021 619 2084 :Adhibendum
638 2025 684 2083 est
670 2020 870 2083 tremedium
888 2019 1088 2101 probabiliter
1106 2020 1316 2101 profuturum,
1331 2023 1358 2084 si
1376 1965 1462 2087 aliud

190 2111 303 2174 certius
326 2128 389 2173 nou
409 2109 569 2171 habeatur.
595 2108 682 2172 Ratio
705 2115 767 2182 est,
795 2109 867 2190 quia
889 2107 1008 2171 meliori
1028 2109 1134 2184 modo,
1158 2128 1219 2191 quo
1241 2110 1307 2172 fieri
1339 2115 1459 2192 potest,

189 2199 314 2263 infirmo
336 2197 558 2279 providendum
587 2203 658 2259 est:
684 2201 757 2262 tunc
785 2215 856 2259 vero
880 2197 995 2277 absque
1020 2197 1082 2259 ullo
1109 2197 1215 2260 damni
1240 2199 1406 2280 periculo
1395 2201 1458 2282 apsi

190 2287 391 2351 succurritur.

230 2376 318 2457 desp.
339 2378 373 2436 ιο
388 2394 395 2436 ;
412 2379 478 2437 Νοιι
497 2378 596 2455 potest
609 2373 754 2454 applicari
775 2374 913 2449 infirmo,
930 2374 1023 2437 etiam
1042 2375 1216 2454 desperato,
1233 2377 1407 2439 remedimu
1426 2379 1463 2440 de

190 2483 253 2544 quo
267 2463 429 2543 ignoratur
443 2468 551 2525 utrum
565 2462 607 2524 sit
621 2463 772 2538 salutare,
792 2481 831 2525 an
844 2481 917 2527 vero
931 2463 1079 2537 noxium,
1095 2463 1133 2525 ad
1148 2463 1393 2544 experimentum
1407 2484 1462 2546 pro

189 2550 258 2614 aliis
277 2551 411 2614 infirmis
424 2551 605 2614 iaciendmn.
623 2551 712 2616 Ratio
729 2557 789 2628 est,
813 2552 888 2633 quia
902 2551 1028 2614 omnino
1046 2551 1191 2614 illicitum
1207 2558 1254 2614 εει
1273 2553 1462 2632 experimen-

189 2646 260 2701 tum
274 2657 343 2701 cum
356 2639 462 2702 atienae
476 2639 547 2701 ritae
560 2639 738 2702 discrimine
750 2658 894 2721 quarere.

230 2728 317 2809 desp.
333 2735 382 2792 3⁰:
400 2727 430 2790 Si
450 2727 620 2790 remedimu
643 2728 683 2789 sit
701 2736 781 2791 certo
800 2747 862 2792 non
881 2730 1073 2802 ιιοείιιιιιιιιι,
1090 2735 1121 2792 ει
1136 2728 1227 2791 dubie
1238 2728 1454 2809 profuturum,

189 2817 314 2880 omnino
328 2824 373 2880 est
386 2816 612 2897 applicandum.
629 2817 716 2880 Ratio
730 2823 833 2896 patet:
851 2836 917 2897 spes
936 2817 1020 2879 enim
1041 2817 1144 2899 aliqua
1161 2816 1285 2896 affulget
1298 2817 1461 2880 Infirmum

189 2914 318 2968 amorte
334 2905 497 2986 eripiendi,
514 2923 568 2967 nec
583 2906 682 2968 ullum
694 2905 839 2968 imminet
852 2905 1033 2986 periculum.

229 2995 318 3076 Resp.
346 2999 403 3057 4⁰:
431 2996 466 3056 In
483 3011 567 3056 mero
590 2992 698 3068 dubio,
715 3011 793 3056 num
817 2995 990 3056 remedium
1012 2994 1053 3057 sit
1076 2993 1287 3075 profuturum,
1311 3014 1351 3057 an
1375 2995 1459 3059 noci-

189 3089 312 3158 turum,
336 3082 456 3164 ipsum,
480 3088 567 3144 extra
586 3099 693 3144 casum
718 3081 791 3161 aegri
813 3081 979 3162 desperati,
1003 3101 1066 3145 non
1091 3091 1137 3146 εει
1164 3082 1379 3164 praebendum,
1405 3085 1459 3146 sed

188 3172 426 3251 exspectandum
445 3176 491 3232 est
515 3176 552 3231 ut
575 3177 701 3244 natura,
730 3172 788 3231 Deo
815 3170 999 3246 auxiliante,
1023 3171 1156 3252 seipsam
1183 3171 1331 3235 sublevet.
1352 3172 1459 3234 -lta

187 3257 222 3321 S.
251 3259 441 3329 Antoninus,
465 3260 553 3340 cujus
573 3257 638 3320 haec
657 3263 730 3319 sunt
754 3258 862 3334 verba,
885 3277 915 3340 p.
936 3261 993 3336 ΠΙ,
1017 3261 1065 3323 tit.
1089 3263 1157 3338 VII,
1178 3280 1205 3324 c.
1225 3280 1266 3324 11:
1285 3261 1324 3322 Si
1341 3259 1462 3322 dubitat

188 3347 353 3450 (medicus)
343 3348 410 3422 ide
431 3347 597 3422 medicabo,
619 3366 659 3406 an
676 3345 781 3408 debeat
799 3346 894 3410 obesse
907 3358 961 3410 aut
976 3350 1125 3431 prodesse,
1146 3348 1226 3410 male
1242 3351 1321 3429 fucit
1340 3347 1458 3428 doado,

188 3441 258 3521 quio
274 3439 306 3498 t'n
322 3436 413 3499 dubio
423 3437 528 3518 potius
540 3433 626 3497 debet
641 3435 794 3498 dimittere
808 3437 990 3519 infimum
977 3459 1009 3498 m
1024 3456 1115 3498 manu
1131 3435 1296 3498 Creatorcs.

665 3640 840 3714 CAPUT
865 3639 970 3714 VIII

533 3835 579 3884 DE
604 3831 897 3885 OBLIGATIONIBUS
923 3833 1106 3883 CUSTODUM

226 3985 275 4044 35.
293 4015 332 4024 -
344 3983 490 4045 Custodes
506 3981 530 4042 ii
544 3988 634 4056 sunt,
648 3982 702 4062 qui
716 3978 860 4042 cucuma
881 3979 1047 4055 silvarum,
1069 3999 1224 4060 agrorum,
1240 3985 1316 4050 etc..
1337 3980 1456 4044 aPrin·

185 4068 249 4150 cipe
267 4069 314 4130 vel
332 4088 350 4130 a
370 4070 608 4145 communitate,
626 4069 673 4131 vel
693 4088 711 4131 a
730 4068 853 4132 domiuo
875 4067 995 4148 privato
1016 4069 1235 4149 preficiuntur.
1258 4073 1370 4132 Praeter
1390 4085 1455 4150 pec-

184 4164 288 4220 catum
308 4158 390 4238 quod
410 4158 597 4237 negligenter
618 4156 815 4220 custodIeudo
832 4157 1030 4220 committunt
1051 4164 1156 4220 contra
1174 4161 1403 4240 juramentum,
1429 4155 1457 4219 si

182 4246 307 4310 forteco
324 4245 499 4344 adigantur,
514 4245 605 4308 utfit
622 4245 657 4307 in
675 4245 872 4326 Gallia(Cod.
889 4245 980 4320 Situ,
997 4265 1026 4307 c.
1044 4246 1087 4322 5),
1104 4251 1347 4327 peccantcontra
1361 4244 1456 4327 justi-

183 4335 261 4397 tiam
282 4339 451 4396 commutat
452 4331 536 4396 ivam
561 4353 632 4415 erga
650 4334 877 4410 damnificatos;
903 4341 934 4398 et
959 4333 991 4396 in
1013 4335 1281 4399 damnificandum
1303 4333 1456 4396 detectum

183 4428 328 4486 tenentur
347 4424 384 4486 de
402 4421 524 4484 damnis
543 4423 735 4504 culpabiliter
749 4441 811 4486 non
830 4421 970 4552 impedit
961 4442 988 4485 ιε
995 4425 1187 4504 ,praesertim
1205 4421 1454 4504 insequentibus

183 4511 323 4576 casibus:
