3198 5036
638 212 684 257 ns
703 207 954 256 rucuanrsrrs
1367 207 1434 267 169

199 320 288 404 ceap.
301 325 335 383 10
350 339 358 382 :
375 322 410 382 ln
425 321 617 398 necessitate,
633 341 663 384 r.
681 340 740 403 gr„
756 326 794 384 ut
807 319 958 384 morituro
974 320 1171 386 ministretur
1185 324 1355 405 Viaticum,
1372 351 1433 413 quo

153 425 231 472 casu
243 409 347 471 liceret
358 408 451 472 ctiam
465 411 567 473 media
580 416 668 474 nocte
682 409 840 472 celebrare.
853 413 887 472 80
896 408 956 474 Ubi
968 417 1014 472 est
1027 427 1094 473 mos
1108 411 1312 492 rationabilis,
1323 437 1354 480 v.
1371 439 1429 500 gn,

153 502 194 561 ut
208 496 329 579 opifices
344 501 374 560 et
386 497 494 562 tunuli
509 517 631 564 summo
649 517 741 562 mane
759 498 878 580 possint
901 499 1027 562 Sacrum
1048 500 1163 563 audire.
1181 507 1214 566 3⁰
1226 503 1265 566 Vi
1279 505 1434 591 privilegii

152 605 174 650 a
197 591 277 667 Papa
298 586 431 650 concessi
451 589 498 650 vel
519 588 671 652 facultatis
690 587 729 650 ab
750 587 911 668 Episcopo,
928 587 1094 652 autetiam
1112 609 1130 652 a
1147 589 1273 655 Pralato
1294 595 1434 676 religioso

153 675 260 756 quoad
288 674 444 750 subditas,
471 675 505 739 in
531 695 604 740 casu
630 676 733 758 aliquo
762 674 938 756 particulari
963 677 1041 740 data
1067 677 1242 742 rationabili
1267 682 1303 745 de
1331 702 1431 748 causa.

151 768 191 828 40
203 764 332 841 Quando
347 781 432 826 secus
446 783 559 846 magna
571 784 643 848 pars
655 764 760 848 populi
773 764 866 828 Missa
877 771 1006 840 careret;
1021 785 1059 828 ex
1074 784 1165 829 causa
1178 766 1315 846 itineris,
1328 773 1434 838 solem-

150 851 255 916 nioris
269 852 398 934 alicujus
421 853 554 930 funeris,
570 853 738 929 concionis,
754 852 883 934 publicae
903 853 1148 935 supplicationis,
1165 856 1333 923 collationis
1347 862 1433 926 Ordi-

150 959 248 1017 num,
262 940 372 1004 saltem
386 960 440 1023 per
451 960 548 1006 unam
563 949 618 1006 aut
633 943 760 1006 alteram
773 942 892 1005 horam.
909 977 949 988 -
970 941 1040 1006 Vide
1054 942 1089 1005 S.
1105 943 1188 1026 bip„
1205 967 1235 1008 a.
1252 951 1312 1012 313
1330 959 1431 1034 etseq.

197 1032 300 1107 Ques.
314 1034 348 1094 30
362 1029 454 1106 Quale
471 1041 628 1115 peccatum
647 1033 689 1094 sit
710 1029 860 1093 celebrare
882 1029 1006 1094 Missam
1026 1041 1096 1094 ante
1109 1033 1314 1100 recitationem
1331 1038 1434 1102 Motu·

154 1117 241 1180 tici?

197 1207 287 1290 Resp.
296 1207 491 1271 Probabilics
506 1215 553 1272 est
564 1215 721 1290 peccatum
733 1210 850 1274 veniale
864 1217 999 1284 tantum,
1014 1209 1088 1290 quia
1099 1209 1134 1274 in
1144 1210 1200 1275 hoc
1211 1213 1297 1277 nulla
1307 1222 1431 1296 apparet

153 1295 261 1376 gravis
276 1297 478 1373 deordinatio,
489 1297 551 1361 nisi
566 1318 603 1361 ex
615 1305 794 1380 contemptu
807 1307 837 1363 et
850 1297 1052 1363 habitualiter
1063 1298 1177 1380 absque
1188 1301 1251 1364 ulla
1262 1320 1353 1366 causa
1367 1303 1431 1368 liat.

152 1389 255 1450 Causa
268 1393 373 1450 autem
389 1387 533 1468 quaelibet
543 1387 736 1452 rationabilis
750 1389 788 1453 ob
802 1389 888 1453 omni
901 1394 1021 1470 peccato
1035 1393 1168 1452 excusat.
1179 1426 1220 1436 —
1234 1391 1284 1454 Itc
1297 1391 1331 1454 S.
1347 1393 1431 1476 Lip„

151 1493 223 1537 cam
230 1473 305 1536 aliis
317 1477 526 1538 communiter.

196 1567 267 1628 383.
282 1598 324 1610 -
339 1565 555 1640 01111011
572 1565 662 1628 liceat
673 1567 783 1648 acepicc
796 1566 830 1629 in
845 1567 896 1628 die
912 1565 1085 1628 celebrare?

198 1652 292 1733 Bcsp.
312 1651 391 1733 Nep.
409 1653 577 1734 ceneratim
596 1654 743 1736 loquendo
764 1673 802 1717 ex
820 1653 969 1717 hodierna
984 1653 1070 1734 prati
1093 1655 1246 1730 Ecclesiae,
1269 1657 1339 1720 licet
1359 1658 1433 1722 olim

153 1738 349 1820 prohibitum
368 1757 431 1802 non
452 1741 554 1804 hrerit.
570 1745 695 1805 Constat
713 1761 752 1804 ex
765 1741 860 1804 variis
873 1741 946 1804 locis
958 1741 1043 1804 luris
1057 1759 1124 1805 can.
1140 1747 1170 1805 et
1186 1762 1224 1806 ex
1239 1748 1360 1807 Decreto
1377 1750 1433 1810 Bc-

153 1826 228 1889 ned.
243 1827 322 1900 XIV,
339 1832 378 1891 16
392 1827 495 1892 Martii
510 1832 600 1892 1116.

197 1914 310 1996 Excipe
324 1920 357 1978 10
371 1916 486 1980 festum
499 1916 678 1982 Natiuitatis
697 1917 835 1993 Domini,
849 1917 958 2000 inquo
978 1916 1049 1980 licet
1066 1917 1214 1982 celebrare
1228 1925 1290 1982 tres
1303 1921 1428 1999 Missas;

152 2005 190 2066 2⁰
202 2003 235 2066 Si
250 2007 355 2068 Pastor
368 2011 439 2068 ante
454 2005 641 2069 ablutionem
655 2012 818 2070 moneatur
828 2009 865 2070 de
877 2005 1131 2070 communicando
1144 2007 1282 2082 infirmo,
1298 2015 1328 2071 et
1341 2029 1431 2074 suam

148 2093 219 2173 jam
233 2093 373 2156 Hostiam
387 2094 565 2175 sumpserit,
581 2111 636 2158 nec
650 2095 729 2158 alius
744 2095 885 2160 Sacerdos
896 2096 1021 2178 jejunus
1032 2094 1212 2176 reperiatur.
1229 2132 1270 2142 —
1281 2096 1333 2159 Ita
1348 2117 1429 2160 com-

152 2184 298 2243 muniter.
316 2217 355 2227 -
371 2183 407 2244 S.
419 2183 490 2263 qu.
506 2203 538 2244 rr.
555 2187 624 2247 351.

194 2271 297 2397 Qupa.
313 2274 347 2334 5⁰
363 2271 557 2348 Occcdoccm
577 2271 664 2334 liccat
682 2273 805 2335 Missam
821 2273 864 2335 dis
877 2273 911 2336 ic
924 2271 975 2335 die
992 2272 1140 2338 celebrare
1152 2273 1188 2336 de
1203 2274 1327 2338 licentia
1343 2275 1428 2358 Epi-

151 2377 251 2440 scopa.

194 2447 299 2530 Resp:
308 2449 506 2512 Pennittente
518 2449 664 2531 Episcopo
675 2449 769 2514 Missa
781 2449 830 2512 bis
844 2451 882 2512 ah
894 2450 999 2513 eodem
1009 2451 1166 2514 Sacerdote
1179 2451 1322 2516 celebrari
1331 2457 1430 2535 potest

152 2535 263 2599 dicbus
276 2537 443 2600 Dominicis
457 2543 487 2600 et
501 2538 588 2601 festis
603 2539 639 2602 de
654 2543 810 2620 praecepto,
823 2538 849 2601 si
864 2538 966 2619 gravis
980 2557 1071 2602 causa
1083 2557 1137 2602 scu
1151 2541 1254 2622 aliqua
1265 2541 1430 2606 necessitas

150 2623 187 2686 id
198 2623 312 2704 exigat3
326 2644 388 2689 non
400 2645 471 2690 sero
485 2626 523 2689 ob
539 2628 634 2690 solam
646 2626 911 2690 consuetudinem.
926 2662 966 2673 -
979 2629 1089 2691 Bened.
1107 2630 1187 2704 XIV,
1201 2633 1304 2693 donst.
1322 2630 1431 2694 Decla-

151 2713 232 2776 rcsti
242 2714 342 2794 11111,
360 2719 390 2777 et
402 2719 505 2778 Const.
519 2715 701 2780 consuluisti
714 2715 751 2779 de
763 2714 903 2778 celebrat.
921 2717 1031 2780 Mssa.
1045 2715 1119 2779 Fuit
1130 2725 1234 2780 autem
1250 2719 1429 2799 reprobatus

150 2803 215 2864 aS.
230 2805 262 2865 C.
277 2803 338 2868 itit.
355 2803 470 2867 abusus
484 2802 532 2866 bis
547 2804 717 2868 celebrandi
729 2804 764 2866 in
779 2805 885 2867 eadem
898 2804 1032 2881 ecclesia,
1043 2803 1076 2866 in
1091 2823 1153 2885 qua
1160 2808 1226 2886 jam
1237 2805 1327 2886 plura
1339 2807 1430 2870 Sacra

148 2889 231 2953 iacta
247 2890 385 2966 lucrant,
401 2895 431 2954 et
448 2891 509 2954 luit
527 2911 726 2974 responsum:
742 2891 813 2956 Non
831 2891 969 2975 expedit,
986 2901 1016 2954 et
1033 2901 1076 2955 est
1095 2892 1204 2954 abacos
1226 2892 1428 2957 eliminandas

151 2977 209 3060 (Ei
223 2979 296 3044 Maii
310 2987 341 3043 et
353 2985 387 3044 11
402 2982 485 3061 Sept.
503 2981 608 3064 1811).

189 3070 292 3145 Quas.
307 3073 340 3132 60
357 3069 552 3145 Ouccdoncm
565 3078 721 3132 censeatur
734 3069 835 3132 adesse
850 3071 1008 3132 necesitas
1022 3068 1067 3132 bic
1080 3069 1114 3132 ic
1128 3068 1180 3132 dic
1194 3067 1388 3132 celebrandi?

193 3157 282 3240 Κεφ.
293 3177 306 3220 .·
316 3159 351 3219 11
364 3155 476 3238 triplici
493 3175 566 3220 casu
576 3159 665 3239 juxta
679 3175 874 3220 communem
889 3158 1099 3238 theologorum
1113 3157 1308 3234 sententiam,
1320 3175 1429 3240 nempe

153 3251 187 3309 10
202 3263 275 3310 cum
289 3246 441 3309 Paroohus
453 3246 530 3309 duas
547 3245 640 3309 hahet
657 3246 814 3327 parochias
828 3246 985 3326 regendas,
999 3264 1055 3309 nec
1066 3247 1171 3310 incola
1184 3246 1279 3310 unius
1292 3245 1326 3309 in
1340 3247 1429 3310 eccle

151 3333 232 3398 siam
242 3335 369 3398 alterius
384 3353 415 3397 se
429 3333 563 3398 conferre
576 3341 716 3416 possunt,
733 3351 787 3397 nec
800 3334 933 3398 habetur
945 3333 1030 3416 copia
1042 3334 1168 3399 alterius
1183 3333 1363 3410 Sacerdotis,
1373 3335 1429 3417 qui

150 3423 187 3486 in
200 3423 347 3487 alterutra
361 3423 510 3488 celebrare
524 3429 631 3504 queam
648 3427 682 3486 10
696 3439 768 3485 cum
785 3421 820 3484 in
839 3423 945 3485 eadem
964 3422 1106 3503 parochia
1123 3423 1226 3504 aliqum
1239 3441 1309 3505 pars
1322 3423 1429 3503 populi

150 3511 248 3575 nimis
263 3512 359 3576 distat
372 3511 410 3575 ab
425 3511 562 3588 ecclesia,
580 3518 610 3575 ct
625 3510 712 3574 facile
726 3509 887 3574 convenire
902 3517 1005 3592 posset
1017 3509 1052 3573 in
1069 3510 1191 3594 aliquod
1205 3511 1365 3586 sacellum,
1380 3511 1429 3574 vel

153 3600 189 3663 in
202 3601 295 3664 aliam
310 3599 480 3676 ecclesium
495 3601 533 3664 ad
547 3600 731 3682 Episcopum
747 3599 973 3679 Lingonensem
991 3617 1042 3661 an.
1058 3604 1147 3675 1811,
1160 3615 1342 3680 responsum
1354 3598 1426 3674 fuit,

152 3687 239 3752 adid
253 3689 402 3765 sufficere,
418 3689 445 3752 si
464 3689 669 3753 communitas
687 3688 791 3770 aliqua
805 3691 946 3750 constans
960 3686 1072 3768 viginti
1086 3687 1223 3770 personis
1236 3706 1300 3750 uno
1315 3685 1428 3750 millia-

150 3776 197 3841 rio
210 3777 248 3841 ab
259 3779 380 3841 ecclesia
389 3777 481 3841 distet
495 3779 611 3860 (Recce
623 3778 808 3840 desieieccec
817 3775 1062 3859 ecclesiasticum,
1079 3786 1149 3838 tom.
1159 3774 1325 3852 Vl,Juillct
1336 3779 1426 3852 l862,

148 3886 182 3948 p.
198 3867 391 3949 93,911;-
408 3871 440 3932 30
457 3885 528 3930 cum
550 3867 680 3949 populus
698 3867 733 3929 in
751 3864 907 3929 ecclesiam
925 3863 1128 3946 parochialem
1147 3863 1242 3927 nimis
1263 3870 1427 3944 angustam

151 3955 303 4018 confluere
314 3961 397 4019 totus
411 3973 474 4019 non
487 3960 597 4036 potest,
613 3973 669 4018 nec
680 3955 766 4018 adest
777 3953 856 4017 alius
868 3954 1019 4028 Sacerdos,
1036 3953 1090 4035 qui
1104 3953 1198 4016 aliam
1209 3951 1336 4016 Missam
1353 3953 1427 4016 cele-

151 4041 241 4106 brare
258 4045 355 4126 possit
369 4061 377 4106 :
393 4049 469 4107 tunc
488 4042 573 4106 enim
593 4043 760 4124 Episcopus
780 4041 912 4105 Pamcho
933 4039 1111 4124 permittere
1129 4047 1244 4123 potest,
1266 4047 1303 4104 ut
1325 4040 1374 4104 bis
1393 4040 1427 4103 in

151 4131 257 4196 eadem
273 4131 395 4195 ecclesia
408 4134 535 4194 Sacrum
548 4130 649 4194 iaciat.
662 4165 703 4178 -
726 4130 758 4195 V.
775 4130 896 4208 Bocic,
914 4129 950 4192 de
967 4128 1123 4208 Pcroclto,
1141 4151 1172 4191 rr.
1189 4135 1259 4196 170.
1273 4165 1313 4176 --
1328 4129 1428 4191 lleoce

152 4219 201 4284 dec
215 4222 344 4284 sciecces
357 4220 595 4302 ecclesiasticum
601 4265 612 4298 ,
623 4219 699 4282 idid.

142 4371 145 4378 .
190 4313 293 4387 Quen.
318 4316 352 4373 '1⁰
380 4310 433 4372 Aa
455 4308 509 4392 qui
531 4307 616 4371 hince
636 4308 745 4372 Missas
766 4307 895 4372 celebrat
912 4310 1007 4391 poscit
1031 4305 1219 4389 duplicatum
1241 4305 1427 4390 stipendium

149 4397 306 4478 accipere?

190 4487 286 4570 casp.
312 4485 407 4569 Ne9.;
434 4487 527 4569 idque
552 4484 655 4550 stricte
687 4485 847 4568 prohibuit
870 4485 943 4550 Pius
969 4487 1020 4550 lll.
1048 4517 1088 4535 -
1110 4483 1160 4548 Itc
1186 4485 1221 4548 S.
1251 4483 1288 4548 C.
1317 4483 1425 4560 Coae,
