3224 5044
622 267 664 310 DE
685 265 914 310 uavntnonvo

643 475 819 552 CAPUT
851 476 890 550 11

427 649 477 698 DE
502 647 733 698 BANNORUM
760 646 1109 696 PROCLAMATIONE

166 795 314 857 Bonnam
330 799 376 856 est
390 813 450 856 vox
465 792 649 874 germanica,
666 811 735 874 quae
749 793 830 855 idem
849 792 999 872 significat
1015 811 1049 855 aa
1062 793 1258 872 proclamatio
1271 793 1401 874 publica.

123 891 238 949 Banna
259 883 357 964 igitur
377 889 451 945 sunt
470 882 599 962 publicae
614 881 878 954 denuntiationem
893 881 1006 963 quibus
1027 881 1127 944 fideles
1146 882 1351 945 admonentur
1367 883 1403 946 de

122 971 327 1038 Matrimonia
340 971 422 1034 inter
435 977 532 1033 certas
546 971 664 1051 aliquas
678 989 821 1052 personas
835 971 1049 1033 contrahendo.

167 1062 331 1143 Apeadam
344 1061 420 1122 l⁰de
432 1058 611 1122 necessitate
622 1059 811 1134 bannorum;
826 1096 866 1104 -
879 1063 913 1122 90
927 1061 963 1122 de
975 1078 1081 1122 eorum
1093 1055 1348 1138 circumstantum
1364 1097 1404 1107 —-

122 1157 159 1216 3⁰
175 1153 216 1216 de
232 1151 407 1214 eorumdem
423 1147 663 1227 dispensatione;
680 1153 766 1211 -10
781 1149 817 1211 de
833 1147 1122 1230 impedimentorum
1138 1148 1329 1212 revelatione.

649 1328 863 1391 ARTICULUS
883 1329 895 1388 1

547 1483 584 1526 'bn
609 1482 807 1527 NECESSITATE
827 1482 990 1527 Brinnonem

277 1619 498 1699 Princlpla.

169 1767 245 1825 vat.
260 1797 298 1806 —
313 1762 336 1821 I.
353 1763 398 1821 Ex
415 1765 563 1839 praecepto
578 1757 715 1820 Ecclesiae
730 1757 831 1836 gravis
845 1761 891 1820 est
906 1757 1051 1836 obligatio
1070 1757 1172 1819 banna
1185 1757 1402 1836 proclamandi.

124 1852 259 1914 Constat
274 1853 303 1910 10
317 1848 354 1909 de
369 1853 513 1927 praecepto
532 1865 569 1908 ox
588 1846 680 1908 Cone.
697 1846 799 1906 Later.
816 1845 836 1906 l
843 1845 874 1919 V,
888 1853 919 1908 et
937 1864 975 1908 ex
995 1846 1083 1908 Coae.
1101 1845 1200 1921 Tria,
1214 1863 1283 1906 seso.
1298 1847 1403 1920 XXIV,

125 1959 155 1998 c.
173 1955 198 1999 1.
214 1973 253 1982 -
267 1939 394 1998 Constat
407 1940 440 1998 90
452 1936 489 1997 de
506 1934 690 2014 obligatione
704 1934 801 2014 gravi,
818 1933 891 2015 quia
906 1933 1065 2014 disciplina
1084 1933 1230 2012 generalis
1248 1951 1266 1994 a
1286 1934 1406 1996 duobus

125 2024 276 2089 conciliis
295 2024 487 2104 generalibus
501 2023 693 2104 prascripta,
708 2023 912 2104 gravibusque
924 2022 1050 2086 motivis
1062 2022 1179 2098 innixa,
1190 2040 1312 2102 gravem
1327 2021 1407 2102 parit

126 2113 363 2194 obligationem.
947 2129 966 2172 o

171 2206 211 2266 11.
234 2201 434 2264 Proclamatio
457 2203 631 2264 bannorum
658 2219 720 2262 non
749 2201 919 2282 requiritur
945 2221 983 2264 ex
1006 2200 1184 2264 necessitate
1208 2201 1405 2264 Sacramenti.

128 2289 223 2358 Ratio
232 2297 288 2364 est,
301 2291 374 2370 quia
384 2308 438 2352 nec
453 2289 619 2352 Concilium
630 2288 849 2360 Tridentinnm,
862 2308 917 2352 nec
931 2289 1096 2354 Concilium
1107 2289 1317 2368 Lateroaenoe,
1328 2289 1410 2371 quod

129 2381 221 2463 prius
237 2379 319 2442 idem
334 2381 523 2458 praeceperat,
540 2377 636 2440 ullam
648 2377 774 2457 apponit
788 2378 955 2442 clausulam
969 2378 1155 2441 irritantem.
1165 2380 1255 2442 Nulla
1268 2397 1337 2442 vero
1350 2376 1408 2441 alia

128 2470 182 2531 lex
203 2467 290 2530 citari
310 2474 424 2548 potest,
441 2486 477 2529 ex
501 2485 562 2548 qua
582 2471 714 2540 constet,
732 2467 1000 2547 proclamationem
1021 2467 1135 2548 requiri
1159 2467 1198 2528 ad
1216 2468 1406 2531 validitatem

129 2556 331 2620 Matrimonii.

256 2709 450 2785 Quaeslta.

174 2847 244 2906 735.
269 2878 310 2888 -
332 2845 433 2916 Quian.
464 2849 496 2904 10
521 2844 569 2903 Aac
601 2863 700 2904 omnes
731 2849 914 2904 contrectari
939 2831 1187 2927 proclamationis
1216 2841 1280 2924 lepc'
1306 2843 1408 2924 subji-

128 2932 273 2994 cientur?

174 3021 266 3102 lleap.
278 3021 301 3080 A
309 3019 418 3100 sfirm,
433 3019 507 3098 quia
518 3020 566 3080 lex
583 3025 630 3080 est
641 3019 767 3082 omnino
783 3021 941 3099 generalis.
953 3058 992 3067 —
1001 3025 1047 3083 Ex
1056 3040 1117 3084 usu
1130 3026 1235 3083 tamen
1249 3017 1406 3098 excipiun-

130 3119 187 3173 tur
199 3107 364 3188 Principes,
379 3107 452 3188 quia
469 3125 575 3168 eorum
593 3125 689 3186 genus
704 3109 779 3170 satis
792 3115 902 3171 notum
914 3113 969 3182 est,
988 3115 1020 3171 et
1031 3109 1184 3172 ordinarie
1196 3107 1271 3170 satis
1285 3106 1406 3188 publiea

132 3203 209 3260 sunt
223 3196 386 3259 connubia.
403 3195 513 3275 Excipe
530 3195 624 3258 etiam
638 3214 743 3257 casum
758 3196 958 3270 necessitatis,
976 3217 1006 3258 v.
1024 3216 1082 3276 gn,
1099 3197 1210 3278 siquis
1231 3194 1322 3258 morti
1338 3213 1405 3274 pro-

132 3287 239 3348 ximus
260 3285 463 3348 concubinam
487 3283 595 3346 ducere
619 3282 708 3346 vellet
728 3285 765 3346 ad
784 3285 898 3365 prolem
921 3284 1167 3364 legitimandam‚
1185 3290 1216 3347 et
1236 3282 1405 3364 periculum

131 3381 213 3438 esset
232 3374 266 3436 in
282 3392 378 3436 mora.
393 3372 521 3434 -Vide
535 3372 687 3445 Ferraria,
709 3371 806 3446 Bata,
824 3374 863 3435 ad
881 3373 1010 3436 verbum
1029 3373 1277 3435 Denuntiatv'ones
1295 3371 1405 3433 Matri-
1467 3421 1470 3432 .

132 3483 238 3525 monac.

174 3555 277 3628 Quian.
295 3556 329 3614 90
341 3551 390 3611 An
406 3561 509 3634 peccet
525 3553 661 3632 praviter
678 3551 838 3612 Poroaltas
854 3555 992 3613 omittens
1011 3550 1277 3620 denuntiationem,
1293 3548 1322 3608 si
1332 3549 1407 3618 scial

132 3640 251 3702 nnllam
266 3641 366 3703 adesse
380 3640 645 3722 impedimentum?

177 3729 262 3811 lteep.
284 3731 411 3812 Affirm.
431 3730 519 3793 Ratio
542 3737 604 3804 est,
623 3736 656 3793 10
678 3729 750 3812 quia
770 3729 889 3793 difficile
907 3731 1059 3796 Paroobus
1078 3727 1205 3792 omnino
1224 3733 1325 3789 certus
1343 3744 1407 3788 esse

134 3824 245 3899 potest,
263 3819 385 3882 nullum
400 3819 505 3881 adesse
517 3819 704 3884 Matrimonii
719 3819 992 3900 impedimentum;
1008 3824 1042 3882 90
1057 3819 1139 3899 quia,
1150 3815 1272 3880 etiamsi
1286 3814 1405 3876 nullum

133 3913 277 3988 appareat
293 3907 551 3988 impedimentum
572 3915 644 3972 ante
662 3909 837 3971 bannorum
856 3909 1140 3989 proclamationem,
1155 3905 1221 3968 fieri
1240 3909 1353 3984 potest,
1371 3910 1407 3964 ut

132 3996 173 4058 iis
198 3995 392 4076 proclamatis
414 3996 536 4076 aliquod
561 3997 770 4079 superveniat;
793 4005 826 4062 30
845 3997 918 4079 quia
941 4017 1002 4061 non
1024 4002 1119 4060 cessat
1141 3996 1205 4068 lex,
1230 4010 1321 4056 eausa
1340 3993 1405 4071 ejus

132 4083 219 4147 finali
233 4089 368 4145 cessante
387 4083 419 4145 in
435 4103 507 4146 casu
525 4085 700 4166 particulari
720 4092 854 4150 tantum.
871 4123 910 4132 -
929 4086 1035 4148 Recole
1056 4086 1135 4146 dicta
1158 4093 1224 4145 toan.
1242 4084 1269 4154 I,
1286 4102 1316 4142 n.
1332 4084 1401 4152 191,

134 4175 237 4248 Quoer.
257 4171 387 4233 l.-S.
402 4172 484 4253 Lep,
500 4178 616 4238 mittit).

174 4263 275 4336 Quen.
296 4269 329 4325 3⁰
342 4259 389 4320 An
407 4271 508 4341 peccet
527 4264 663 4340 praviter
686 4261 839 4326 Par-oolam
853 4268 881 4325 ei
894 4284 982 4325 anam
1003 4273 1118 4325 tantam
1138 4261 1404 4344 proclamationem

132 4355 196 4412 sine
210 4351 427 4432 dispensatione
442 4351 584 4412 omittat?

174 4441 264 4523 Respa.
277 4459 289 4500 .·
310 4437 565 4502 Controuertitar.
582 4439 753 4527 ²Affirmant
778 4441 846 4515 alii,
874 4443 945 4524 quia
968 4443 1162 4522 proclamatio
1181 4461 1243 4506 una
1265 4460 1281 4503 e
1305 4438 1405 4501 tribus

134 4534 218 4598 velut
240 4551 309 4614 pars
332 4531 433 4612 gravis
457 4531 550 4594 totitas
571 4532 710 4614 praecepti
731 4533 870 4596 habenda
888 4541 944 4596 est.
964 4539 1079 4614 Negant
1098 4553 1168 4599 vero
1188 4534 1255 4607 alii,
1272 4545 1405 4613 quorum
