3220 5042
500 214 543 259 nu
563 213 801 260 sacramanto
821 215 1058 261 recursuum
1346 201 1415 264 189

144 329 205 392 lert
227 343 353 391 sensum
377 325 476 388 ullum
499 324 756 399 determinatum,
780 331 812 388 et
832 325 867 388 in
888 326 1011 388 nullum
1034 323 1207 406 subjectum
1228 324 1324 403 cadit3
1343 344 1414 410 ergo

145 415 254 498 nequit
267 431 332 478 esse
343 413 441 478 forma
450 412 561 476 valida.

180 505 271 586 Resp.
296 504 334 566 ad
353 507 407 566 2¹²
426 500 554 584 affirm.
572 503 777 586 probabilius,
799 510 836 566 ut
851 501 974 565 videtur
990 503 1098 565 saltem
1116 502 1309 582 speculative.
1324 505 1416 570 Ratio

141 598 202 668 est,
218 592 294 674 quia
314 590 364 654 his
383 589 484 654 verbis
501 589 673 672 subjectum
692 591 875 655 sufficienter
891 589 1125 665 determinatur,
1141 607 1310 670 pronomen
1330 592 1415 655 enim

142 691 168 745 te
181 680 259 746 satis
277 678 462 762 exprimitur
479 679 515 741 in
533 680 625 744 verbo
647 683 716 742 tuis.
733 717 772 726 -
787 681 836 741 lta
850 681 951 762 Lupa,
968 679 997 741 sl.
1014 698 1086 755 xnr,
1100 699 1132 739 a.
1152 681 1202 742 26.
1218 716 1258 725 —
1271 681 1306 742 S.
1328 681 1413 764 Lip,

139 791 171 834 a.
187 775 264 845 tac,
278 781 313 830 at
321 767 531 852 probabilius,
552 776 609 832 etc.
630 775 748 851 Negant
763 775 868 832 auteur
886 787 949 832 non
966 767 1071 850 pauci,
1093 785 1226 848 quonum
1244 770 1413 846 sententia,

139 866 177 922 ut
189 859 236 922 ait
250 863 281 923 S.
298 857 409 939 uigor,
427 857 518 933 itta,
534 863 640 939 utpote
654 859 752 922 tutior
764 858 917 938 sequenda
928 863 985 920 est.

180 949 272 1030 Rasp.
295 948 333 1009 ad
354 951 409 1010 3⁰¹⁶
427 946 556 1029 Affirm.
579 947 782 1028 probabilius,
805 964 877 1009 cum
890 945 1044 1008 sententia
1057 937 1226 1008 communi.
1246 947 1336 1012 Ratio
1350 952 1412 1024 est,

138 1037 216 1118 quia
237 1041 321 1100 totus
340 1035 466 1098 effectus
489 1037 677 1099 Sacramenti
697 1037 730 1098 in
750 1035 802 1099 his
821 1034 923 1097 verbis
943 1033 1138 1115 exprimitur,
1155 1033 1232 1116 quin
1250 1037 1415 1099 addatura

136 1127 272 1208 peccatis
287 1123 402 1186 tais-
409 1129 557 1188 Praeterea
566 1125 689 1188 videtur
698 1131 836 1188 constare
845 1123 938 1186 etiam
952 1142 990 1186 ex
1004 1122 1189 1186 Cateebismo
1203 1121 1295 1186 Caua.
1310 1124 1411 1204 Tria,

139 1214 189 1276 De
206 1214 293 1277 Sacr.
320 1213 448 1286 Paruit,
473 1234 504 1274 a.
527 1219 580 1289 19,
599 1213 787 1277 ubidicitur
807 1218 950 1274 tantum:
967 1212 1028 1273 Est
1047 1221 1147 1274 aulem
1165 1211 1289 1293 farrea:
1302 1217 1364 1277 Eoo
1378 1231 1417 1277 tn

137 1304 292 1366 Aesonio.
309 1305 348 1363 Et
360 1300 440 1364 nihil
454 1302 539 1364 aliud
553 1301 597 1364 ibi
611 1303 744 1365 additur.
758 1337 800 1348 -
818 1301 997 1382 lloacapls'a,
1013 1300 1114 1383 Lupa,
1135 1307 1193 1364 etc.
1209 1335 1250 1348 —
1269 1307 1336 1365 Non
1354 1301 1415 1364 im-

138 1391 337 1472 probabiliter
355 1395 460 1453 tamen
479 1397 593 1470 negant
612 1391 754 1454 nonnulli
777 1408 849 1454 cum
878 1391 1026 1466 Laeroia,
1051 1394 1083 1452 et
1105 1388 1178 1452 huic
1197 1389 1357 1454 sententia
1379 1387 1416 1452 in

138 1479 229 1558 praxi
243 1479 391 1542 standum
405 1485 461 1542 est.

179 1569 282 1643 Quen.
296 1571 330 1629 2⁰
342 1569 393 1628 Aa
403 1567 506 1629 ualida
517 1568 557 1629 sit
569 1569 671 1649 [arma
688 1569 919 1652 deprecatoria:
937 1589 964 1630 a.
978 1589 1041 1650 qr,
1057 1567 1203 1629 Absoluat
1216 1577 1244 1628 te
1259 1567 1355 1629 Deus?

99 1707 102 1714 ,
179 1655 271 1737 Resp.
287 1655 366 1736 Nep.
383 1656 490 1717 saltem
500 1656 689 1737 probabilius
701 1675 773 1720 cum
788 1657 823 1718 S.
838 1657 920 1734 Lip..
937 1677 968 1716 n.
981 1661 1056 1732 tac,
1072 1693 1112 1701 -
1129 1657 1272 1733 Mucia,
1288 1675 1319 1716 n.
1336 1659 1413 1732 639,

138 1751 169 1805 et
181 1743 254 1804 aliis
276 1743 525 1805 communissima.
537 1779 575 1790 -
587 1744 677 1808 Ratio
697 1749 761 1820 est,
777 1745 851 1824 quia
869 1747 1100 1806 Sacramentum
1118 1743 1309 1806 Paenitentia
1324 1743 1416 1806 insti-

138 1835 250 1892 tutum
267 1836 315 1891 est
330 1847 382 1910 per
400 1831 527 1892 modum
543 1832 669 1912 judicii;
690 1831 818 1911 proinde
834 1831 932 1893 voluit
950 1830 1105 1904 Christus,
1127 1837 1165 1892 ut
1184 1831 1327 1894 Sacerdos
1347 1838 1415 1893 tan-

139 1935 239 1998 quam
253 1919 352 1998 judex
374 1916 466 1981 ferret
484 1919 685 1996 sententiam,
706 1925 738 1982 et
756 1919 835 1982 banc
852 1918 1053 2000 exprimeret:
1069 1937 1138 2000 ergo
1157 1925 1279 1998 peccata
1296 1917 1416 1982 remitti

139 2006 255 2070 debent
268 2005 307 2068 ab
321 2005 388 2086 ipso
401 2009 559 2070 Sacerdote
574 2015 723 2088 tanquam
730 2007 844 2072 Christi
855 2006 1016 2084 ministro;
1032 2025 1102 2088 ergo
1117 2024 1179 2070 non
1193 2004 1319 2084 sufficit,
1333 2008 1414 2088 quod

137 2097 237 2157 Deum
250 2095 437 2174 deprecetur,
454 2103 492 2158 ut
505 2115 540 2159 ea
556 2096 706 2160 remittat.
722 2100 814 2177 Ergo,
829 2103 883 2160 etc.
898 2099 1025 2178 Insuper
1038 2114 1076 2158 ex
1090 2096 1181 2158 Cone.
1197 2095 1336 2157 Floreat.
1353 2096 1416 2158 sola

139 2182 239 2246 forma
251 2181 434 2259 indicativa,
449 2191 485 2246 ut
498 2203 571 2248 vera
582 2185 679 2248 forma
692 2185 880 2250 sacramenti
894 2184 1103 2259 Poenitentiae,
1118 2183 1337 2265 prescribitur.

179 2275 252 2334 428.
267 2307 308 2316 —
321 2273 424 2346 Quun.
441 2276 474 2336 3⁰
487 2272 535 2332 Aa
548 2275 764 2335 necessariasit
778 2274 902 2336 elevatio
915 2293 1021 2335 ananus
1034 2284 1065 2334 et
1076 2273 1225 2354 formatio
1240 2275 1322 2355 siqui
1340 2293 1413 2335 cra-

143 2359 428 2422 cist'uabsolutioue
442 2361 666 2444 impertienda?
912 2375 915 2386 ·

96 2447 99 2456 “
179 2449 273 2532 Resp.
290 2452 484 2513 1⁰:Gertum
501 2456 624 2514 estnon
642 2451 757 2532 requiri
777 2451 818 2512 ad
832 2451 1020 2513 validitatem
1037 2450 1242 2526 Sacramenti,
1265 2451 1340 2532 quia
1359 2469 1416 2515 nec

89 2564 93 2572 =
139 2539 178 2601 ad
197 2536 357 2600 materiam
373 2538 521 2618 pertinet,
538 2558 594 2602 nec
605 2539 643 2602 ad
657 2539 798 2602 formam.
819 2543 947 2603 Consmt
959 2559 998 2604 ex
1012 2540 1102 2604 Coae.
1118 2539 1255 2601 Floreat.
1268 2546 1301 2604 et
1311 2540 1414 2619 Tria„

138 2643 197 2690 nec
208 2643 270 2688 nan
284 2643 322 2688 ex
336 2625 562 2706 theologorum,
576 2629 681 2690 saltem
700 2637 768 2709 post
785 2629 902 2691 Conail.
923 2628 1073 2704 Trident,
1090 2627 1233 2691 unanimi
1252 2646 1412 2692 consensu.

179 2714 272 2794 Ilesp.
297 2719 330 2776 2⁰
343 2734 351 2776 :
365 2719 425 2778 Nec
446 2715 617 2796 requiritur
638 2717 695 2780 sub
719 2717 841 2780 mortali
867 2718 908 2779 ad
929 2717 1087 2778 lieeitutem
1106 2719 1198 2796 juxta
1218 2734 1415 2780 communem

142 2803 346 2878 sententiam,
362 2811 468 2866 contra
481 2822 612 2885 paucos;
628 2805 702 2886 quia
716 2810 762 2867 est
778 2810 902 2867 tanturn
921 2805 1073 2880 Rubriae,
1087 2823 1157 2886 quae
1171 2803 1272 2883 gravis
1287 2822 1349 2866 non
1367 2804 1414 2866 vi-

140 2891 242 2954 detur.
261 2893 326 2954 lmo
340 2891 442 2972 plures
457 2911 563 2972 graves
578 2899 715 2956 auctores
729 2901 886 2972 asserunt,
902 2893 960 2955 hoc
972 2893 1075 2956 omitti
1089 2910 1175 2974 posse
1192 2892 1259 2954 sine
1272 2899 1413 2972 peccato:

141 2979 186 3042 sic
207 2978 408 3040 Busearbaam
429 2981 544 3044 relatus
565 2987 596 3044 et
617 2980 765 3061 implicite
786 2981 971 3062 approbatus
988 3000 1006 3044 a
1026 2967 1062 3044 S.
1079 2981 1162 3064 Lep,
1175 3001 1206 3040 a.
1220 2983 1295 3055 tab,
1313 2989 1343 3040 et
1358 2981 1417 3044 alii

118 3067 242 3130 'multi
266 3068 378 3131 Saltem
398 3067 502 3130 omitti
523 3075 624 3150 potest
643 3067 709 3131 sinc
729 3073 848 3151 peccato
868 3069 997 3133 elevatio
1011 3087 1138 3144 manus,
1152 3069 1228 3132 dnm
1248 3067 1416 3130 recitantur

140 3173 244 3236 preces
258 3174 327 3237 qua
339 3155 563 3219 absolutionem
577 3156 734 3219 formalem
746 3159 930 3237 praecedunt.

180 3247 287 3321 Qumn.
302 3249 336 3308 4⁰
349 3247 401 3306 An
417 3245 567 3307 Sacerdos
581 3251 680 3327 possit
698 3246 796 3307 uulrde
813 3248 918 3328 plures
938 3246 1092 3309 absoluere
1112 3249 1205 3309 unica
1224 3247 1345 3328 forma,
1366 3245 1416 3306 di·

142 3353 209 3397 eeas
218 3353 231 3395 .·
245 3337 308 3396 Eoo
324 3352 380 3396 vas
400 3351 533 3398 restauro
549 3353 569 3397 Α
583 3352 725 3398 raccarrs
739 3337 887 3398 sacrare?

181 3421 272 3504 Resp.
289 3423 315 3483 Α
319 3423 431 3502 sirus,
444 3424 517 3503 quia
531 3423 636 3486 omnia
645 3422 794 3504 requisita
808 3425 845 3486 ad
859 3423 1051 3486 validitatem
1065 3422 1270 3505 reperiuntur.
1282 3425 1323 3485 Et
1332 3421 1416 3487 licite

143 3529 265 3592 qnoque
278 3509 312 3572 id
326 3511 392 3574 fieri
411 3519 512 3593 potest
525 3512 559 3574 in
580 3522 652 3575 casn
673 3513 877 3586 necessitatis,
894 3531 924 3575 v.
942 3531 1000 3592 gr..
1017 3511 1052 3574 in
1065 3512 1238 3593 naufragio,
1254 3518 1326 3574 anto
1339 3529 1415 3593 pras-

142 3599 239 3675 lium,
255 3601 303 3662 vel
325 3599 439 3681 inipso
453 3601 567 3683 praelio,
583 3607 653 3677 etc.;
670 3609 809 3682 essetque
823 3600 893 3664 talis
907 3600 1058 3664 absolutio
1076 3601 1254 3682 multiplex,
1272 3618 1332 3663 non
1346 3599 1416 3681 qui-

142 3688 213 3752 dem
227 3689 412 3770 formaliter,
433 3691 485 3753 sed
499 3693 675 3752 virtualiter
691 3696 724 3753 et
736 3693 962 3773 aequlualeater,
980 3695 1012 3752 et
1025 3697 1129 3752 essent
1149 3695 1196 3753 lat
1209 3695 1414 3765 sacramenta,

142 3784 220 3858 quot
244 3777 386 3841 homines
411 3777 528 3853 forent,
557 3779 611 3861 qui
640 3798 693 3861 per
720 3779 884 3860 aliqualem
908 3777 1127 3842 contessionem
1152 3785 1184 3842 et
1215 3775 1416 3840 sufficientem

142 3865 278 3929 dolorem
292 3873 394 3930 essent
406 3867 557 3949 dispositi.
574 3903 611 3915 -
629 3870 769 3944 Larroia,
785 3890 817 3931 a.
834 3873 909 3944 alb,
925 3881 953 3930 et
967 3867 1025 3930 olii
1036 3887 1145 3929 omues.

183 3953 255 4018 ἥθ’.
272 3991 312 4002 -
334 3958 437 4033 Quaen.
459 3961 493 4022 5⁰
513 3957 656 4034 Quartam
677 3962 842 4040 prasentia
859 3959 1038 4041 purulentis
1058 3966 1220 4040 reputatur
1239 3955 1361 4018 moralis
1383 3956 1417 4016 iu

144 4043 249 4110 ordiar
263 4044 303 4106 ad
317 4045 554 4107 absolutionem?

183 4131 274 4214 Besp.
292 4133 398 4197 :Talis
411 4153 476 4198 esse
489 4134 593 4210 debet,
609 4141 646 4198 ut
661 4135 753 4198 verba
769 4134 900 4197 absoluo
920 4144 961 4211 te,
977 4135 1067 4214 Juxta
1088 4125 1235 4196 m'oralem
1251 4132 1416 4197 hominum

146 4219 403 4299 estimationem,
419 4229 601 4286 censeantur
623 4224 728 4286 cadere
751 4223 785 4285 in
808 4223 1025 4304 poenitenten1;
1045 4227 1204 4304 reputatur
1221 4229 1326 4287 autem
1340 4239 1416 4302 prae-

146 4309 245 4372 sentia
258 4311 385 4374 moralis
398 4310 553 4374 sufficiens
566 4311 628 4386 illa,
645 4310 729 4375 intra
741 4329 835 4392 quam
849 4311 990 4373 homines
1001 4327 1067 4373 ram
1073 4312 1159 4374 muni
1177 4331 1261 4386 voce,
1273 4309 1417 4392 quamvis

146 4396 267 4475 altiori,
284 4398 373 4480 loqui
394 4405 525 4481 possunt
544 4407 575 4462 et
589 4400 697 4463 solent.
714 4399 803 4464 Multi
819 4417 888 4463 eam
902 4399 1074 4462 extendunt
1091 4400 1130 4463 ad
1150 4404 1190 4466 io
1203 4419 1326 4481 passus,
1339 4415 1417 4480 prae-

146 4486 253 4554 sertim
273 4487 300 4550 si
323 4487 479 4569 poenitens
497 4507 561 4553 non
577 4487 619 4554 ait
637 4496 724 4554 extra
736 4495 895 4569 aspectum
912 4487 1103 4552 Gonlmsarii.
1120 4491 1156 4552 ln
1173 4489 1352 4554 necessitate
1363 4485 1416 4549 ab·
