3206 5042
210 255 280 314 448
744 256 953 304 recasurus

213 386 359 462 quantum
382 375 415 434 in
437 372 501 433 illis
521 381 579 449 est,
599 392 660 431 reon
680 369 874 452 prohibentes
896 367 1050 448 ducllum,
1070 373 1100 432 et
1117 372 1230 437 clarius
1251 375 1439 447 indicatum
1464 395 1510 452 est
1582 370 1583 397 ³

213 459 523 530 excommunicationi
543 459 653 540 subjici
672 459 749 521 solos
770 458 805 519 de
827 456 983 518 industria
1005 469 1193 541 spectantes,
1216 463 1335 542 idest,
1360 473 1420 552 qui
1446 494 1508 540 nan

214 575 286 619 casu
302 554 352 616 sed
368 552 505 615 consulta
519 550 642 612 adsunt.
1206 575 1210 580 -

336 704 532 783 Quaeslta.

253 839 324 899 998.
337 871 378 879 —
393 837 496 908 Qatnu.
513 837 544 892 l⁰
555 829 602 889 An
618 830 779 889 incurrant
794 829 1133 891 excommunicationem
1149 835 1313 915 complices
1327 859 1381 901 seu
1395 863 1507 926 coepe.

213 935 349 996 ratores,
365 923 391 983 si
404 939 510 1002 pupna
525 919 566 979 ad
579 919 715 997 effectum
731 937 791 976 non
807 916 1020 997 perducatur?
1326 928 1333 940 ·

255 1013 350 1092 llesp.
366 1013 390 1072 A
396 1010 492 1090 stirm.
509 1009 587 1068 Nam
608 1005 787 1067 Benedictus
805 1006 872 1067 XIV
887 1005 1006 1084 (Consi.
1024 1005 1255 1087 Detestabilem,
1273 1017 1289 1091 ᾗ
1307 1018 1344 1097 6)
1365 1020 1504 1085 declam

215 1102 465 1182 praedecessorem
478 1114 570 1158 suum
583 1095 768 1158 Clementem
779 1095 861 1166 VIII,
875 1094 1099 1158 Constitutione
1111 1097 1206 1160 illias
1218 1103 1311 1182 vices,
1321 1110 1501 1172 extendisse

217 1206 339 1270 poenam
361 1182 685 1248 excommunicationis
705 1181 746 1242 ud
763 1180 870 1260 sorios,
886 1182 1042 1263 patrinos,
1059 1185 1096 1246 de
1118 1187 1271 1252 industria
1290 1205 1497 1275 spectatores,

218 1279 371 1358 fautores,
389 1274 524 1358 criminis
539 1273 653 1334 demum
669 1273 855 1352 participes,
872 1269 1010 1352 illudque
1024 1276 1249 1357 permittentes,
1267 1282 1329 1358 eet,
1347 1297 1497 1364 quanqum

218 1368 251 1426 in
271 1367 346 1446 ipsis
366 1373 423 1431 est,
449 1382 510 1422 non
531 1361 742 1440 prohibentes,
763 1380 798 1419 ac
822 1359 1065 1440 delinquentibus
1087 1366 1207 1426 veniam
1231 1379 1258 1427 et
1281 1371 1498 1452 impunitatem

219 1453 430 1526 concedentes,
447 1469 553 1530 eosque
572 1451 623 1529 qui
642 1469 672 1508 se
687 1448 850 1530 predictis
868 1468 988 1530 quoquo
1007 1452 1096 1512 modo
1117 1454 1349 1534 innuere-rte,-
1364 1466 1501 1523 etiamsi

218 1561 312 1621 neqete
321 1558 437 1621 pupule
451 1540 589 1617 effectus,
607 1557 702 1618 neque
716 1557 849 1597 accessus
864 1537 907 1598 ad
920 1537 1015 1599 locum
1031 1541 1069 1600 sit
1085 1541 1260 1604 subsecutus.
1273 1579 1313 1590 -
1326 1549 1365 1607 Et
1379 1567 1499 1613 petrem

219 1630 350 1702 crimen,
369 1629 451 1708 quad
472 1627 609 1690 Pontifex
626 1626 762 1687 intendit
781 1645 924 1700 censura,
943 1628 1038 1690 etiam
1057 1629 1267 1710 pincipaliter,
1283 1635 1413 1714 punire,
1426 1657 1498 1700 nau
1583 1661 1584 1670 ¹

221 1726 267 1781 est
280 1718 341 1779 sola
356 1716 447 1777 duelli
463 1715 662 1795 perpetratio,
677 1715 729 1776 sed
743 1718 809 1795 ejus
821 1733 943 1795 quoque
955 1719 1149 1798 praeparatio,
1162 1726 1198 1782 ut
1208 1726 1325 1784 constat
1338 1741 1376 1785 ex
1390 1725 1493 1788 dictis.

222 1810 363 1870 Jamvero
385 1803 489 1865 nullus
509 1809 554 1864 est
575 1803 710 1883 complex
732 1810 787 1865 aut
808 1810 991 1883 cooperator,
1012 1807 1067 1886 qui
1086 1808 1194 1870 saltem
1212 1809 1267 1871 tali
1283 1812 1493 1892 praeparationi

222 1893 389 1957 formaliter
404 1910 466 1953 nou
478 1891 654 1972 partiripet,
670 1891 792 1953 etiamsi
807 1898 910 1972 postea
923 1892 1048 1957 effectus
1062 1913 1125 1959 non
1137 1904 1295 1978 sequatur.

264 1986 366 2058 Quina.
382 1985 416 2042 2⁰
427 1985 478 2041 An
493 1982 798 2042 excommunicatione
813 1980 982 2062 afficiatur,
996 1985 1050 2064 qui
1062 2005 1129 2045 cum
1142 1988 1244 2049 areima
1258 2009 1317 2051 non
1329 1991 1491 2074 pupuaradi,

222 2090 384 2152 papaeque
401 2089 462 2129 non
483 2081 601 2148 secuta,
619 2070 691 2131 varri
708 2079 807 2131 tomen
825 2069 950 2130 bonoria
968 2091 1074 2150 causa,
1092 2074 1229 2136 duellum
1252 2081 1435 2162 acceptavit,
1451 2079 1494 2140 cel

225 2161 353 2219 alterurn
365 2157 569 2238 prouocauit?
1102 2159 1106 2166 '

265 2246 355 2327 ttrsp.
372 2245 452 2328 Nep.
469 2247 577 2309 saltem
590 2246 807 2329 probabiliter.
824 2246 910 2310 Licet
928 2248 1011 2310 enim
1026 2259 1124 2330 pacem
1146 2255 1310 2334 prebendo
1329 2258 1413 2321 alteri
1430 2275 1495 2338 pec

226 2335 314 2398 candi
336 2335 539 2411 occasionem,
561 2353 623 2398 non
646 2335 769 2398 videtur
785 2335 934 2398 actionem
956 2355 1079 2417 ponere,
1101 2343 1227 2421 quasit
1250 2344 1347 2426 hujus
1365 2363 1496 2408 censure
1583 2401 1584 2412 2

226 2423 366 2484 materia.
383 2427 520 2500 Namque
539 2442 667 2484 censura
681 2423 833 2501 infligitur
847 2433 969 2504 propter
982 2426 1153 2501 formalem,
1171 2448 1234 2492 non
1253 2440 1362 2496 autem
1377 2441 1500 2516 prepter
1583 2433 1584 2494 l

226 2509 414 2570 materialem
441 2509 603 2570 dumtaxat
626 2510 871 2588 provocationem
892 2515 940 2577 vel
963 2515 1207 2595 acceptationem,
1231 2519 1263 2580 id
1289 2529 1351 2595 est,
1374 2529 1501 2602 prepter
1583 2515 1584 2528 ¹

226 2593 461 2674 acceptationem
481 2597 528 2657 vel
548 2599 807 2676 provocationem,
827 2620 895 2682 quse
914 2602 1076 2666 intentione
1092 2611 1122 2664 et
1136 2605 1308 2679 voluntate,
1322 2608 1363 2668 ad
1384 2627 1503 2670 rerum

225 2703 288 2747 non
310 2689 415 2832 autqm
440 2686 478 2748 ad
499 2684 606 2748 fictum
633 2687 770 2749 duellum
790 2688 971 2754 reserantur.
987 2725 1026 2736 -
1045 2690 1092 2752 lta
1110 2692 1238 2772 lionae,
1259 2693 1403 2774 Fttttac,
1422 2705 1501 2770 etc,

226 2783 334 2836 contra
348 2794 367 2833 a
382 2775 436 2835 ios.

267 2867 369 2938 Qumis.
387 2868 419 2927 3⁰
433 2866 483 2925 Αη
498 2864 647 2941 duellum,
666 2885 704 2926 ee
720 2876 826 2947 parte,
843 2879 915 2949 post
928 2870 1061 2952 primam
1080 2871 1252 2952 effusionem
1268 2873 1428 2955 sanquinis
1440 2893 1499 2936 ces-

226 2961 379 3027 saturum,
398 2955 706 3014 excommunicationi
719 2957 895 3036 subjaceat?

268 3040 360 3120 Ilcsp.
380 3042 403 3100 A
410 3040 506 3120 [firm.
531 3045 657 3104 Constat
677 3062 713 3105 ex
732 3045 819 3106 Bulla
842 3046 1005 3110 Clementis
1029 3051 1111 3124 VIII,
1129 3049 1217 3110 Illius
1240 3051 1331 3126 eires,
1352 3070 1419 3131 qua
1437 3050 1499 3112 har

226 3128 319 3190 habet
334 3147 341 3188 :
359 3131 551 3190 Auctoritate
570 3131 746 3212 Apostolica
766 3144 793 3194 et
812 3145 913 3196 tenore
927 3142 1145 3217 praesentium,
1163 3139 1348 3199 decernimus
1363 3149 1391 3200 et
1405 3137 1500 3199 deru-

227 3237 367 3279 rumus...
389 3219 491 3278 iisdem
510 3221 612 3300 peritis
631 3221 972 3301 (excommunicationis
997 3226 1191 3307 reservatae),
1215 3225 1332 3287 decreto
1357 3227 1500 3306 (Triden-

227 3305 325 3385 tino),
342 3317 370 3366 et
385 3309 649 3368 constitutionibus
667 3311 863 3389 (caeterorum
878 3313 1078 3394 Pontificum)
1091 3315 1189 3375 teneri
1203 3335 1251 3375 eos
1265 3316 1343 3374 inter
1355 3335 1431 3394 quos
1438 3335 1502 3394 pa·
1583 3315 1584 3324 ’

229 3393 342 3454 stiones
352 3396 438 3456 initae
448 3396 508 3456 sint
517 3396 553 3456 de
568 3397 737 3459 dirimendo
751 3402 931 3472 certamine,
945 3404 1156 3484 cumprimum
1169 3403 1311 3464 alteruter
1319 3401 1503 3462 uulneratus

226 3483 339 3562 suerit,
353 3504 406 3545 seu
418 3487 594 3567 sanquinem
609 3486 769 3567 effuderit,
782 3499 834 3549 aut
849 3501 949 3552 certus
961 3491 1077 3551 ictuum
1091 3510 1235 3553 reumerus
1245 3492 1380 3572 utrinque
1395 3489 1504 3552 illatus

227 3571 334 3650 suerit.

846 3659 886 3715 IV

264 3767 373 3820 Nomen
388 3763 488 3820 dantes
507 3769 593 3823 seclae
610 3767 786 3826 blassonicre
805 3771 855 3826 aut
873 3771 1081 3838 Carbonaria,
1097 3773 1148 3829 aut
1160 3772 1227 3830 aliis
1243 3771 1374 3845 ejusdem
1394 3771 1503 3842 generis
1583 3769 1584 3854 i

231 3845 317 3902 sectis
333 3861 395 3917 quae
408 3846 505 3902 cicestra
518 3848 675 3904 Ecclesiam
686 3850 729 3905 vel
747 3850 890 3921 legitimas
905 3852 1061 3924 potestates
1072 3868 1123 3908 seu
1135 3853 1246 3926 palam,
1262 3868 1315 3909 seu
1329 3851 1504 3908 clandestine

231 3924 440 3994 machinantur,
453 3942 505 3982 nec
515 3943 569 3982 non
582 3928 685 3984 iisdem
695 3931 782 3986 sectIs
793 3931 864 3986 lavo
872 3947 916 3986 em
928 3930 1167 4004 qualemcumque
1176 3933 1363 4004 praestantes;
1374 3945 1506 3988 earnem

231 4004 357 4060 occultos
372 4007 534 4080 coryphaeos
547 4025 579 4063 ac
590 4009 677 4065 duces
693 4026 750 4065 non
765 4010 983 4080 denuntiantes,
1000 4013 1090 4068 donec
1103 4028 1158 4067 non
1170 4012 1416 4068 denuntiaverInt.
1426 4011 1506 4082 (tata

231 4095 251 4135 a
261 4079 407 4139 Clemente
421 4087 481 4143 ΧΗ
494 4087 601 4161 tiit&
616 4098 761 4146 renovata
775 4107 795 4146 a
807 4090 965 4148 Benedicta
978 4091 1054 4148 XIV
1066 4091 1172 4164 (1751),
1188 4107 1208 4146 a
1220 4091 1278 4150 Pio
1294 4091 1351 4148 VH
1363 4090 1458 4164 (test)
1474 4088 1505 4143 in

230 4159 322 4218 Bulla
337 4163 494 4222 Ecclesiam
509 4172 576 4225 teau
589 4170 711 4239 Christi,
728 4177 755 4227 et
770 4187 786 4226 a
800 4171 894 4229 lecim
910 4173 973 4228 XII
986 4171 1093 4247 (Istc),
1107 4169 1196 4229 Bulla
1209 4173 1272 4241 Quo
1286 4170 1439 4244 graviora.)

353 4299 646 4370 Proenotanda.

273 4431 432 4492 ece-1.
448 4433 513 4492 Duo
528 4432 562 4494 in
576 4433 632 4496 hac
643 4453 771 4498 censura
785 4436 843 4499 sub
858 4436 1187 4502 excommunicationis
1197 4454 1287 4518 poena
1301 4433 1512 4518 principaliter

234 4511 432 4586 damnantur,
448 4533 558 4594 nempe
575 4527 606 4580 1ο
622 4524 770 4601 cooptatio
786 4525 821 4585 in
838 4535 934 4589 sectas
951 4527 1141 4589 Messanicus
1157 4533 1213 4590 aut
1231 4524 1456 4594 Carbonarias;
1471 4539 1511 4584 eae
