3220 5042
431 338 475 381 nn
502 333 740 381 sacraunrvro
765 335 1006 380 rmrrrsurrsc
1287 323 1353 383 259

114 449 205 529 Resp.
221 451 254 508 ι·
267 445 346 527 Nep.
359 464 496 526 prorsus,
511 445 538 508 si
553 446 685 508 dubiam
701 445 744 508 sit
758 445 847 526 saco',
856 445 891 508 id
904 451 961 520 est,
971 445 1000 506 si
1012 449 1170 524 peceatum
1184 446 1247 508 init
1260 447 1353 524 dabie

74 535 293 610 commissuras,
309 542 365 598 ant
378 535 472 597 dubie
486 553 588 616 grave.
605 533 694 598 Ratio
708 539 770 610 est,
787 533 862 614 quia
880 533 1046 596 reservatio
1058 538 1105 595 est
1120 534 1234 598 stricta
1256 535 1353 598 inter-

74 623 271 706 pretationis,
288 629 382 704 atque
399 624 473 686 adeo
492 623 690 703 intelligmda
712 629 759 686 est
780 624 816 685 de
834 622 964 702 peccetis
983 625 1062 685 certo
1076 623 1232 702 mantus.
1249 628 1354 705 Neque

76 713 162 776 enirn
180 712 311 774 Ecclesia
325 711 462 774 intendit
474 730 628 774 reservare
644 716 773 792 peccata,
789 709 852 773 nisi
866 711 930 774 sint
940 715 1022 774 certo
1035 710 1207 787 commissa,
1220 718 1255 774 at
1269 719 1350 775 carto

75 801 234 875 mortalia,
249 818 320 863 curn
335 807 455 882 peccata
470 806 594 863 tantum
614 801 760 862 atrociora
774 818 929 862 reservare
947 801 1051 862 soleat.
1064 835 1105 846 -
1115 799 1166 861 Ita
1178 802 1354 864 emunie-

74 892 148 954 εἰπε
159 909 230 952 mem
240 887 276 951 S.
292 889 377 971 try,
391 910 423 950 η.
438 895 507 953 600.

113 979 207 1062 Besp.
220 983 254 1040 2⁰
266 978 359 1060 Nep,
374 978 466 1040 etiarn
485 977 512 1040 si
528 977 660 1040 dubium
683 977 724 1040 sit
736 977 838 1059 juris,
854 976 887 1039 id
902 984 949 1040 est
962 983 1102 1041 versetur
1112 979 1191 1040 mun
1205 979 1354 1043 exsisten-

75 1067 154 1130 tiam
168 1066 244 1146 legis
260 1066 461 1142 reservantis,
478 1070 582 1148 ejusve
600 1065 828 1141 extensionem
845 1066 951 1127 eadem
974 1071 1080 1128 autem
1097 1074 1145 1128 est
1168 1065 1261 1142 ratio,
1280 1069 1355 1148 quie

75 1174 189 1236 nempe
200 1155 363 1218 reservatio
378 1161 424 1217 est
441 1155 552 1217 strictae
566 1153 843 1234 interpretationis,
860 1173 894 1215 ac
907 1153 1033 1235 proinde
1046 1154 1079 1216 in
1092 1155 1185 1216 dubio
1200 1173 1253 1234 pro
1267 1157 1352 1219 nulle

74 1245 218 1307 habunda
237 1250 292 1306 est.
307 1279 347 1290 -
358 1243 410 1305 Ita
433 1244 639 1305 ammonitem
658 1277 698 1288 -
708 1241 743 1305 S.
759 1243 836 1325 ξιιμ,
851 1263 883 1304 a.
901 1247 973 1308 600.
988 1243 1135 1325 -Lupo,
1156 1243 1232 1306 ibid.
1246 1245 1328 1308 —E
1331 1245 1353 1306 1-

76 1333 137 1410 bel,
152 1354 185 1394 n.
202 1337 274 1407 343,
287 1339 349 1396 etc.
363 1367 403 1378 —-
415 1335 529 1395 Contra
541 1331 693 1410 Anteius,
710 1339 766 1394 etc.

115 1427 188 1486 573.
204 1457 245 1468 --
259 1425 361 1498 ann.
372 1427 406 1485 4⁰
424 1421 532 1484 Utrum
548 1421 665 1500 adsolet
674 1422 774 1504 possit
791 1421 928 1483 subditus
947 1421 1073 1483 alterius
1093 1421 1243 1496 dioecesis,
1256 1427 1285 1484 si
1299 1441 1355 1484 ea-

75 1531 125 1572 sus
137 1520 185 1573 est
195 1521 368 1592 recreemus
382 1520 500 1573 tontum
515 1512 547 1571 in
562 1510 627 1572 loco
639 1509 853 1591 consessionis?

117 1601 209 1682 Resp.
222 1598 451 1662 :communius
473 1605 505 1661 et
525 1600 614 1680 longe
634 1599 823 1679 probabilius
842 1599 1025 1662 recentiores
1043 1600 1272 1680 sequestratio
1292 1603 1354 1674 est,

77 1689 151 1768 quia
167 1687 384 1762 confessarius
401 1691 436 1750 ut
450 1687 588 1750 diximus
611 1706 703 1766 snpra
726 1708 757 1746 e.
775 1691 849 1761 554,
872 1688 975 1762 Quaer.
994 1691 1048 1761 13,
1062 1687 1155 1748 habet
1169 1686 1357 1768 jurisdictio-

77 1795 152 1839 nem
166 1775 201 1837 in
214 1775 400 1855 peregrinos,
418 1793 491 1850 non,
505 1781 544 1836 ut
554 1775 629 1836 olim
641 1775 743 1848 fiebat,
753 1774 791 1835 ab
806 1774 955 1835 indirecta
967 1773 1082 1853 proprii
1096 1791 1204 1835 eorum
1216 1774 1357 1854 Episcopi

74 1862 613 1942 concessionaquipruficisoentilrns
620 1861 860 1942 permittebatur
868 1860 1095 1925 confessarium
1103 1860 1262 1923 inviasilri
1273 1862 1358 1940 elige-

76 1955 162 2026 rent;
178 1951 256 2013 seda
267 1951 423 2012 voluntate
437 1950 734 2031 Ecclesiae,quae,per
744 1949 999 2012 consuetudinem
1010 1948 1215 2011 universalem
1222 1949 1357 2030 legitime

75 2037 304 2120 praescriptam,
319 2038 472 2118 permittit
487 2043 517 2100 et
531 2039 598 2101 vult
612 2045 648 2101 nt
662 2037 813 2118 peregrini
830 2038 863 2100 in
879 2037 985 2100 ordine
1002 2038 1040 2100 ad
1054 2036 1279 2100 Confessionem
1300 2038 1357 2101 lra-

75 2129 369 2208 heanturtanquam
380 2126 486 2189 incolae
498 2127 555 2188 loci
565 2127 598 2188 in
611 2130 849 2207 quoversantur.
859 2131 924 2190 Non
932 2131 1032 2206 potest
1043 2125 1357 2205 igitureosabsolvere

75 2215 287 2278 confessarius
301 2215 356 2295 qui
367 2215 615 2296 jurisdictionem
630 2215 722 2278 habet
737 2216 776 2277 ab
790 2215 890 2296 huju
899 2215 957 2278 loci
971 2215 1117 2296 Episcopo
1131 2215 1315 2278 restrictam.

117 2303 295 2386 Affirmant
311 2307 414 2366 tamen
437 2304 565 2384 quidam
592 2322 663 2366 cum
691 2303 890 2384 antiquorum
914 2303 1170 2366 communissima
1193 2305 1357 2366 seritentia.

78 2393 168 2457 Ratio
180 2393 295 2456 horn'm
308 2397 369 2467 est,
382 2392 457 2474 quia
468 2391 676 2456 Confessarius
689 2391 820 2454 absolvit
831 2391 916 2455 hunc
928 2392 1131 2473 paenitentem
1141 2392 1357 2474 jurisdictione

79 2481 225 2544 indirecte
244 2481 469 2546 communicata
487 2481 525 2544 ab
543 2482 638 2563 hujus
658 2481 834 2556 Ordinario,
860 2481 915 2561 qui
935 2487 1093 2562 peccatum
1113 2480 1190 2543 illud
1211 2481 1272 2543 sihi
1291 2499 1355 2544 non

78 2570 260 2644 reservavit,
284 2589 318 2633 ac
335 2571 464 2650 proinde
481 2569 728 2650 jurisdictionem
749 2571 848 2652 quoad
868 2570 946 2633 illud
969 2587 1031 2633 non
1053 2567 1224 2632 restrinxit.
1241 2603 1282 2616 -
1300 2571 1355 2633 Sic

79 2658 225 2733 armilla,
238 2659 416 2740 Cajetunus,
430 2658 601 2734 Nectimus,
621 2657 758 2740 Προὶἰηι,
775 2657 931 2736 Βανιὴοὶ.,
948 2658 1091 2732 Madian,
1106 2661 1351 2731 ete—Verum,

78 2752 179 2808 stante
192 2746 340 2808 hodierna
352 2747 591 2821 consuetudine,
603 2747 668 2810 huc
684 2746 824 2808 doctrina
837 2752 917 2808 curet
928 2747 1014 2808 omni
1028 2746 1123 2808 solido
1135 2745 1348 2808 fundamento.

116 2837 223 2910 Qun.
240 2837 273 2895 5⁰
288 2834 337 2893 Aa
353 2833 470 2894 absolvi
481 2836 580 2914 possit
598 2834 735 2895 subditus
754 2835 880 2895 alteriue
895 2833 1045 2912 dioecesis,
1062 2833 1183 2914 quaudo
1194 2843 1355 2914 pacatum

78 2929 264 2983 reservatum
279 2930 322 2980 est
339 2922 371 2979 in
389 2923 486 3002 ipsius
501 2921 623 2983 dioeeesi
631 2969 638 2994 ,
654 2941 717 2982 non
731 2929 830 2984 sotem
846 2923 877 2982 ia
894 2922 958 2982 loeo
974 2920 1195 3002 consessionis?

120 3010 213 3090 Resp.
232 3013 265 3070 {⁰
280 3027 288 3070 :
304 3007 429 3070 Absolvi
444 3014 544 3087 potest
557 3029 576 3070 a
590 3009 806 3088 sagionibus,
821 3017 858 3072 ut
871 3015 1041 3072 constater
1051 3009 1184 3072 consen.
1202 3009 1357 3091 Suprema,

81 3099 230 3160 Glement.
245 3101 282 3160 ll.
470 3159 475 3166 ,
914 3124 918 3133 ·

120 3187 215 3269 Resp.
230 3186 379 3248 2⁰:1dem
388 3185 553 3248 dicendum
566 3191 613 3248 est
627 3185 728 3264 quoad
740 3185 945 3249 Confessarios
959 3186 1117 3248 seculares
1130 3193 1253 3268 proptm
1265 3185 1360 3248 ralio-

82 3291 152 3337 nem
169 3275 295 3338 allatam
308 3273 344 3336 iu
357 3276 457 3349 Quas.
472 3291 561 3354 prmo.

121 3362 245 3444 Excipe,
255 3363 319 3426 nisi
333 3362 404 3443 quis
418 3381 455 3425 ex
467 3362 590 3444 pmpria
602 3361 726 3425 diaecesi
738 3363 780 3424 ed
793 3363 886 3424 aliam
900 3363 934 3426 ia
943 3361 1083 3426 standum
1098 3361 1313 3426 reservationis
1325 3380 1359 3424 se

83 3451 262 3526 contulerit,
279 3455 315 3513 nt
328 3450 467 3514 dicemus
480 3469 552 3513 mor
565 3473 598 3513 rr.
617 3455 685 3516 tea

120 3539 223 3613 Qun·
239 3545 272 3603 6⁰
285 3539 335 3600 Au
346 3539 478 3602 Praetavi
491 3549 545 3600 met
558 3539 738 3621 Superiores
751 3537 908 3620 reputares
917 3538 1040 3622 possint
1055 3559 1210 3600 reservare
1224 3558 1312 3601 cassu
1325 3542 1358 3600 io

56 3635 62 3648 ·
84 3641 133 3686 suo
149 3627 264 3690 Ordine
276 3628 325 3689 cel
337 3628 544 3690 Monosterio?

122 3715 211 3799 Resp.
228 3735 241 3778 .·
255 3719 387 3780 Possunt
400 3717 563 3780 nonnullos
582 3723 707 3780 tantum
726 3735 880 3780 reservare
893 3735 912 3780 a
924 3717 1021 3780 Clam.
1038 3719 1105 3778 Vlll
1122 3715 1358 3790 determinatos

85 3803 224 3882 quisunt
235 3806 381 3868 undecim
399 3823 538 3880 numero,
554 3811 591 3869 ut
604 3805 708 3870 ridere
721 3812 768 3868 est
781 3807 864 3887 opud
881 3805 916 3869 S.
929 3805 1013 3886 Lep,
1028 3810 1083 3868 etc.
1100 3805 1169 3868 Alie
1188 3810 1295 3866 autem
1313 3823 1359 3868 re-

88 3907 202 3956 servare
216 3894 284 3956 sine
298 3913 448 3957 consensu
462 3893 595 3975 Capituli
608 3895 755 3974 generalis
771 3913 825 3976 pro
842 3901 907 3958 tota
920 3895 1086 3975 Religione,
1099 3899 1130 3957 et
1144 3892 1277 3974 (lapituli
1287 3911 1356 3974 pre

86 3978 222 4047 viricialis
235 3999 291 4064 pro
304 3988 368 4066 tota
381 3983 540 4048 Provincia
552 4001 750 4065 nequaquam
763 3989 901 4064 possunt.

386 4157 406 4240 ¹§
427 4155 472 4224 ll.
495 4157 543 4222 De
560 4155 769 4226 absolutione
785 4163 1049 4224 reseruatormm.

203 4291 427 4372 Princlpla.

123 4418 190 4480 ιιι.
210 4423 287 4484 --1.
303 4419 468 4484 Absolvere
483 4379 644 4500 masnata
659 4417 780 4482 nutus
791 4371 958 4484 reservatis
973 4419 1010 4482 de
1031 4423 1179 4499 potestate
1197 4415 1356 4482 ordinaris

88 4502 406 4665 &amantem
422 4511 455 4571 2⁰
466 4525 574 4572 eorum
588 4523 772 4572 successores
784 4508 819 4571 in
833 4509 939 4573 eadem
953 4513 1116 4590 potestetm
1132 4512 1166 4573 3ο
1175 4523 1284 4572 eorum
1295 4509 1356 4570 orr-
