<?xml version="1.0" encoding="UTF-8"?>
<!DOCTYPE html PUBLIC "-//W3C//DTD XHTML 1.0 Transitional//EN"
    "http://www.w3.org/TR/xhtml1/DTD/xhtml1-transitional.dtd">
<html xmlns="http://www.w3.org/1999/xhtml" xml:lang="en" lang="en">
 <head>
  <title>
</title>
<meta http-equiv="Content-Type" content="text/html;charset=utf-8" />
  <meta name='ocr-system' content='tesseract 3.04.00' />
  <meta name='ocr-capabilities' content='ocr_page ocr_carea ocr_par ocr_line ocrx_word'/>
</head>
<body>
  <div class='ocr_page' id='page_1' title='image "./compendiumtheol03gurygoog_0439.png"; bbox 0 0 3206 5042; ppageno 0'>
   <div class='ocr_carea' id='block_1_1' title="bbox 191 267 931 328">
    <p class='ocr_par' dir='ltr' id='par_1_1' title="bbox 191 267 931 328">
     <span class='ocr_line' id='line_1_1' title="bbox 191 267 931 328; baseline -0.001 -11"><span class='ocrx_word' id='word_1_1' title='bbox 191 267 261 328; x_wconf 70' lang='lat' dir='ltr'><em>nee</em></span> <span class='ocrx_word' id='word_1_2' title='bbox 723 273 931 321; x_wconf 69' lang='lat' dir='ltr'><em>reserares</em></span> 
     </span>
    </p>
   </div>
   <div class='ocr_carea' id='block_1_2' title="bbox 189 384 1493 3306">
    <p class='ocr_par' dir='ltr' id='par_1_2' title="bbox 189 384 1493 914">
     <span class='ocr_line' id='line_1_2' title="bbox 191 384 1493 472; baseline -0.004 -19"><span class='ocrx_word' id='word_1_3' title='bbox 191 391 322 472; x_wconf 85' lang='lat' dir='ltr'><em>bocipsa</em></span> <span class='ocrx_word' id='word_1_4' title='bbox 338 388 562 452; x_wconf 71' lang='lat' dir='ltr'><em>Constitutione</em></span> <span class='ocrx_word' id='word_1_5' title='bbox 574 388 751 458; x_wconf 62' lang='lat' dir='ltr'><em>inserimus,</em></span> <span class='ocrx_word' id='word_1_6' title='bbox 766 405 858 466; x_wconf 74' lang='lat' dir='ltr'><em>eopse</em></span> <span class='ocrx_word' id='word_1_7' title='bbox 872 384 976 460; x_wconf 85' lang='lat' dir='ltr'><em>modo,</em></span> <span class='ocrx_word' id='word_1_8' title='bbox 993 402 1055 463; x_wconf 85' lang='lat' dir='ltr'><em>qno</em></span> <span class='ocrx_word' id='word_1_9' title='bbox 1064 386 1241 460; x_wconf 79' lang='lat' dir='ltr'><em>inserimus,</em></span> <span class='ocrx_word' id='word_1_10' title='bbox 1258 388 1353 450; x_wconf 81' lang='lat' dir='ltr'><em>robur</em></span> <span class='ocrx_word' id='word_1_11' title='bbox 1368 393 1493 455; x_wconf 60' lang='lat' dir='ltr'><em>minda</em></span> 
     </span>
     <span class='ocr_line' id='line_1_3' title="bbox 191 473 1490 558; baseline -0.008 -17"><span class='ocrx_word' id='word_1_12' title='bbox 191 481 331 541; x_wconf 81' lang='lat' dir='ltr'><em>babeant.</em></span> <span class='ocrx_word' id='word_1_13' title='bbox 342 479 430 537; x_wconf 89' lang='lat' dir='ltr'><em>-Et</em></span> <span class='ocrx_word' id='word_1_14' title='bbox 444 476 542 538; x_wconf 85' lang='lat' dir='ltr'><em>inira:</em></span> <span class='ocrx_word' id='word_1_15' title='bbox 557 476 675 538; x_wconf 73' lang='lat' dir='ltr'><em>Praeter</em></span> <span class='ocrx_word' id='word_1_16' title='bbox 685 475 736 536; x_wconf 86' lang='lat' dir='ltr'><em>lsos</em></span> <span class='ocrx_word' id='word_1_17' title='bbox 743 475 886 536; x_wconf 79' lang='lat' dir='ltr'><em>tectonas</em></span> <span class='ocrx_word' id='word_1_18' title='bbox 894 473 1071 548; x_wconf 85' lang='lat' dir='ltr'><em>recensitos,</em></span> <span class='ocrx_word' id='word_1_19' title='bbox 1089 492 1139 533; x_wconf 87' lang='lat' dir='ltr'><em>eos</em></span> <span class='ocrx_word' id='word_1_20' title='bbox 1155 495 1273 556; x_wconf 80' lang='lat' dir='ltr'><em>quoqne</em></span> <span class='ocrx_word' id='word_1_21' title='bbox 1286 497 1367 558; x_wconf 78' lang='lat' dir='ltr'><em>quos</em></span> <span class='ocrx_word' id='word_1_22' title='bbox 1378 501 1490 544; x_wconf 66' lang='lat' dir='ltr'><em>sacro.</em></span> 
     </span>
     <span class='ocr_line' id='line_1_4' title="bbox 189 561 1489 644; baseline -0.009 -15"><span class='ocrx_word' id='word_1_23' title='bbox 189 577 324 630; x_wconf 87' lang='lat' dir='ltr'><em>sanetum</em></span> <span class='ocrx_word' id='word_1_24' title='bbox 342 565 511 627; x_wconf 76' lang='lat' dir='ltr'><em>Concilium</em></span> <span class='ocrx_word' id='word_1_25' title='bbox 535 565 762 640; x_wconf 81' lang='lat' dir='ltr'><em>Tridentinunv,</em></span> <span class='ocrx_word' id='word_1_26' title='bbox 779 564 838 623; x_wconf 83' lang='lat' dir='ltr'><em>sive</em></span> <span class='ocrx_word' id='word_1_27' title='bbox 855 571 1012 623; x_wconf 84' lang='lat' dir='ltr'><em>reseruata</em></span> <span class='ocrx_word' id='word_1_28' title='bbox 1031 561 1157 623; x_wconf 84' lang='lat' dir='ltr'><em>Summo</em></span> <span class='ocrx_word' id='word_1_29' title='bbox 1177 565 1328 644; x_wconf 78' lang='lat' dir='ltr'><em>Pontifici</em></span> <span class='ocrx_word' id='word_1_30' title='bbox 1346 581 1405 630; x_wconf 80' lang='lat' dir='ltr'><em>aret</em></span> <span class='ocrx_word' id='word_1_31' title='bbox 1425 573 1489 632; x_wconf 80' lang='lat' dir='ltr'><em>ur.</em></span> 
     </span>
     <span class='ocr_line' id='line_1_5' title="bbox 191 651 1487 735; baseline 0.003 -17"><span class='ocrx_word' id='word_1_32' title='bbox 191 657 320 718; x_wconf 79' lang='lat' dir='ltr'><em>dinariis</em></span> <span class='ocrx_word' id='word_1_33' title='bbox 343 655 549 731; x_wconf 80' lang='lat' dir='ltr'><em>absolutione,</em></span> <span class='ocrx_word' id='word_1_34' title='bbox 572 658 633 715; x_wconf 90' lang='lat' dir='ltr'><em>sive</em></span> <span class='ocrx_word' id='word_1_35' title='bbox 652 654 760 734; x_wconf 86' lang='lat' dir='ltr'><em>ubsque</em></span> <span class='ocrx_word' id='word_1_36' title='bbox 784 651 849 712; x_wconf 88' lang='lat' dir='ltr'><em>ulla</em></span> <span class='ocrx_word' id='word_1_37' title='bbox 868 651 1074 712; x_wconf 75' lang='lat' dir='ltr'><em>reservatione</em></span> <span class='ocrx_word' id='word_1_38' title='bbox 1099 657 1389 735; x_wconf 71' lang='lat' dir='ltr'><em>excommunicavit,</em></span> <span class='ocrx_word' id='word_1_39' title='bbox 1413 660 1487 722; x_wconf 81' lang='lat' dir='ltr'><em>Nos</em></span> 
     </span>
     <span class='ocr_line' id='line_1_6' title="bbox 191 739 1487 828; baseline 0.005 -24"><span class='ocrx_word' id='word_1_40' title='bbox 191 749 311 828; x_wconf 86' lang='lat' dir='ltr'><em>pariter</em></span> <span class='ocrx_word' id='word_1_41' title='bbox 335 748 380 803; x_wconf 89' lang='lat' dir='ltr'><em>ita</em></span> <span class='ocrx_word' id='word_1_42' title='bbox 403 745 671 804; x_wconf 75' lang='lat' dir='ltr'><em>excommunicatos</em></span> <span class='ocrx_word' id='word_1_43' title='bbox 692 761 753 802; x_wconf 84' lang='lat' dir='ltr'><em>esse</em></span> <span class='ocrx_word' id='word_1_44' title='bbox 777 741 989 816; x_wconf 86' lang='lat' dir='ltr'><em>declarmnus;</em></span> <span class='ocrx_word' id='word_1_45' title='bbox 1009 739 1154 820; x_wconf 83' lang='lat' dir='ltr'><em>idemque</em></span> <span class='ocrx_word' id='word_1_46' title='bbox 1177 747 1282 822; x_wconf 85' lang='lat' dir='ltr'><em>postea</em></span> <span class='ocrx_word' id='word_1_47' title='bbox 1308 747 1424 810; x_wconf 84' lang='lat' dir='ltr'><em>statuit</em></span> <span class='ocrx_word' id='word_1_48' title='bbox 1443 751 1487 811; x_wconf 87' lang='lat' dir='ltr'><em>de</em></span> 
     </span>
     <span class='ocr_line' id='line_1_7' title="bbox 194 829 906 914; baseline -0.01 -19"><span class='ocrx_word' id='word_1_49' title='bbox 194 832 349 914; x_wconf 82' lang='lat' dir='ltr'><em>suspensis</em></span> <span class='ocrx_word' id='word_1_50' title='bbox 364 839 395 894; x_wconf 88' lang='lat' dir='ltr'><em>et</em></span> <span class='ocrx_word' id='word_1_51' title='bbox 408 831 579 892; x_wconf 82' lang='lat' dir='ltr'><em>interdictis</em></span> <span class='ocrx_word' id='word_1_52' title='bbox 593 831 747 892; x_wconf 82' lang='lat' dir='ltr'><em>abeodem</em></span> <span class='ocrx_word' id='word_1_53' title='bbox 762 829 906 891; x_wconf 79' lang='lat' dir='ltr'><em>Concilio.</em></span> 
     </span>
    </p>

    <p class='ocr_par' dir='ltr' id='par_1_3' title="bbox 194 917 1483 1886">
     <span class='ocr_line' id='line_1_8' title="bbox 235 917 1483 998; baseline 0.004 -15"><span class='ocrx_word' id='word_1_54' title='bbox 235 925 285 983; x_wconf 91' lang='lat' dir='ltr'><em>lll.</em></span> <span class='ocrx_word' id='word_1_55' title='bbox 303 926 343 982; x_wconf 84' lang='lat' dir='ltr'><em>[te</em></span> <span class='ocrx_word' id='word_1_56' title='bbox 365 921 501 982; x_wconf 89' lang='lat' dir='ltr'><em>censuris</em></span> <span class='ocrx_word' id='word_1_57' title='bbox 520 919 590 980; x_wconf 80' lang='lat' dir='ltr'><em>latae</em></span> <span class='ocrx_word' id='word_1_58' title='bbox 610 919 787 991; x_wconf 75' lang='lat' dir='ltr'><em>sententia,</em></span> <span class='ocrx_word' id='word_1_59' title='bbox 804 935 872 998; x_wconf 74' lang='lat' dir='ltr'><em>&lt;pree</em></span> <span class='ocrx_word' id='word_1_60' title='bbox 890 935 953 978; x_wconf 90' lang='lat' dir='ltr'><em>non</em></span> <span class='ocrx_word' id='word_1_61' title='bbox 973 918 1012 978; x_wconf 86' lang='lat' dir='ltr'><em>ed</em></span> <span class='ocrx_word' id='word_1_62' title='bbox 1026 917 1205 980; x_wconf 87' lang='lat' dir='ltr'><em>universam</em></span> <span class='ocrx_word' id='word_1_63' title='bbox 1225 921 1410 997; x_wconf 80' lang='lat' dir='ltr'><em>Ecclesiam,</em></span> <span class='ocrx_word' id='word_1_64' title='bbox 1427 928 1483 988; x_wconf 83' lang='lat' dir='ltr'><em>sed</em></span> 
     </span>
     <span class='ocr_line' id='line_1_9' title="bbox 194 1004 1483 1087; baseline 0.002 -16"><span class='ocrx_word' id='word_1_65' title='bbox 194 1012 233 1072; x_wconf 85' lang='lat' dir='ltr'><em>ad</em></span> <span class='ocrx_word' id='word_1_66' title='bbox 246 1010 392 1071; x_wconf 85' lang='lat' dir='ltr'><em>instituta</em></span> <span class='ocrx_word' id='word_1_67' title='bbox 406 1009 453 1070; x_wconf 88' lang='lat' dir='ltr'><em>vel</em></span> <span class='ocrx_word' id='word_1_68' title='bbox 467 1009 530 1070; x_wconf 83' lang='lat' dir='ltr'><em>loce</em></span> <span class='ocrx_word' id='word_1_69' title='bbox 543 1007 739 1087; x_wconf 85' lang='lat' dir='ltr'><em>particularia</em></span> <span class='ocrx_word' id='word_1_70' title='bbox 753 1009 904 1086; x_wconf 86' lang='lat' dir='ltr'><em>spectent,</em></span> <span class='ocrx_word' id='word_1_71' title='bbox 922 1004 1001 1067; x_wconf 84' lang='lat' dir='ltr'><em>nihil</em></span> <span class='ocrx_word' id='word_1_72' title='bbox 1016 1023 1140 1084; x_wconf 84' lang='lat' dir='ltr'><em>prorsus</em></span> <span class='ocrx_word' id='word_1_73' title='bbox 1153 1009 1273 1070; x_wconf 83' lang='lat' dir='ltr'><em>mutari</em></span> <span class='ocrx_word' id='word_1_74' title='bbox 1285 1011 1384 1073; x_wconf 88' lang='lat' dir='ltr'><em>voluit</em></span> <span class='ocrx_word' id='word_1_75' title='bbox 1400 1017 1483 1074; x_wconf 84' lang='lat' dir='ltr'><em>Pon-</em></span> 
     </span>
     <span class='ocr_line' id='line_1_10' title="bbox 194 1094 1481 1175; baseline 0.002 -15"><span class='ocrx_word' id='word_1_76' title='bbox 194 1099 280 1160; x_wconf 84' lang='lat' dir='ltr'><em>tiler.</em></span> <span class='ocrx_word' id='word_1_77' title='bbox 298 1097 444 1172; x_wconf 86' lang='lat' dir='ltr'><em>Quinimo</em></span> <span class='ocrx_word' id='word_1_78' title='bbox 458 1113 508 1157; x_wconf 88' lang='lat' dir='ltr'><em>eas</em></span> <span class='ocrx_word' id='word_1_79' title='bbox 528 1113 634 1158; x_wconf 88' lang='lat' dir='ltr'><em>omues</em></span> <span class='ocrx_word' id='word_1_80' title='bbox 649 1099 678 1156; x_wconf 89' lang='lat' dir='ltr'><em>et</em></span> <span class='ocrx_word' id='word_1_81' title='bbox 690 1095 843 1174; x_wconf 82' lang='lat' dir='ltr'><em>singulas,</em></span> <span class='ocrx_word' id='word_1_82' title='bbox 864 1094 968 1174; x_wconf 88' lang='lat' dir='ltr'><em>quales</em></span> <span class='ocrx_word' id='word_1_83' title='bbox 987 1098 1073 1156; x_wconf 86' lang='lat' dir='ltr'><em>erant</em></span> <span class='ocrx_word' id='word_1_84' title='bbox 1094 1100 1200 1168; x_wconf 84' lang='lat' dir='ltr'><em>antea,</em></span> <span class='ocrx_word' id='word_1_85' title='bbox 1216 1098 1427 1175; x_wconf 64' lang='lat' dir='ltr'><em>confirmatum</em></span> <span class='ocrx_word' id='word_1_86' title='bbox 1442 1121 1481 1163; x_wconf 86' lang='lat' dir='ltr'><em>ac</em></span> 
     </span>
     <span class='ocr_line' id='line_1_11' title="bbox 194 1183 1479 1265; baseline 0.002 -17"><span class='ocrx_word' id='word_1_87' title='bbox 194 1187 229 1248; x_wconf 91' lang='lat' dir='ltr'><em>in</em></span> <span class='ocrx_word' id='word_1_88' title='bbox 242 1205 297 1248; x_wconf 86' lang='lat' dir='ltr'><em>suo</em></span> <span class='ocrx_word' id='word_1_89' title='bbox 314 1187 419 1248; x_wconf 88' lang='lat' dir='ltr'><em>robore</em></span> <span class='ocrx_word' id='word_1_90' title='bbox 433 1202 610 1265; x_wconf 88' lang='lat' dir='ltr'><em>permanere</em></span> <span class='ocrx_word' id='word_1_91' title='bbox 622 1183 797 1246; x_wconf 81' lang='lat' dir='ltr'><em>declaravit.</em></span> <span class='ocrx_word' id='word_1_92' title='bbox 816 1183 967 1258; x_wconf 74' lang='lat' dir='ltr'><em>(inuuere</em></span> <span class='ocrx_word' id='word_1_93' title='bbox 983 1203 1134 1257; x_wconf 79' lang='lat' dir='ltr'><em>censoru,</em></span> <span class='ocrx_word' id='word_1_94' title='bbox 1150 1183 1272 1264; x_wconf 89' lang='lat' dir='ltr'><em>inquit,</em></span> <span class='ocrx_word' id='word_1_95' title='bbox 1287 1189 1347 1247; x_wconf 70' lang='lat' dir='ltr'><em>noe</em></span> <span class='ocrx_word' id='word_1_96' title='bbox 1363 1208 1479 1250; x_wconf 72' lang='lat' dir='ltr'><em>mom-</em></span> 
     </span>
     <span class='ocr_line' id='line_1_12' title="bbox 198 1271 1477 1354; baseline 0.003 -20"><span class='ocrx_word' id='word_1_97' title='bbox 198 1275 426 1350; x_wconf 78' lang='lat' dir='ltr'><em>inculcationis,</em></span> <span class='ocrx_word' id='word_1_98' title='bbox 444 1276 504 1334; x_wconf 87' lang='lat' dir='ltr'><em>sive</em></span> <span class='ocrx_word' id='word_1_99' title='bbox 521 1275 742 1354; x_wconf 83' lang='lat' dir='ltr'><em>suspensionis,</em></span> <span class='ocrx_word' id='word_1_100' title='bbox 759 1274 820 1332; x_wconf 84' lang='lat' dir='ltr'><em>siue</em></span> <span class='ocrx_word' id='word_1_101' title='bbox 832 1271 999 1346; x_wconf 78' lang='lat' dir='ltr'><em>interdicti,</em></span> <span class='ocrx_word' id='word_1_102' title='bbox 1016 1271 1137 1332; x_wconf 84' lang='lat' dir='ltr'><em>Nostris</em></span> <span class='ocrx_word' id='word_1_103' title='bbox 1152 1283 1207 1334; x_wconf 89' lang='lat' dir='ltr'><em>out</em></span> <span class='ocrx_word' id='word_1_104' title='bbox 1220 1274 1477 1338; x_wconf 79' lang='lat' dir='ltr'><em>Preedecessorum</em></span> 
     </span>
     <span class='ocr_line' id='line_1_13' title="bbox 196 1358 1477 1445; baseline 0.002 -20"><span class='ocrx_word' id='word_1_105' title='bbox 196 1364 377 1425; x_wconf 86' lang='lat' dir='ltr'><em>Nostrorum</em></span> <span class='ocrx_word' id='word_1_106' title='bbox 396 1362 687 1439; x_wconf 86' lang='lat' dir='ltr'><em>Constitutionibus,</em></span> <span class='ocrx_word' id='word_1_107' title='bbox 703 1372 756 1421; x_wconf 86' lang='lat' dir='ltr'><em>ant</em></span> <span class='ocrx_word' id='word_1_108' title='bbox 769 1362 865 1422; x_wconf 88' lang='lat' dir='ltr'><em>saeris</em></span> <span class='ocrx_word' id='word_1_109' title='bbox 887 1358 1062 1422; x_wconf 86' lang='lat' dir='ltr'><em>Cononibns</em></span> <span class='ocrx_word' id='word_1_110' title='bbox 1073 1371 1189 1441; x_wconf 80' lang='lat' dir='ltr'><em>prater</em></span> <span class='ocrx_word' id='word_1_111' title='bbox 1204 1381 1266 1441; x_wconf 89' lang='lat' dir='ltr'><em>eas,</em></span> <span class='ocrx_word' id='word_1_112' title='bbox 1288 1384 1361 1445; x_wconf 85' lang='lat' dir='ltr'><em>quas</em></span> <span class='ocrx_word' id='word_1_113' title='bbox 1373 1386 1477 1427; x_wconf 82' lang='lat' dir='ltr'><em>reeen-</em></span> 
     </span>
     <span class='ocr_line' id='line_1_14' title="bbox 197 1450 1474 1534; baseline 0.001 -22"><span class='ocrx_word' id='word_1_114' title='bbox 197 1454 324 1520; x_wconf 85' lang='lat' dir='ltr'><em>suimus,</em></span> <span class='ocrx_word' id='word_1_115' title='bbox 354 1451 423 1512; x_wconf 85' lang='lat' dir='ltr'><em>latoe</em></span> <span class='ocrx_word' id='word_1_116' title='bbox 445 1461 532 1528; x_wconf 89' lang='lat' dir='ltr'><em>sunt,</em></span> <span class='ocrx_word' id='word_1_117' title='bbox 557 1461 648 1532; x_wconf 69' lang='lat' dir='ltr'><em>atqcue</em></span> <span class='ocrx_word' id='word_1_118' title='bbox 668 1450 809 1511; x_wconf 79' lang='lat' dir='ltr'><em>kactenus</em></span> <span class='ocrx_word' id='word_1_119' title='bbox 833 1451 864 1510; x_wconf 88' lang='lat' dir='ltr'><em>in</em></span> <span class='ocrx_word' id='word_1_120' title='bbox 888 1469 939 1510; x_wconf 89' lang='lat' dir='ltr'><em>suo</em></span> <span class='ocrx_word' id='word_1_121' title='bbox 966 1450 1071 1530; x_wconf 83' lang='lat' dir='ltr'><em>cipere</em></span> <span class='ocrx_word' id='word_1_122' title='bbox 1092 1453 1305 1531; x_wconf 79' lang='lat' dir='ltr'><em>perstiterunt,</em></span> <span class='ocrx_word' id='word_1_123' title='bbox 1326 1455 1387 1512; x_wconf 70' lang='lat' dir='ltr'><em>sure</em></span> <span class='ocrx_word' id='word_1_124' title='bbox 1401 1475 1474 1534; x_wconf 80' lang='lat' dir='ltr'><em>pro</em></span> 
     </span>
     <span class='ocr_line' id='line_1_15' title="bbox 197 1539 1468 1620; baseline 0.002 -22"><span class='ocrx_word' id='word_1_125' title='bbox 197 1539 236 1600; x_wconf 84' lang='lat' dir='ltr'><em>B.</em></span> <span class='ocrx_word' id='word_1_126' title='bbox 258 1539 414 1619; x_wconf 77' lang='lat' dir='ltr'><em>Pontificio</em></span> <span class='ocrx_word' id='word_1_127' title='bbox 428 1539 582 1616; x_wconf 76' lang='lat' dir='ltr'><em>electione,</em></span> <span class='ocrx_word' id='word_1_128' title='bbox 599 1541 661 1600; x_wconf 88' lang='lat' dir='ltr'><em>sive</em></span> <span class='ocrx_word' id='word_1_129' title='bbox 676 1559 737 1620; x_wconf 84' lang='lat' dir='ltr'><em>pro</em></span> <span class='ocrx_word' id='word_1_130' title='bbox 756 1540 876 1599; x_wconf 78' lang='lat' dir='ltr'><em>interno</em></span> <span class='ocrx_word' id='word_1_131' title='bbox 890 1539 1037 1620; x_wconf 76' lang='lat' dir='ltr'><em>repimine</em></span> <span class='ocrx_word' id='word_1_132' title='bbox 1056 1558 1301 1620; x_wconf 78' lang='lat' dir='ltr'><em>quorumcumque</em></span> <span class='ocrx_word' id='word_1_133' title='bbox 1315 1539 1468 1602; x_wconf 82' lang='lat' dir='ltr'><em>Orclinum</em></span> 
     </span>
     <span class='ocr_line' id='line_1_16' title="bbox 200 1628 1475 1710; baseline 0.001 -21"><span class='ocrx_word' id='word_1_134' title='bbox 200 1637 227 1689; x_wconf 92' lang='lat' dir='ltr'><em>et</em></span> <span class='ocrx_word' id='word_1_135' title='bbox 243 1629 450 1688; x_wconf 85' lang='lat' dir='ltr'><em>institutorum</em></span> <span class='ocrx_word' id='word_1_136' title='bbox 467 1628 674 1709; x_wconf 75' lang='lat' dir='ltr'><em>eupatorium,</em></span> <span class='ocrx_word' id='word_1_137' title='bbox 691 1647 806 1689; x_wconf 87' lang='lat' dir='ltr'><em>necnon</em></span> <span class='ocrx_word' id='word_1_138' title='bbox 822 1647 1077 1710; x_wconf 82' lang='lat' dir='ltr'><em>quorumcumque</em></span> <span class='ocrx_word' id='word_1_139' title='bbox 1092 1628 1287 1709; x_wconf 80' lang='lat' dir='ltr'><em>callepiorum,</em></span> <span class='ocrx_word' id='word_1_140' title='bbox 1299 1648 1475 1710; x_wconf 68' lang='grc'><strong>1111911911-</strong></span> 
     </span>
     <span class='ocr_line' id='line_1_17' title="bbox 201 1717 1473 1798; baseline 0.002 -22"><span class='ocrx_word' id='word_1_141' title='bbox 201 1717 332 1794; x_wconf 85' lang='lat' dir='ltr'><em>tionum,</em></span> <span class='ocrx_word' id='word_1_142' title='bbox 351 1726 480 1778; x_wconf 77' lang='lat' dir='ltr'><em>saturem</em></span> <span class='ocrx_word' id='word_1_143' title='bbox 490 1718 682 1798; x_wconf 85' lang='lat' dir='ltr'><em>locorumque</em></span> <span class='ocrx_word' id='word_1_144' title='bbox 692 1720 819 1798; x_wconf 89' lang='lat' dir='ltr'><em>piorum</em></span> <span class='ocrx_word' id='word_1_145' title='bbox 829 1717 1043 1798; x_wconf 80' lang='lat' dir='ltr'><em>cujuscumque</em></span> <span class='ocrx_word' id='word_1_146' title='bbox 1056 1718 1188 1779; x_wconf 81' lang='lat' dir='ltr'><em>reoncinis</em></span> <span class='ocrx_word' id='word_1_147' title='bbox 1201 1727 1251 1778; x_wconf 86' lang='lat' dir='ltr'><em>out</em></span> <span class='ocrx_word' id='word_1_148' title='bbox 1265 1719 1381 1798; x_wconf 68' lang='lat' dir='ltr'><em>pennis</em></span> <span class='ocrx_word' id='word_1_149' title='bbox 1396 1719 1473 1796; x_wconf 84' lang='lat' dir='ltr'><em>sint,</em></span> 
     </span>
     <span class='ocr_line' id='line_1_18' title="bbox 201 1805 1446 1886; baseline 0.002 -20"><span class='ocrx_word' id='word_1_150' title='bbox 201 1825 249 1866; x_wconf 90' lang='lat' dir='ltr'><em>cas</em></span> <span class='ocrx_word' id='word_1_151' title='bbox 264 1825 363 1865; x_wconf 77' lang='lat' dir='ltr'><em>ornnes</em></span> <span class='ocrx_word' id='word_1_152' title='bbox 377 1805 483 1886; x_wconf 74' lang='lat' dir='ltr'><em>firmos</em></span> <span class='ocrx_word' id='word_1_153' title='bbox 498 1825 572 1884; x_wconf 88' lang='lat' dir='ltr'><em>esse,</em></span> <span class='ocrx_word' id='word_1_154' title='bbox 587 1815 616 1866; x_wconf 92' lang='lat' dir='ltr'><em>et</em></span> <span class='ocrx_word' id='word_1_155' title='bbox 631 1807 663 1865; x_wconf 91' lang='lat' dir='ltr'><em>in</em></span> <span class='ocrx_word' id='word_1_156' title='bbox 679 1827 732 1866; x_wconf 88' lang='lat' dir='ltr'><em>suo</em></span> <span class='ocrx_word' id='word_1_157' title='bbox 748 1805 1041 1886; x_wconf 82' lang='lat' dir='ltr'><em>roborepervnanerc</em></span> <span class='ocrx_word' id='word_1_158' title='bbox 1056 1806 1192 1867; x_wconf 84' lang='lat' dir='ltr'><em>volumus</em></span> <span class='ocrx_word' id='word_1_159' title='bbox 1206 1816 1233 1868; x_wconf 91' lang='lat' dir='ltr'><em>et</em></span> <span class='ocrx_word' id='word_1_160' title='bbox 1247 1805 1446 1868; x_wconf 83' lang='lat' dir='ltr'><em>declaramus.</em></span> 
     </span>
    </p>

    <p class='ocr_par' dir='ltr' id='par_1_4' title="bbox 202 1894 1480 2505">
     <span class='ocr_line' id='line_1_19' title="bbox 241 1894 1475 1960; baseline 0.003 -7"><span class='ocrx_word' id='word_1_161' title='bbox 241 1895 291 1954; x_wconf 90' lang='lat' dir='ltr'><em>IV.</em></span> <span class='ocrx_word' id='word_1_162' title='bbox 308 1897 375 1954; x_wconf 91' lang='lat' dir='ltr'><em>Non</em></span> <span class='ocrx_word' id='word_1_163' title='bbox 389 1894 553 1956; x_wconf 80' lang='lat' dir='ltr'><em>declaravit</em></span> <span class='ocrx_word' id='word_1_164' title='bbox 567 1895 667 1956; x_wconf 88' lang='lat' dir='ltr'><em>solum</em></span> <span class='ocrx_word' id='word_1_165' title='bbox 685 1894 825 1957; x_wconf 77' lang='lat' dir='ltr'><em>Pontifex</em></span> <span class='ocrx_word' id='word_1_166' title='bbox 843 1913 987 1956; x_wconf 88' lang='lat' dir='ltr'><em>censuras</em></span> <span class='ocrx_word' id='word_1_167' title='bbox 1002 1901 1118 1960; x_wconf 88' lang='lat' dir='ltr'><em>veteres</em></span> <span class='ocrx_word' id='word_1_168' title='bbox 1137 1895 1171 1956; x_wconf 87' lang='lat' dir='ltr'><em>in</em></span> <span class='ocrx_word' id='word_1_169' title='bbox 1190 1895 1415 1958; x_wconf 84' lang='lat' dir='ltr'><em>Constitutione</em></span> <span class='ocrx_word' id='word_1_170' title='bbox 1429 1915 1475 1957; x_wconf 91' lang='lat' dir='ltr'><em>re-</em></span> 
     </span>
     <span class='ocr_line' id='line_1_20' title="bbox 202 1981 1472 2064; baseline 0.003 -22"><span class='ocrx_word' id='word_1_171' title='bbox 202 1981 332 2044; x_wconf 84' lang='lat' dir='ltr'><em>censitas</em></span> <span class='ocrx_word' id='word_1_172' title='bbox 340 1983 442 2061; x_wconf 79' lang='lat' dir='ltr'><em>vigere</em></span> <span class='ocrx_word' id='word_1_173' title='bbox 454 1983 563 2058; x_wconf 87' lang='lat' dir='ltr'><em>adhuc,</em></span> <span class='ocrx_word' id='word_1_174' title='bbox 576 2001 704 2062; x_wconf 84' lang='lat' dir='ltr'><em>eanrque</em></span> <span class='ocrx_word' id='word_1_175' title='bbox 712 1983 843 2044; x_wconf 91' lang='lat' dir='ltr'><em>retinere</em></span> <span class='ocrx_word' id='word_1_176' title='bbox 858 1983 1081 2052; x_wconf 80' lang='lat' dir='ltr'><em>auctoritatem,</em></span> <span class='ocrx_word' id='word_1_177' title='bbox 1094 2003 1189 2064; x_wconf 85' lang='lat' dir='ltr'><em>quarn</em></span> <span class='ocrx_word' id='word_1_178' title='bbox 1200 1984 1273 2046; x_wconf 89' lang='lat' dir='ltr'><em>olim</em></span> <span class='ocrx_word' id='word_1_179' title='bbox 1282 1984 1472 2059; x_wconf 79' lang='lat' dir='ltr'><em>habuerunt;</em></span> 
     </span>
     <span class='ocr_line' id='line_1_21' title="bbox 203 2071 1476 2152; baseline 0.002 -23"><span class='ocrx_word' id='word_1_180' title='bbox 203 2071 255 2131; x_wconf 89' lang='lat' dir='ltr'><em>sed</em></span> <span class='ocrx_word' id='word_1_181' title='bbox 270 2077 300 2130; x_wconf 89' lang='lat' dir='ltr'><em>et</em></span> <span class='ocrx_word' id='word_1_182' title='bbox 315 2072 382 2131; x_wconf 84' lang='lat' dir='ltr'><em>illes</em></span> <span class='ocrx_word' id='word_1_183' title='bbox 396 2090 466 2132; x_wconf 85' lang='lat' dir='ltr'><em>vere</em></span> <span class='ocrx_word' id='word_1_184' title='bbox 480 2071 652 2146; x_wconf 82' lang='lat' dir='ltr'><em>innovavit,</em></span> <span class='ocrx_word' id='word_1_185' title='bbox 670 2072 701 2134; x_wconf 90' lang='lat' dir='ltr'><em>id</em></span> <span class='ocrx_word' id='word_1_186' title='bbox 716 2078 762 2134; x_wconf 87' lang='lat' dir='ltr'><em>est</em></span> <span class='ocrx_word' id='word_1_187' title='bbox 776 2071 897 2152; x_wconf 87' lang='lat' dir='ltr'><em>propria</em></span> <span class='ocrx_word' id='word_1_188' title='bbox 911 2072 1091 2134; x_wconf 81' lang='lat' dir='ltr'><em>arioloritate</em></span> <span class='ocrx_word' id='word_1_189' title='bbox 1106 2074 1142 2134; x_wconf 92' lang='lat' dir='ltr'><em>de</em></span> <span class='ocrx_word' id='word_1_190' title='bbox 1157 2091 1236 2137; x_wconf 83' lang='lat' dir='ltr'><em>novo</em></span> <span class='ocrx_word' id='word_1_191' title='bbox 1252 2072 1371 2146; x_wconf 84' lang='lat' dir='ltr'><em>statuit,</em></span> <span class='ocrx_word' id='word_1_192' title='bbox 1387 2072 1476 2151; x_wconf 90' lang='lat' dir='ltr'><em>quasi</em></span> 
     </span>
     <span class='ocr_line' id='line_1_22' title="bbox 202 2157 1477 2240; baseline 0.004 -24"><span class='ocrx_word' id='word_1_193' title='bbox 202 2157 303 2237; x_wconf 84' lang='lat' dir='ltr'><em>primo</em></span> <span class='ocrx_word' id='word_1_194' title='bbox 317 2158 381 2218; x_wconf 83' lang='lat' dir='ltr'><em>vioe</em></span> <span class='ocrx_word' id='word_1_195' title='bbox 394 2159 618 2238; x_wconf 85' lang='lat' dir='ltr'><em>infligerentur.</em></span> <span class='ocrx_word' id='word_1_196' title='bbox 636 2160 768 2234; x_wconf 82' lang='lat' dir='ltr'><em>Scilicet,</em></span> <span class='ocrx_word' id='word_1_197' title='bbox 785 2167 875 2240; x_wconf 88' lang='lat' dir='ltr'><em>prout</em></span> <span class='ocrx_word' id='word_1_198' title='bbox 896 2160 958 2240; x_wconf 87' lang='lat' dir='ltr'><em>ipse</em></span> <span class='ocrx_word' id='word_1_199' title='bbox 974 2161 1128 2240; x_wconf 87' lang='lat' dir='ltr'><em>loquitur:</em></span> <span class='ocrx_word' id='word_1_200' title='bbox 1146 2161 1219 2222; x_wconf 89' lang='lat' dir='ltr'><em>Non</em></span> <span class='ocrx_word' id='word_1_201' title='bbox 1240 2161 1325 2222; x_wconf 88' lang='lat' dir='ltr'><em>modo</em></span> <span class='ocrx_word' id='word_1_202' title='bbox 1345 2179 1380 2221; x_wconf 86' lang='lat' dir='ltr'><em>ee</em></span> <span class='ocrx_word' id='word_1_203' title='bbox 1397 2169 1477 2221; x_wconf 87' lang='lat' dir='ltr'><em>oete-</em></span> 
     </span>
     <span class='ocr_line' id='line_1_23' title="bbox 203 2245 1476 2330; baseline 0.003 -26"><span class='ocrx_word' id='word_1_204' title='bbox 203 2265 270 2305; x_wconf 85' lang='lat' dir='ltr'><em>rnon</em></span> <span class='ocrx_word' id='word_1_205' title='bbox 294 2245 452 2308; x_wconf 80' lang='lat' dir='ltr'><em>Cononem</em></span> <span class='ocrx_word' id='word_1_206' title='bbox 476 2250 672 2323; x_wconf 83' lang='lat' dir='ltr'><em>aeectoritate,</em></span> <span class='ocrx_word' id='word_1_207' title='bbox 693 2258 838 2330; x_wconf 79' lang='lat' dir='ltr'><em>qscatemes</em></span> <span class='ocrx_word' id='word_1_208' title='bbox 861 2269 927 2308; x_wconf 89' lang='lat' dir='ltr'><em>cum</em></span> <span class='ocrx_word' id='word_1_209' title='bbox 949 2250 1015 2330; x_wconf 87' lang='lat' dir='ltr'><em>ipso</em></span> <span class='ocrx_word' id='word_1_210' title='bbox 1035 2248 1260 2310; x_wconf 83' lang='lat' dir='ltr'><em>Constitutione</em></span> <span class='ocrx_word' id='word_1_211' title='bbox 1282 2251 1476 2322; x_wconf 72' lang='lat' dir='ltr'><em>convestiunt,</em></span> 
     </span>
     <span class='ocr_line' id='line_1_24' title="bbox 203 2337 1480 2418; baseline 0.002 -24"><span class='ocrx_word' id='word_1_212' title='bbox 203 2355 305 2394; x_wconf 83' lang='lat' dir='ltr'><em>oerum</em></span> <span class='ocrx_word' id='word_1_213' title='bbox 325 2338 471 2397; x_wconf 77' lang='lat' dir='ltr'><em>etiamen</em></span> <span class='ocrx_word' id='word_1_214' title='bbox 493 2342 560 2417; x_wconf 88' lang='lat' dir='ltr'><em>ipsa</em></span> <span class='ocrx_word' id='word_1_215' title='bbox 583 2337 824 2414; x_wconf 85' lang='lat' dir='ltr'><em>Constitutione,</em></span> <span class='ocrx_word' id='word_1_216' title='bbox 842 2357 903 2398; x_wconf 91' lang='lat' dir='ltr'><em>non</em></span> <span class='ocrx_word' id='word_1_217' title='bbox 924 2357 1007 2398; x_wconf 85' lang='lat' dir='ltr'><em>secus</em></span> <span class='ocrx_word' id='word_1_218' title='bbox 1031 2357 1066 2397; x_wconf 91' lang='lat' dir='ltr'><em>ac</em></span> <span class='ocrx_word' id='word_1_219' title='bbox 1083 2339 1113 2398; x_wconf 87' lang='lat' dir='ltr'><em>si</em></span> <span class='ocrx_word' id='word_1_220' title='bbox 1122 2341 1258 2418; x_wconf 83' lang='lat' dir='ltr'><em>primum</em></span> <span class='ocrx_word' id='word_1_221' title='bbox 1278 2339 1367 2401; x_wconf 82' lang='lat' dir='ltr'><em>edita</em></span> <span class='ocrx_word' id='word_1_222' title='bbox 1387 2337 1425 2397; x_wconf 88' lang='lat' dir='ltr'><em>ab</em></span> <span class='ocrx_word' id='word_1_223' title='bbox 1444 2357 1480 2398; x_wconf 88' lang='lat' dir='ltr'><em>eu</em></span> 
     </span>
     <span class='ocr_line' id='line_1_25' title="bbox 203 2425 835 2505; baseline 0.009 -26"><span class='ocrx_word' id='word_1_224' title='bbox 203 2425 340 2500; x_wconf 71' lang='lat' dir='ltr'><em>firrrint,</em></span> <span class='ocrx_word' id='word_1_225' title='bbox 356 2426 415 2482; x_wconf 87' lang='lat' dir='ltr'><em>aim</em></span> <span class='ocrx_word' id='word_1_226' title='bbox 430 2443 511 2483; x_wconf 78' lang='lat' dir='ltr'><em>suain</em></span> <span class='ocrx_word' id='word_1_227' title='bbox 524 2445 652 2503; x_wconf 84' lang='lat' dir='ltr'><em>prorsus</em></span> <span class='ocrx_word' id='word_1_228' title='bbox 668 2427 835 2505; x_wconf 87' lang='lat' dir='ltr'><em>accipiunt.</em></span> 
     </span>
    </p>

    <p class='ocr_par' dir='ltr' id='par_1_5' title="bbox 202 2511 1479 3306">
     <span class='ocr_line' id='line_1_26' title="bbox 244 2511 1479 2589; baseline 0.009 -23"><span class='ocrx_word' id='word_1_229' title='bbox 244 2512 281 2567; x_wconf 90' lang='lat' dir='ltr'><em>V.</em></span> <span class='ocrx_word' id='word_1_230' title='bbox 298 2512 410 2586; x_wconf 82' lang='lat' dir='ltr'><em>Scopas</em></span> <span class='ocrx_word' id='word_1_231' title='bbox 424 2511 650 2589; x_wconf 75' lang='lat' dir='ltr'><em>promulgandae</em></span> <span class='ocrx_word' id='word_1_232' title='bbox 665 2514 903 2575; x_wconf 83' lang='lat' dir='ltr'><em>Constitutionis</em></span> <span class='ocrx_word' id='word_1_233' title='bbox 914 2513 964 2575; x_wconf 90' lang='lat' dir='ltr'><em>hic</em></span> <span class='ocrx_word' id='word_1_234' title='bbox 978 2513 1038 2576; x_wconf 86' lang='lat' dir='ltr'><em>fuit</em></span> <span class='ocrx_word' id='word_1_235' title='bbox 1051 2534 1058 2574; x_wconf 93' lang='lat'>:</span> <span class='ocrx_word' id='word_1_236' title='bbox 1072 2517 1148 2576; x_wconf 83' lang='lat' dir='ltr'><em>Cum</em></span> <span class='ocrx_word' id='word_1_237' title='bbox 1163 2533 1300 2576; x_wconf 72' lang='lat' dir='ltr'><em>censurae</em></span> <span class='ocrx_word' id='word_1_238' title='bbox 1320 2515 1390 2576; x_wconf 78' lang='lat' dir='ltr'><em>latee</em></span> <span class='ocrx_word' id='word_1_239' title='bbox 1409 2534 1479 2577; x_wconf 88' lang='lat' dir='ltr'><em>sen-</em></span> 
     </span>
     <span class='ocr_line' id='line_1_27' title="bbox 202 2595 1479 2682; baseline 0.005 -26"><span class='ocrx_word' id='word_1_240' title='bbox 202 2595 323 2667; x_wconf 76' lang='lat' dir='ltr'><em>tentia,</em></span> <span class='ocrx_word' id='word_1_241' title='bbox 340 2613 407 2675; x_wconf 78' lang='lat' dir='ltr'><em>qum</em></span> <span class='ocrx_word' id='word_1_242' title='bbox 431 2617 485 2677; x_wconf 86' lang='lat' dir='ltr'><em>per</em></span> <span class='ocrx_word' id='word_1_243' title='bbox 506 2599 645 2679; x_wconf 78' lang='lat' dir='ltr'><em>sinpulas</em></span> <span class='ocrx_word' id='word_1_244' title='bbox 667 2611 767 2662; x_wconf 85' lang='lat' dir='ltr'><em>cetotes</em></span> <span class='ocrx_word' id='word_1_245' title='bbox 787 2603 909 2664; x_wconf 80' lang='lat' dir='ltr'><em>indicta</em></span> <span class='ocrx_word' id='word_1_246' title='bbox 932 2603 1067 2682; x_wconf 83' lang='lat' dir='ltr'><em>fuerent,</em></span> <span class='ocrx_word' id='word_1_247' title='bbox 1088 2621 1227 2680; x_wconf 71' lang='lat' dir='ltr'><em>maynum</em></span> <span class='ocrx_word' id='word_1_248' title='bbox 1250 2601 1479 2664; x_wconf 82' lang='lat' dir='ltr'><em>adnumerum</em></span> 
     </span>
     <span class='ocr_line' id='line_1_28' title="bbox 202 2686 1479 2773; baseline 0.002 -27"><span class='ocrx_word' id='word_1_249' title='bbox 202 2688 308 2746; x_wconf 76' lang='lat' dir='ltr'><em>sennim</em></span> <span class='ocrx_word' id='word_1_250' title='bbox 327 2686 559 2764; x_wconf 67' lang='lat' dir='ltr'><em>onerosissima</em></span> <span class='ocrx_word' id='word_1_251' title='bbox 583 2689 720 2769; x_wconf 76' lang='lat' dir='ltr'><em>quiedam</em></span> <span class='ocrx_word' id='word_1_252' title='bbox 741 2693 847 2768; x_wconf 90' lang='lat' dir='ltr'><em>etiam,</em></span> <span class='ocrx_word' id='word_1_253' title='bbox 877 2691 1054 2773; x_wconf 79' lang='lat' dir='ltr'><em>temporibus</em></span> <span class='ocrx_word' id='word_1_254' title='bbox 1073 2687 1259 2768; x_wconf 74' lang='lat' dir='ltr'><em>moribusque</em></span> <span class='ocrx_word' id='word_1_255' title='bbox 1278 2689 1423 2766; x_wconf 86' lang='lat' dir='ltr'><em>mutatis,</em></span> <span class='ocrx_word' id='word_1_256' title='bbox 1455 2713 1479 2749; x_wconf 84' lang='lat' dir='ltr'><em>a</em></span> 
     </span>
     <span class='ocr_line' id='line_1_29' title="bbox 203 2775 1479 2860; baseline 0.002 -26"><span class='ocrx_word' id='word_1_257' title='bbox 203 2775 264 2854; x_wconf 78' lang='lat' dir='ltr'><em>fine</em></span> <span class='ocrx_word' id='word_1_258' title='bbox 285 2783 372 2855; x_wconf 85' lang='lat' dir='ltr'><em>atque</em></span> <span class='ocrx_word' id='word_1_259' title='bbox 389 2780 498 2854; x_wconf 84' lang='lat' dir='ltr'><em>causis,</em></span> <span class='ocrx_word' id='word_1_260' title='bbox 517 2777 554 2837; x_wconf 84' lang='lat' dir='ltr'><em>ob</em></span> <span class='ocrx_word' id='word_1_261' title='bbox 569 2797 643 2858; x_wconf 83' lang='lat' dir='ltr'><em>quas</em></span> <span class='ocrx_word' id='word_1_262' title='bbox 660 2781 811 2860; x_wconf 78' lang='lat' dir='ltr'><em>imposita</em></span> <span class='ocrx_word' id='word_1_263' title='bbox 827 2781 967 2860; x_wconf 79' lang='lat' dir='ltr'><em>suerent,</em></span> <span class='ocrx_word' id='word_1_264' title='bbox 984 2779 1029 2840; x_wconf 86' lang='lat' dir='ltr'><em>vel</em></span> <span class='ocrx_word' id='word_1_265' title='bbox 1050 2779 1209 2859; x_wconf 84' lang='lat' dir='ltr'><em>apristina</em></span> <span class='ocrx_word' id='word_1_266' title='bbox 1228 2776 1361 2837; x_wconf 87' lang='lat' dir='ltr'><em>utilitate</em></span> <span class='ocrx_word' id='word_1_267' title='bbox 1383 2785 1479 2857; x_wconf 68' lang='lat' dir='ltr'><em>ateste</em></span> 
     </span>
     <span class='ocr_line' id='line_1_30' title="bbox 205 2865 1474 2952; baseline 0.003 -30"><span class='ocrx_word' id='word_1_268' title='bbox 205 2865 430 2945; x_wconf 70' lang='lat' dir='ltr'><em>opportunitate</em></span> <span class='ocrx_word' id='word_1_269' title='bbox 453 2865 633 2927; x_wconf 80' lang='lat' dir='ltr'><em>cecidissent</em></span> <span class='ocrx_word' id='word_1_270' title='bbox 654 2869 751 2948; x_wconf 89' lang='lat' dir='ltr'><em>(unde</em></span> <span class='ocrx_word' id='word_1_271' title='bbox 766 2889 826 2930; x_wconf 87' lang='lat' dir='ltr'><em>non</em></span> <span class='ocrx_word' id='word_1_272' title='bbox 850 2870 1061 2952; x_wconf 71' lang='lat' dir='ltr'><em>infrequenter</em></span> <span class='ocrx_word' id='word_1_273' title='bbox 1078 2867 1262 2943; x_wconf 83' lang='lat' dir='ltr'><em>oriebantur,</em></span> <span class='ocrx_word' id='word_1_274' title='bbox 1285 2865 1346 2926; x_wconf 88' lang='lat' dir='ltr'><em>sioc</em></span> <span class='ocrx_word' id='word_1_275' title='bbox 1366 2865 1399 2924; x_wconf 87' lang='lat' dir='ltr'><em>in</em></span> <span class='ocrx_word' id='word_1_276' title='bbox 1425 2868 1474 2942; x_wconf 86' lang='lat' dir='ltr'><em>iis,</em></span> 
     </span>
     <span class='ocr_line' id='line_1_31' title="bbox 205 2951 1474 3040; baseline 0.003 -30"><span class='ocrx_word' id='word_1_277' title='bbox 205 2951 315 3032; x_wconf 77' lang='lat' dir='ltr'><em>quiores</em></span> <span class='ocrx_word' id='word_1_278' title='bbox 339 2956 508 3014; x_wconf 86' lang='lat' dir='ltr'><em>animarum</em></span> <span class='ocrx_word' id='word_1_279' title='bbox 529 2975 602 3016; x_wconf 86' lang='lat' dir='ltr'><em>eura</em></span> <span class='ocrx_word' id='word_1_280' title='bbox 621 2957 772 3017; x_wconf 75' lang='lat' dir='ltr'><em>coimmissa</em></span> <span class='ocrx_word' id='word_1_281' title='bbox 796 2968 852 3034; x_wconf 91' lang='lat' dir='ltr'><em>est,</em></span> <span class='ocrx_word' id='word_1_282' title='bbox 886 2959 948 3019; x_wconf 84' lang='lat' dir='ltr'><em>siue</em></span> <span class='ocrx_word' id='word_1_283' title='bbox 978 2963 1011 3018; x_wconf 88' lang='lat' dir='ltr'><em>in</em></span> <span class='ocrx_word' id='word_1_284' title='bbox 1031 2957 1103 3040; x_wconf 86' lang='lat' dir='ltr'><em>ipsis</em></span> <span class='ocrx_word' id='word_1_285' title='bbox 1126 2955 1268 3038; x_wconf 79' lang='lat' dir='ltr'><em>fidelibus</em></span> <span class='ocrx_word' id='word_1_286' title='bbox 1295 2953 1459 3014; x_wconf 80' lang='lat' dir='ltr'><em>dubietates</em></span> <span class='ocrx_word' id='word_1_287' title='bbox 1465 3001 1474 3030; x_wconf 90' lang='lat'><em>,</em></span> 
     </span>
     <span class='ocr_line' id='line_1_32' title="bbox 204 3043 1475 3128; baseline -0.001 -26"><span class='ocrx_word' id='word_1_288' title='bbox 204 3044 383 3117; x_wconf 72' lang='lat' dir='ltr'><em>coarctatos,</em></span> <span class='ocrx_word' id='word_1_289' title='bbox 415 3062 604 3124; x_wconf 80' lang='lat' dir='ltr'><em>oveporespne</em></span> <span class='ocrx_word' id='word_1_290' title='bbox 628 3048 850 3128; x_wconf 81' lang='lat' dir='ltr'><em>conscientiae),</em></span> <span class='ocrx_word' id='word_1_291' title='bbox 875 3048 1065 3109; x_wconf 82' lang='lat' dir='ltr'><em>Auoloritote</em></span> <span class='ocrx_word' id='word_1_292' title='bbox 1089 3045 1258 3126; x_wconf 82' lang='lat' dir='ltr'><em>Apostolioa</em></span> <span class='ocrx_word' id='word_1_293' title='bbox 1287 3043 1475 3104; x_wconf 81' lang='lat' dir='ltr'><em>statuendum</em></span> 
     </span>
     <span class='ocr_line' id='line_1_33' title="bbox 202 3131 1479 3218; baseline 0.002 -30"><span class='ocrx_word' id='word_1_294' title='bbox 202 3131 280 3208; x_wconf 85' lang='lat' dir='ltr'><em>snit,</em></span> <span class='ocrx_word' id='word_1_295' title='bbox 298 3149 444 3210; x_wconf 86' lang='lat' dir='ltr'><em>quasnam</em></span> <span class='ocrx_word' id='word_1_296' title='bbox 462 3151 498 3192; x_wconf 82' lang='lat' dir='ltr'><em>en</em></span> <span class='ocrx_word' id='word_1_297' title='bbox 513 3134 550 3192; x_wconf 87' lang='lat' dir='ltr'><em>iis</em></span> <span class='ocrx_word' id='word_1_298' title='bbox 564 3153 684 3196; x_wconf 86' lang='lat' dir='ltr'><em>seruare</em></span> <span class='ocrx_word' id='word_1_299' title='bbox 704 3155 738 3196; x_wconf 88' lang='lat' dir='ltr'><em>ac</em></span> <span class='ocrx_word' id='word_1_300' title='bbox 752 3139 882 3196; x_wconf 88' lang='lat' dir='ltr'><em>retinere</em></span> <span class='ocrx_word' id='word_1_301' title='bbox 897 3145 1066 3218; x_wconf 84' lang='lat' dir='ltr'><em>oporteret,</em></span> <span class='ocrx_word' id='word_1_302' title='bbox 1086 3154 1161 3217; x_wconf 83' lang='lat' dir='ltr'><em>quos</em></span> <span class='ocrx_word' id='word_1_303' title='bbox 1180 3152 1250 3196; x_wconf 88' lang='lat' dir='ltr'><em>oero</em></span> <span class='ocrx_word' id='word_1_304' title='bbox 1262 3133 1412 3196; x_wconf 82' lang='lat' dir='ltr'><em>moderari</em></span> <span class='ocrx_word' id='word_1_305' title='bbox 1426 3141 1479 3192; x_wconf 86' lang='lat' dir='ltr'><em>aut</em></span> 
     </span>
     <span class='ocr_line' id='line_1_34' title="bbox 205 3219 951 3306; baseline 0.012 -30"><span class='ocrx_word' id='word_1_306' title='bbox 205 3219 353 3300; x_wconf 73' lang='lat' dir='ltr'><em>abrepere</em></span> <span class='ocrx_word' id='word_1_307' title='bbox 367 3232 554 3300; x_wconf 80' lang='lat' dir='ltr'><em>eonprueret.</em></span> <span class='ocrx_word' id='word_1_308' title='bbox 567 3260 606 3268; x_wconf 91' lang='lat'><em>-</em></span> <span class='ocrx_word' id='word_1_309' title='bbox 619 3225 669 3286; x_wconf 84' lang='lat' dir='ltr'><em>lta</em></span> <span class='ocrx_word' id='word_1_310' title='bbox 682 3243 721 3284; x_wconf 84' lang='lat' dir='ltr'><em>ee</em></span> <span class='ocrx_word' id='word_1_311' title='bbox 736 3228 801 3306; x_wconf 85' lang='lat' dir='ltr'><em>ipso.</em></span> <span class='ocrx_word' id='word_1_312' title='bbox 821 3225 951 3287; x_wconf 80' lang='lat' dir='ltr'><em>Constet.</em></span> 
     </span>
    </p>
   </div>
   <div class='ocr_carea' id='block_1_3' title="bbox 326 3399 540 3462">
    <p class='ocr_par' dir='ltr' id='par_1_6' title="bbox 326 3399 540 3462">
     <span class='ocr_line' id='line_1_35' title="bbox 326 3399 540 3462; baseline 0.005 -1"><span class='ocrx_word' id='word_1_313' title='bbox 326 3399 540 3462; x_wconf 78' lang='lat' dir='ltr'><em>ResolveS.</em></span> 
     </span>
    </p>
   </div>
   <div class='ocr_carea' id='block_1_4' title="bbox 199 3557 1482 4436">
    <p class='ocr_par' dir='ltr' id='par_1_7' title="bbox 202 3557 1479 3899">
     <span class='ocr_line' id='line_1_36' title="bbox 243 3557 1479 3638; baseline 0 -22"><span class='ocrx_word' id='word_1_314' title='bbox 243 3557 314 3616; x_wconf 76' lang='grc'><strong>911.</strong></span> <span class='ocrx_word' id='word_1_315' title='bbox 330 3592 370 3600; x_wconf 95' lang='grc'>-</span> <span class='ocrx_word' id='word_1_316' title='bbox 387 3562 419 3618; x_wconf 82' lang='grc'><em>10</em></span> <span class='ocrx_word' id='word_1_317' title='bbox 431 3561 495 3631; x_wconf 84' lang='lat' dir='ltr'><em>Qua</em></span> <span class='ocrx_word' id='word_1_318' title='bbox 509 3577 546 3620; x_wconf 84' lang='lat' dir='ltr'><em>ex</em></span> <span class='ocrx_word' id='word_1_319' title='bbox 562 3565 647 3638; x_wconf 84' lang='lat' dir='ltr'><em>parte</em></span> <span class='ocrx_word' id='word_1_320' title='bbox 667 3560 775 3621; x_wconf 87' lang='lat' dir='ltr'><em>saltem</em></span> <span class='ocrx_word' id='word_1_321' title='bbox 792 3560 862 3623; x_wconf 88' lang='lat' dir='ltr'><em>finis</em></span> <span class='ocrx_word' id='word_1_322' title='bbox 877 3557 1114 3624; x_wconf 82' lang='lat' dir='ltr'><em>Constitutionis</em></span> <span class='ocrx_word' id='word_1_323' title='bbox 1132 3558 1208 3632; x_wconf 87' lang='lat' dir='ltr'><em>luit,</em></span> <span class='ocrx_word' id='word_1_324' title='bbox 1224 3563 1260 3620; x_wconf 90' lang='lat' dir='ltr'><em>ut</em></span> <span class='ocrx_word' id='word_1_325' title='bbox 1275 3563 1479 3634; x_wconf 83' lang='lat' dir='ltr'><em>temperaren-</em></span> 
     </span>
     <span class='ocr_line' id='line_1_37' title="bbox 204 3643 1477 3730; baseline 0.002 -28"><span class='ocrx_word' id='word_1_326' title='bbox 204 3647 255 3702; x_wconf 91' lang='lat' dir='ltr'><em>tur</em></span> <span class='ocrx_word' id='word_1_327' title='bbox 266 3662 300 3704; x_wconf 90' lang='lat' dir='ltr'><em>ae</em></span> <span class='ocrx_word' id='word_1_328' title='bbox 315 3643 525 3707; x_wconf 88' lang='lat' dir='ltr'><em>limitarentur</em></span> <span class='ocrx_word' id='word_1_329' title='bbox 540 3647 675 3727; x_wconf 76' lang='lat' dir='ltr'><em>antique</em></span> <span class='ocrx_word' id='word_1_330' title='bbox 691 3667 841 3723; x_wconf 74' lang='lat' dir='ltr'><em>censura,</em></span> <span class='ocrx_word' id='word_1_331' title='bbox 859 3649 926 3730; x_wconf 89' lang='lat' dir='ltr'><em>ipsa</em></span> <span class='ocrx_word' id='word_1_332' title='bbox 944 3648 979 3709; x_wconf 88' lang='lat' dir='ltr'><em>in</em></span> <span class='ocrx_word' id='word_1_333' title='bbox 993 3647 1087 3710; x_wconf 91' lang='lat' dir='ltr'><em>dubio</em></span> <span class='ocrx_word' id='word_1_334' title='bbox 1101 3665 1221 3726; x_wconf 87' lang='lat' dir='ltr'><em>semper</em></span> <span class='ocrx_word' id='word_1_335' title='bbox 1238 3644 1372 3723; x_wconf 77' lang='lat' dir='ltr'><em>benigne</em></span> <span class='ocrx_word' id='word_1_336' title='bbox 1385 3643 1477 3705; x_wconf 87' lang='lat' dir='ltr'><em>inter-</em></span> 
     </span>
     <span class='ocr_line' id='line_1_38' title="bbox 202 3731 1476 3815; baseline 0.002 -24"><span class='ocrx_word' id='word_1_337' title='bbox 202 3733 349 3809; x_wconf 83' lang='lat' dir='ltr'><em>pretanda</em></span> <span class='ocrx_word' id='word_1_338' title='bbox 361 3739 423 3809; x_wconf 88' lang='lat' dir='ltr'><em>est;</em></span> <span class='ocrx_word' id='word_1_339' title='bbox 440 3738 469 3795; x_wconf 89' lang='lat' dir='ltr'><em>et</em></span> <span class='ocrx_word' id='word_1_340' title='bbox 481 3753 548 3814; x_wconf 77' lang='lat' dir='ltr'><em>qun</em></span> <span class='ocrx_word' id='word_1_341' title='bbox 563 3754 600 3797; x_wconf 80' lang='lat' dir='ltr'><em>err</em></span> <span class='ocrx_word' id='word_1_342' title='bbox 613 3737 767 3800; x_wconf 85' lang='lat' dir='ltr'><em>veteribus</em></span> <span class='ocrx_word' id='word_1_343' title='bbox 779 3738 958 3800; x_wconf 74' lang='lat' dir='ltr'><em>canonibus</em></span> <span class='ocrx_word' id='word_1_344' title='bbox 975 3755 1038 3798; x_wconf 89' lang='lat' dir='ltr'><em>non</em></span> <span class='ocrx_word' id='word_1_345' title='bbox 1051 3741 1134 3798; x_wconf 89' lang='lat' dir='ltr'><em>certo</em></span> <span class='ocrx_word' id='word_1_346' title='bbox 1146 3754 1200 3815; x_wconf 89' lang='lat' dir='ltr'><em>per</em></span> <span class='ocrx_word' id='word_1_347' title='bbox 1212 3735 1313 3814; x_wconf 87' lang='lat' dir='ltr'><em>ipsam</em></span> <span class='ocrx_word' id='word_1_348' title='bbox 1327 3731 1476 3794; x_wconf 84' lang='lat' dir='ltr'><em>innovan-</em></span> 
     </span>
     <span class='ocr_line' id='line_1_39' title="bbox 202 3821 861 3899; baseline 0.015 -21"><span class='ocrx_word' id='word_1_349' title='bbox 202 3823 263 3894; x_wconf 89' lang='lat' dir='ltr'><em>tur,</em></span> <span class='ocrx_word' id='word_1_350' title='bbox 281 3839 334 3899; x_wconf 87' lang='lat' dir='ltr'><em>pro</em></span> <span class='ocrx_word' id='word_1_351' title='bbox 347 3821 467 3884; x_wconf 85' lang='lat' dir='ltr'><em>abolitis</em></span> <span class='ocrx_word' id='word_1_352' title='bbox 482 3823 608 3886; x_wconf 91' lang='lat' dir='ltr'><em>omnino</em></span> <span class='ocrx_word' id='word_1_353' title='bbox 623 3824 763 3888; x_wconf 90' lang='lat' dir='ltr'><em>habenda</em></span> <span class='ocrx_word' id='word_1_354' title='bbox 778 3834 861 3888; x_wconf 93' lang='lat' dir='ltr'><em>sunt.</em></span> 
     </span>
    </p>

    <p class='ocr_par' dir='ltr' id='par_1_8' title="bbox 199 3907 1482 4436">
     <span class='ocr_line' id='line_1_40' title="bbox 242 3907 1475 3993; baseline -0.001 -23"><span class='ocrx_word' id='word_1_355' title='bbox 242 3913 273 3970; x_wconf 68' lang='lat'><em>2⁰</em></span> <span class='ocrx_word' id='word_1_356' title='bbox 294 3914 338 3972; x_wconf 85' lang='lat' dir='ltr'><em>Ea</em></span> <span class='ocrx_word' id='word_1_357' title='bbox 359 3917 476 3985; x_wconf 87' lang='lat' dir='ltr'><em>tamen,</em></span> <span class='ocrx_word' id='word_1_358' title='bbox 494 3930 561 3992; x_wconf 77' lang='lat' dir='ltr'><em>quse</em></span> <span class='ocrx_word' id='word_1_359' title='bbox 582 3913 615 3975; x_wconf 89' lang='lat' dir='ltr'><em>in</em></span> <span class='ocrx_word' id='word_1_360' title='bbox 632 3913 698 3993; x_wconf 86' lang='lat' dir='ltr'><em>ipso</em></span> <span class='ocrx_word' id='word_1_361' title='bbox 713 3916 789 3977; x_wconf 83' lang='lat' dir='ltr'><em>clare</em></span> <span class='ocrx_word' id='word_1_362' title='bbox 806 3921 836 3977; x_wconf 89' lang='lat' dir='ltr'><em>et</em></span> <span class='ocrx_word' id='word_1_363' title='bbox 849 3923 929 3978; x_wconf 88' lang='lat' dir='ltr'><em>certo</em></span> <span class='ocrx_word' id='word_1_364' title='bbox 946 3914 1156 3987; x_wconf 83' lang='lat' dir='ltr'><em>eorrtinentur,</em></span> <span class='ocrx_word' id='word_1_365' title='bbox 1174 3911 1296 3974; x_wconf 87' lang='lat' dir='ltr'><em>etiamsi</em></span> <span class='ocrx_word' id='word_1_366' title='bbox 1315 3917 1407 3972; x_wconf 87' lang='lat' dir='ltr'><em>antea</em></span> <span class='ocrx_word' id='word_1_367' title='bbox 1420 3907 1475 3972; x_wconf 84' lang='lat' dir='ltr'><em>die-i</em></span> 
     </span>
     <span class='ocr_line' id='line_1_41' title="bbox 200 3996 1474 4078; baseline 0.004 -25"><span class='ocrx_word' id='word_1_368' title='bbox 200 3997 372 4074; x_wconf 83' lang='lat' dir='ltr'><em>potuissent</em></span> <span class='ocrx_word' id='word_1_369' title='bbox 387 4002 537 4078; x_wconf 85' lang='lat' dir='ltr'><em>obsoleta,</em></span> <span class='ocrx_word' id='word_1_370' title='bbox 553 4010 609 4065; x_wconf 85' lang='lat' dir='ltr'><em>aut</em></span> <span class='ocrx_word' id='word_1_371' title='bbox 623 4003 657 4064; x_wconf 91' lang='lat' dir='ltr'><em>in</em></span> <span class='ocrx_word' id='word_1_372' title='bbox 671 4004 905 4066; x_wconf 86' lang='lat' dir='ltr'><em>desuetudinem</em></span> <span class='ocrx_word' id='word_1_373' title='bbox 920 4004 1049 4078; x_wconf 86' lang='lat' dir='ltr'><em>abiisse,</em></span> <span class='ocrx_word' id='word_1_374' title='bbox 1064 4009 1119 4065; x_wconf 86' lang='lat' dir='ltr'><em>aut</em></span> <span class='ocrx_word' id='word_1_375' title='bbox 1135 3999 1312 4064; x_wconf 89' lang='lat' dir='ltr'><em>universim</em></span> <span class='ocrx_word' id='word_1_376' title='bbox 1326 3996 1474 4077; x_wconf 81' lang='lat' dir='ltr'><em>ignorari,</em></span> 
     </span>
     <span class='ocr_line' id='line_1_42' title="bbox 200 4087 1477 4172; baseline 0.002 -28"><span class='ocrx_word' id='word_1_377' title='bbox 200 4099 284 4144; x_wconf 89' lang='lat' dir='ltr'><em>nuno</em></span> <span class='ocrx_word' id='word_1_378' title='bbox 302 4087 422 4162; x_wconf 88' lang='lat' dir='ltr'><em>plenam</em></span> <span class='ocrx_word' id='word_1_379' title='bbox 446 4091 586 4154; x_wconf 90' lang='lat' dir='ltr'><em>obtinent</em></span> <span class='ocrx_word' id='word_1_380' title='bbox 607 4092 672 4154; x_wconf 86' lang='lat' dir='ltr'><em>vim</em></span> <span class='ocrx_word' id='word_1_381' title='bbox 696 4093 867 4172; x_wconf 84' lang='lat' dir='ltr'><em>obligandi,</em></span> <span class='ocrx_word' id='word_1_382' title='bbox 894 4094 1073 4172; x_wconf 84' lang='lat' dir='ltr'><em>nullamque</em></span> <span class='ocrx_word' id='word_1_383' title='bbox 1098 4089 1248 4171; x_wconf 87' lang='lat' dir='ltr'><em>ejusmodi</em></span> <span class='ocrx_word' id='word_1_384' title='bbox 1272 4087 1477 4166; x_wconf 84' lang='lat' dir='ltr'><em>exceptionem</em></span> 
     </span>
     <span class='ocr_line' id='line_1_43' title="bbox 200 4169 1480 4262; baseline -0.002 -24"><span class='ocrx_word' id='word_1_385' title='bbox 200 4169 384 4234; x_wconf 76' lang='lat' dir='ltr'><em>admittunt.</em></span> <span class='ocrx_word' id='word_1_386' title='bbox 399 4211 438 4220; x_wconf 82' lang='lat'><strong>—</strong></span> <span class='ocrx_word' id='word_1_387' title='bbox 451 4181 654 4243; x_wconf 77' lang='lat' dir='ltr'><em>Confirmatio</em></span> <span class='ocrx_word' id='word_1_388' title='bbox 666 4186 820 4261; x_wconf 84' lang='lat' dir='ltr'><em>Responso</em></span> <span class='ocrx_word' id='word_1_389' title='bbox 835 4185 982 4262; x_wconf 82' lang='lat' dir='ltr'><em>Congreg.</em></span> <span class='ocrx_word' id='word_1_390' title='bbox 1000 4184 1030 4244; x_wconf 84' lang='lat' dir='ltr'><em>S.</em></span> <span class='ocrx_word' id='word_1_391' title='bbox 1047 4177 1144 4244; x_wconf 79' lang='lat' dir='ltr'><em>efficii</em></span> <span class='ocrx_word' id='word_1_392' title='bbox 1156 4179 1194 4240; x_wconf 89' lang='lat' dir='ltr'><em>ad</em></span> <span class='ocrx_word' id='word_1_393' title='bbox 1208 4177 1378 4257; x_wconf 86' lang='lat' dir='ltr'><em>quemdam</em></span> <span class='ocrx_word' id='word_1_394' title='bbox 1392 4172 1480 4238; x_wconf 79' lang='lat' dir='ltr'><em>oroi-</em></span> 
     </span>
     <span class='ocr_line' id='line_1_44' title="bbox 199 4261 1480 4350; baseline 0.003 -29"><span class='ocrx_word' id='word_1_395' title='bbox 199 4261 324 4323; x_wconf 86' lang='lat' dir='ltr'><em>narium</em></span> <span class='ocrx_word' id='word_1_396' title='bbox 346 4261 380 4324; x_wconf 86' lang='lat' dir='ltr'><em>in</em></span> <span class='ocrx_word' id='word_1_397' title='bbox 405 4266 608 4332; x_wconf 81' lang='lat' dir='ltr'><em>instructione</em></span> <span class='ocrx_word' id='word_1_398' title='bbox 634 4278 647 4332; x_wconf 98' lang='grc'><strong>1</strong></span> <span class='ocrx_word' id='word_1_399' title='bbox 674 4271 763 4332; x_wconf 84' lang='lat' dir='ltr'><em>Febr.</em></span> <span class='ocrx_word' id='word_1_400' title='bbox 786 4275 881 4346; x_wconf 81' lang='grc'><strong>1871,</strong></span> <span class='ocrx_word' id='word_1_401' title='bbox 905 4272 987 4350; x_wconf 89' lang='lat' dir='ltr'><em>quod</em></span> <span class='ocrx_word' id='word_1_402' title='bbox 1011 4269 1054 4331; x_wconf 89' lang='lat' dir='ltr'><em>sic</em></span> <span class='ocrx_word' id='word_1_403' title='bbox 1075 4268 1183 4332; x_wconf 86' lang='lat' dir='ltr'><em>habet:</em></span> <span class='ocrx_word' id='word_1_404' title='bbox 1198 4289 1214 4327; x_wconf 84' lang='lat' dir='ltr'><em>c</em></span> <span class='ocrx_word' id='word_1_405' title='bbox 1238 4264 1356 4329; x_wconf 80' lang='lat' dir='ltr'><em>Mirum</em></span> <span class='ocrx_word' id='word_1_406' title='bbox 1380 4269 1480 4326; x_wconf 81' lang='lat' dir='ltr'><em>sunm</em></span> 
     </span>
     <span class='ocr_line' id='line_1_45' title="bbox 204 4351 1482 4436; baseline 0.002 -28"><span class='ocrx_word' id='word_1_407' title='bbox 204 4371 218 4409; x_wconf 82' lang='lat' dir='ltr'><em>a</em></span> <span class='ocrx_word' id='word_1_408' title='bbox 242 4351 347 4415; x_wconf 70' lang='lat' dir='ltr'><em>visiun</em></span> <span class='ocrx_word' id='word_1_409' title='bbox 361 4359 421 4430; x_wconf 91' lang='lat' dir='ltr'><em>ost,</em></span> <span class='ocrx_word' id='word_1_410' title='bbox 438 4359 518 4436; x_wconf 90' lang='lat' dir='ltr'><em>quod</em></span> <span class='ocrx_word' id='word_1_411' title='bbox 539 4359 629 4421; x_wconf 90' lang='lat' dir='ltr'><em>tertio</em></span> <span class='ocrx_word' id='word_1_412' title='bbox 648 4360 710 4421; x_wconf 89' lang='lat' dir='ltr'><em>loco</em></span> <span class='ocrx_word' id='word_1_413' title='bbox 732 4360 768 4422; x_wconf 88' lang='lat' dir='ltr'><em>de</em></span> <span class='ocrx_word' id='word_1_414' title='bbox 790 4359 902 4421; x_wconf 91' lang='lat' dir='ltr'><em>iisdem</em></span> <span class='ocrx_word' id='word_1_415' title='bbox 923 4358 1061 4422; x_wconf 86' lang='lat' dir='ltr'><em>censuris</em></span> <span class='ocrx_word' id='word_1_416' title='bbox 1083 4356 1230 4430; x_wconf 76' lang='lat' dir='ltr'><em>addebas,</em></span> <span class='ocrx_word' id='word_1_417' title='bbox 1245 4375 1286 4416; x_wconf 87' lang='lat' dir='ltr'><em>on</em></span> <span class='ocrx_word' id='word_1_418' title='bbox 1310 4373 1417 4414; x_wconf 84' lang='lat' dir='ltr'><em>reuera</em></span> <span class='ocrx_word' id='word_1_419' title='bbox 1434 4371 1482 4411; x_wconf 84' lang='lat' dir='ltr'><em>er·</em></span> 
     </span>
    </p>
   </div>
   <div class='ocr_carea' id='block_1_5' title="bbox 203 4439 1486 4619">
    <p class='ocr_par' dir='ltr' id='par_1_9' title="bbox 203 4439 1486 4619">
     <span class='ocr_line' id='line_1_46' title="bbox 203 4439 1485 4530; baseline 0.005 -33"><span class='ocrx_word' id='word_1_420' title='bbox 203 4459 219 4494; x_wconf 82' lang='grc'><strong>(1</strong></span> <span class='ocrx_word' id='word_1_421' title='bbox 243 4447 538 4506; x_wconf 74' lang='lat' dir='ltr'><em>coeremonicationem</em></span> <span class='ocrx_word' id='word_1_422' title='bbox 566 4452 724 4510; x_wconf 87' lang='lat' dir='ltr'><em>incurrant</em></span> <span class='ocrx_word' id='word_1_423' title='bbox 751 4449 818 4527; x_wconf 84' lang='lat' dir='ltr'><em>illi,</em></span> <span class='ocrx_word' id='word_1_424' title='bbox 839 4452 893 4530; x_wconf 84' lang='lat' dir='ltr'><em>qui</em></span> <span class='ocrx_word' id='word_1_425' title='bbox 912 4449 967 4510; x_wconf 83' lang='lat' dir='ltr'><em>uin</em></span> <span class='ocrx_word' id='word_1_426' title='bbox 986 4447 1083 4509; x_wconf 85' lang='lat' dir='ltr'><em>ideam</em></span> <span class='ocrx_word' id='word_1_427' title='bbox 1104 4445 1216 4507; x_wconf 81' lang='lat' dir='ltr'><em>babent</em></span> <span class='ocrx_word' id='word_1_428' title='bbox 1236 4445 1334 4525; x_wconf 74' lang='lat' dir='ltr'><em>lupum</em></span> <span class='ocrx_word' id='word_1_429' title='bbox 1354 4463 1374 4502; x_wconf 88' lang='lat' dir='ltr'><em>a</em></span> <span class='ocrx_word' id='word_1_430' title='bbox 1399 4439 1485 4519; x_wconf 70' lang='lat' dir='ltr'><em>teneo</em></span> 
     </span>
     <span class='ocr_line' id='line_1_47' title="bbox 207 4531 1486 4619; baseline 0.004 -34"><span class='ocrx_word' id='word_1_431' title='bbox 207 4547 222 4586; x_wconf 85' lang='lat' dir='ltr'><em>c</em></span> <span class='ocrx_word' id='word_1_432' title='bbox 247 4535 376 4610; x_wconf 87' lang='lat' dir='ltr'><em>tempore</em></span> <span class='ocrx_word' id='word_1_433' title='bbox 391 4532 587 4596; x_wconf 59' lang='lat' dir='ltr'><em>obsoniorum</em></span> <span class='ocrx_word' id='word_1_434' title='bbox 606 4541 667 4598; x_wconf 83' lang='lat' dir='ltr'><em>sinc</em></span> <span class='ocrx_word' id='word_1_435' title='bbox 682 4538 714 4598; x_wconf 91' lang='lat' dir='ltr'><em>in</em></span> <span class='ocrx_word' id='word_1_436' title='bbox 734 4538 851 4619; x_wconf 80' lang='lat' dir='ltr'><em>Anplio</em></span> <span class='ocrx_word' id='word_1_437' title='bbox 862 4539 924 4601; x_wconf 85' lang='lat' dir='ltr'><em>siue</em></span> <span class='ocrx_word' id='word_1_438' title='bbox 937 4539 972 4600; x_wconf 82' lang='lat' dir='ltr'><em>in</em></span> <span class='ocrx_word' id='word_1_439' title='bbox 993 4535 1117 4600; x_wconf 85' lang='lat' dir='ltr'><em>Gallia?</em></span> <span class='ocrx_word' id='word_1_440' title='bbox 1130 4534 1241 4614; x_wconf 80' lang='lat' dir='ltr'><em>Agitur</em></span> <span class='ocrx_word' id='word_1_441' title='bbox 1256 4532 1341 4596; x_wconf 88' lang='lat' dir='ltr'><em>enim</em></span> <span class='ocrx_word' id='word_1_442' title='bbox 1355 4531 1486 4593; x_wconf 74' lang='grc' dir='ltr'><strong>11θῦ011-</strong></span> 
     </span>
    </p>
   </div>
   <div class='ocr_carea' id='block_1_6' title="bbox 0 0 1615 5042">
    <p class='ocr_par' dir='ltr' id='par_1_10' title="bbox 0 0 1615 5042">
     <span class='ocr_line' id='line_1_48' title="bbox 0 0 1615 5042; baseline 0 0"><span class='ocrx_word' id='word_1_443' title='bbox 0 0 1615 5042; x_wconf 95' lang='lat' dir='ltr'><em> </em></span> 
     </span>
    </p>
   </div>
  </div>
 </body>
</html>
