3198 5034
460 221 502 265 us
523 220 698 266 srarraus
719 221 1031 267 raarreunsmaus
1364 208 1383 268 9
1487 274 1489 278 ,
1572 197 1573 262 s

152 329 242 412 Reep.
260 335 292 394 2⁰
305 351 312 392 :
328 332 559 394 Attendendum
571 337 617 394 est
630 331 668 393 ad
681 335 799 393 statuta
812 331 947 394 locorum
960 330 1166 411 particularia.
1179 331 1234 393 Ee
1244 332 1320 394 lure
1331 352 1384 396 au-

114 423 172 479 tem
188 418 302 482 Gallim
316 420 374 482 hoc
387 418 575 500 prohibetur.
588 420 736 482 Attamen
752 419 902 501 quidquid
914 420 956 482 sit
969 420 1006 481 de
1020 420 1082 499 lege
1097 418 1195 494 civili,
1207 439 1282 483 usus
1297 421 1383 484 iuva-

115 506 183 580 luit,
204 507 316 570 sciente
330 513 361 570 et
374 508 497 572 vidente
508 507 677 582 Guberuio,
694 513 731 571 ut
745 507 883 571 advocati
898 515 929 570 et
941 513 1149 588 procuratores
1160 507 1205 570 ita
1219 526 1285 570 rem
1300 527 1382 572 com-
1492 565 1494 570 ,

113 599 239 674 ponant,
258 603 294 658 ut
307 615 360 676 pro
377 596 506 676 singulis
524 595 679 659 mandatis
700 596 885 676 apparitores
904 596 986 658 idem
1001 596 1063 659 fere
1077 596 1213 676 pretium
1231 596 1380 674 habeant,

113 681 219 746 sivein
234 686 378 748 eumdem
391 685 490 748 locum
504 690 632 767 pergant
647 684 711 747 sive
725 685 759 747 in
772 686 836 747 loca
850 684 981 748 diversa.

615 895 791 970 CAPUT
819 895 874 970 IV

283 1081 331 1132 DE
356 1082 650 1133 OBLIGATIONIBUS
676 1081 876 1133 SCRIBARUM
904 1083 948 1132 ΕΤ
973 1081 1205 1133 NOTARIORUM

442 1253 468 1320 l.
486 1290 532 1302 -
553 1251 604 1320 De
621 1253 742 1320 scribis
760 1273 819 1320 eeu
836 1255 1039 1321 secretariis.

144 1416 195 1476 le.
213 1449 251 1458 -
266 1411 377 1475 Scriba
392 1431 446 1476 seu
460 1413 639 1476 secretarius
657 1413 775 1494 (galliae
794 1413 937 1496 greffier)
953 1413 1003 1476 ille
1017 1419 1077 1490 est,
1095 1414 1149 1495 qui
1164 1414 1275 1496 scripto
1290 1413 1382 1478 refert

106 1499 296 1576 testimonia,
310 1502 452 1584 judicum
464 1501 647 1576 sentencias,
663 1508 830 1583 ceteraque
844 1502 1029 1583 omniaque
1043 1501 1078 1565 ia
1089 1501 1298 1566 tribunalibus
1313 1521 1382 1582 per-

106 1595 251 1667 aguntur.
273 1589 351 1653 Hine
373 1591 461 1671 quasi
482 1596 518 1653 ut
542 1592 665 1654 dextera
680 1591 793 1672 judicis
812 1595 842 1652 et
860 1590 958 1671 ipsius
978 1591 1118 1671 publicus
1138 1599 1169 1654 et
1185 1591 1382 1654 authenticus

110 1678 291 1740 secretarius
305 1679 488 1742 considerari
502 1680 585 1742 solet.

144 1765 323 1846 injustitias
339 1773 443 1830 autem
457 1767 557 1829 varias
572 1767 673 1830 scriba
684 1765 879 1829 committere
893 1770 1006 1846 potest,
1022 1769 1191 1846 praesertim

145 1859 181 1914 10
198 1852 231 1914 Si
246 1853 436 1934 diligentiam
450 1853 584 1917 debitam
607 1874 669 1917 non
684 1853 829 1916 adhibeat
848 1855 886 1915 ad
903 1851 1007 1916 omnia
1020 1855 1127 1916 audita
1149 1861 1179 1916 et
1198 1860 1314 1918 statuta
1326 1863 1380 1919 aut

108 1939 207 2004 decisa
223 1947 325 2005 exacte
343 1942 377 2004 in
396 1941 544 2023 scriptum
557 1942 728 2018 referenda3
748 1940 872 2004 omissio
894 1940 1025 2004 enimin
1045 1942 1136 2004 rebus
1155 1941 1249 2023 hujus
1264 1943 1383 2024 generis

109 2027 191 2092 iacile
206 2030 311 2108 gravis
323 2031 449 2092 evadere
460 2036 569 2110 potest.

146 2122 178 2180 2⁰
203 2116 238 2181 Si
259 2118 429 2182 attentione
450 2118 529 2181 seria
553 2123 583 2180 et
608 2119 758 2181 constanti
781 2137 843 2181 non
865 2125 972 2181 utatur
991 2119 1030 2181 ad
1052 2118 1157 2181 omnia
1179 2119 1215 2181 in
1235 2119 1383 2183 tribunali

109 2207 225 2286 prolata
248 2211 279 2268 et
296 2213 418 2287 peracta
438 2207 472 2269 in
486 2206 578 2269 libros
593 2205 784 2271 authenticos
803 2205 978 2269 referenda:
995 2206 1137 2270 facillime
1151 2207 1235 2270 enim
1250 2207 1383 2272 deiectus

111 2293 290 2356 attentionis
305 2294 339 2356 in
353 2295 452 2357 scriba
465 2295 586 2376 culpam
603 2313 727 2375 gravem
744 2302 775 2358 et
788 2295 994 2358 restitutionis
1008 2294 1224 2376 obligationem
1239 2296 1383 2360 inducere

111 2388 224 2460 potest,
240 2381 303 2445 nisi
317 2383 442 2446 omnino
457 2383 684 2447 involuntarius
699 2384 749 2447 sit.
767 2383 840 2459 Quis
851 2383 936 2446 enim
950 2402 1012 2446 non
1027 2384 1125 2458 videt,
1140 2391 1257 2464 quauta
1270 2386 1383 2448 damna

112 2487 150 2531 ex
163 2469 280 2534 deiectu
294 2472 387 2534 etiam
401 2471 460 2534 levi
474 2490 511 2534 ex
525 2479 609 2552 parte
624 2471 856 2535 secretariorum
870 2472 1017 2552 subsequi
1030 2473 1171 2554 possint?

146 2563 179 2622 3⁰
191 2558 226 2622 Si
240 2579 277 2622 ex
289 2560 409 2623 malitia
420 2559 537 2640 aliquid
550 2560 584 2622 in
600 2559 756 2623 scribendo
769 2561 909 2635 omittat,
924 2567 979 2623 aut
993 2559 1020 2623 si
1035 2559 1159 2624 tabellas
1173 2563 1310 2642 publicas
1323 2562 1383 2625 sibi

110 2647 284 2711 commissas
303 2649 453 2711 adulteret
466 2654 521 2711 aut
535 2649 613 2711 male
630 2649 796 2726 custodiat;
811 2650 838 2711 si
854 2647 973 2712 debitas
987 2648 1187 2712 formalitates
1204 2656 1235 2712 et
1250 2650 1382 2714 subscri-

111 2734 224 2816 ptiones
238 2755 299 2800 non
322 2743 454 2818 apponat
474 2742 529 2799 aut
550 2735 661 2818 apponi
682 2756 744 2800 nou
762 2742 895 2817 satagat3
922 2737 949 2799 si
969 2737 1146 2800 testimonia
1166 2756 1228 2800 non
1251 2737 1381 2801 fideliter

112 2823 306 2900 transcribat,
337 2825 401 2888 sive
424 2827 646 2906 exaggerando,
671 2826 734 2889 sive
757 2826 991 2904 imminuendo,
1018 2825 1082 2888 sive
1107 2825 1302 2887 immutando
1328 2830 1384 2887 aut

115 2909 301 2976 invertendo.

147 3005 179 3063 10
192 3001 228 3064 Si
241 3001 275 3064 in
289 3001 509 3065 distribuendis
523 3002 631 3067 litibus
649 3002 745 3065 favori
759 3003 861 3083 potius
875 3019 968 3085 (ιιιιιιι
980 3002 1082 3065 ordini
1100 3007 1216 3082 pareat;
1236 3002 1263 3064 si
1277 3003 1314 3064 ad
1330 3021 1384 3064 au-

113 3091 245 3165 gendum
257 3090 403 3154 salarium
417 3097 485 3154 acta
498 3091 712 3154 distribuenda
725 3095 840 3173 majora
853 3091 953 3167 iaciat,
968 3111 998 3153 v.
1015 3109 1074 3170 gr.‚
1091 3090 1247 3154 scribendo
1262 3089 1296 3152 in
1310 3091 1383 3152 dua-

26 3215 27 3230 ι
113 3174 165 3240 bus
178 3179 301 3259 paginis
313 3197 362 3252 ea,
378 3198 445 3261 quae
459 3179 493 3241 in
507 3180 599 3242 unica
611 3178 715 3242 referri
728 3185 880 3259 poterant.

26 3303 27 3306 =
149 3269 178 3328 5⁰
185 3265 219 3329 Si
232 3285 378 3329 arcanum
391 3265 451 3329 sibi
463 3266 662 3329 commissum
673 3268 795 3348 prodat;
810 3267 837 3330 si
851 3268 1035 3331 sententiam
1043 3269 1182 3331 nondum
1194 3266 1383 3349 publicatam

113 3353 297 3432 manifestet;
319 3355 345 3418 si
365 3373 520 3435 processus
535 3361 670 3434 peractos
687 3355 752 3416 sine
762 3356 875 3436 judicis
889 3355 1063 3438 praescripto
1077 3355 1216 3436 partibus
1228 3355 1380 3418 ostendat.

149 3446 180 3505 6⁰
196 3443 231 3505 Si
251 3451 318 3506 aeta
333 3442 446 3526 judicis
464 3443 567 3505 tradat
584 3441 740 3521 partibuS,
760 3447 926 3522 antequam
941 3448 1032 3525 juxta
1047 3443 1161 3506 formas
1182 3444 1290 3523 legales
1310 3440 1383 3502 sub-

114 3530 222 3612 scripta
234 3530 362 3595 merint.
374 3534 461 3594 Tunc
473 3529 556 3593 enim
568 3529 815 3592 instrumentum
825 3548 970 3593 mancum
981 3537 1013 3592 et
1021 3531 1132 3592 falsum
1142 3530 1280 3602 exhibet,
1295 3529 1382 3608 cujus

114 3619 260 3697 expeditio
274 3620 390 3683 nullius
405 3619 516 3683 valoris
528 3619 671 3682 habetur.
688 3653 727 3662 -
743 3617 779 3678 S.
795 3616 866 3698 Lip.
883 3637 914 3680 a.
931 3621 1000 3680 229.

569 3799 613 3866 11.
629 3835 675 3847 -
692 3798 740 3864 De
757 3795 917 3865 notariis.

151 3971 254 4033 911-
266 3969 426 4048 Notarius,
452 3987 506 4032 seu
526 3969 646 4032 tabellio
664 3968 778 4031 dicitur
797 3967 864 4044 ille,
881 3967 936 4050 qui
954 3965 1133 4032 auctoritate
1153 3962 1288 4046 legitima
1306 3983 1383 4028 eon·

117 4054 254 4120 stituitur
263 4059 302 4122 ad
312 4058 470 4121 scribenda
481 4062 546 4121 acta
557 4076 611 4121 seu
622 4057 832 4120 instrumenta
842 4057 973 4138 publica,
983 4074 1052 4139 quae
1063 4060 1133 4116 tum
1144 4053 1299 4134 injudicio
1312 4059 1382 4116 tum

118 4149 199 4207 extra
208 4145 362 4227 judicium
376 4146 468 4210 fidem
482 4145 605 4210 iaciant.

151 4233 229 4297 Hinc
250 4241 390 4316 apparet,
406 4235 516 4316 quanti
529 4235 680 4298 momenti
694 4234 735 4298 sit
754 4233 867 4298 notarii
881 4251 1013 4306 munuc,
1029 4249 1122 4312 quam
1144 4233 1204 4295 late
1220 4235 1335 4313 pateat,
1352 4235 1383 4293 et

116 4337 204 4399 quam
235 4324 379 4404 gravibus
404 4323 614 4404 obstringatur
640 4322 888 4404 obligationibus.
916 4321 1033 4386 Notarii
1058 4321 1163 4403 itaque
1187 4319 1255 4400 pari
1280 4319 1320 4380 ad
1349 4318 1382 4380 id

116 4424 226 4473 munus
240 4411 382 4488 scientia,
399 4411 624 4492 perspicacitate
638 4431 701 4475 noa
715 4410 888 4485 communi,
904 4415 935 4472 et
945 4409 1143 4490 potissimum
1153 4406 1272 4488 egregia
1285 4404 1381 4468 fideli·

117 4500 189 4572 tate,
205 4500 368 4580 prudentia
383 4506 414 4563 et
432 4499 583 4581 probitate
597 4501 725 4581 gaudere
747 4499 869 4563 debent.
884 4500 962 4561 Cum
981 4497 1071 4581 euim!
1085 4496 1207 4577 negotia
1220 4499 1249 4557 et
1263 4499 1382 4556 coutra-
