3220 5042
200 171 269 230 eet
729 185 937 230 reserares

199 301 278 369 tate,
295 294 388 357 idest
402 311 473 358 cum
487 299 598 358 mutuo
611 311 760 358 consensu
774 293 908 358 eramus
924 293 1127 357 manifestato.
1145 329 1183 338 -
1197 291 1232 355 8.
1248 294 1330 375 atq,
1348 314 1379 354 n.
1397 299 1475 366 set,

204 394 231 446 et
247 383 313 444 alii.

244 475 345 548 Quam
355 476 388 535 2⁰
401 473 452 534 An
462 473 583 534 nomine
595 472 749 556 complicis
757 475 879 533 ueniant
894 494 953 532 non
963 473 1057 534 solum
1065 471 1218 543 mulieres,
1230 471 1283 531 sed
1293 474 1383 532 etiam
1396 473 1455 532 uiri
1465 473 1482 530 ἰ)

243 563 337 643 Resp.
353 565 379 623 A
384 560 481 642 ffirm.
497 561 586 626 Ratio
600 569 661 637 est,
682 561 755 642 quia
769 562 862 623 verba
876 561 969 624 Bulla
984 567 1058 624 stmt
1074 559 1200 622 omnino
1215 560 1380 639 generalia3
1396 561 1431 622 in
1444 579 1481 623 ea

202 650 287 712 enim
303 649 434 712 dicitum
453 650 511 725 Oui
525 651 745 731 confessionem
759 650 1012 711 sacramentalem
1027 667 1172 732 persona
1188 649 1344 730 complicis
1359 651 1390 709 in
1404 669 1482 730 pec-

201 750 267 800 cato
288 739 374 820 turpi
393 749 499 799 contra
517 749 635 800 sertum
644 749 832 822 praeceptum
851 740 990 821 excipere
1011 739 1133 800 audeat.
1151 739 1230 817 Ergo
1243 737 1481 800 Constitutionis

202 827 362 908 dispositio
381 827 420 889 ad
441 846 548 890 sexum
567 828 749 891 muliebrem
763 846 825 890 non
839 835 886 890 est
899 827 1120 907 restringenda.
1137 861 1176 870 —
1193 826 1245 888 lta
1266 825 1477 887 communiter.

204 951 245 963 -·
261 915 403 990 Gousset,
421 937 452 976 n.
469 921 539 980 l88.

243 1007 313 1069 586.
325 1039 365 1050 -—
377 1007 478 1080 Onna.
494 1005 585 1070 roc
600 1005 753 1068 Sacerdos
763 1007 858 1088 possit
874 1004 1028 1066 absoluere
1045 1005 1222 1086 complicem
1237 1005 1267 1063 iu
1286 1003 1419 1064 articulo
1435 1005 1483 1064 uel

206 1093 347 1175 periculo
361 1094 488 1154 mortis?

243 1182 333 1264 Hesp.
350 1181 475 1262 Affirm.
492 1182 592 1246 valide
607 1187 638 1244 et
654 1181 749 1257 licite,
767 1182 794 1244 si
810 1200 873 1244 non
886 1181 982 1262 possit
999 1181 1138 1243 advocari
1153 1181 1233 1243 alius
1246 1181 1406 1254 Sacerdos,
1426 1182 1478 1262 qui

204 1289 322 1334 munus
338 1269 519 1333 confessarii
538 1270 621 1333 obire
635 1270 744 1351 possit;
762 1270 788 1332 si
803 1289 874 1332 vero
888 1269 970 1332 adsit
983 1269 1126 1333 Sacerdos
1140 1268 1226 1345 alter,
1240 1270 1335 1332 etiam
1351 1285 1413 1332 non
1430 1289 1479 1350 ap-

201 1359 366 1438 probatus,
386 1359 441 1439 qui
465 1358 683 1421 cenfessionem
708 1358 842 1439 excipere
861 1363 970 1439 queat,
991 1358 1126 1420 absolvet
1146 1357 1272 1438 quidem
1293 1357 1412 1433 valide,
1428 1359 1479 1421 sed

201 1445 322 1522 illicite,
341 1465 507 1528 plenasque
522 1465 584 1510 non
598 1447 734 1527 effugiet.

242 1537 345 1610 oona.
360 1540 392 1598 4ο
406 1535 455 1596 An
470 1533 622 1598 Sacerdos
634 1537 733 1618 possit
745 1534 900 1597 absoluere
920 1536 1095 1617 complicem
1111 1538 1143 1596 in
1160 1545 1269 1614 morte,
1286 1536 1314 1596 si
1330 1535 1411 1597 alius
1425 1557 1480 1598 ne-

204 1632 297 1704 queat
308 1624 453 1686 advocari
473 1623 523 1685 cel
536 1625 678 1686 accedere
694 1626 759 1685 sine
776 1624 908 1705 infamia
922 1634 978 1685 aut
994 1623 1162 1685 scandalo?

245 1713 336 1796 ltesp.
353 1714 379 1774 A
384 1712 482 1794 ffirm.
499 1713 598 1776 valide
612 1720 643 1776 et
655 1713 747 1776 licite.
765 1716 900 1775 Tenetur
914 1719 1017 1775 tamen
1033 1714 1175 1776 Sacerdos
1189 1713 1326 1794 complex
1339 1713 1413 1776 talia
1428 1713 1475 1776 in-

201 1801 304 1866 famiae
326 1803 373 1865 vel
394 1803 527 1865 scandali
548 1801 681 1884 pericula
701 1819 883 1882 precavere,
903 1801 929 1864 si
946 1801 1058 1881 possit,
1077 1821 1108 1863 v.
1130 1820 1188 1882 gr,
1207 1801 1309 1882 aliquo
1330 1809 1476 1882 praetextu

202 1891 398 1968 discedendo,
414 1898 472 1954 etc.
485 1893 575 1954 Secm
589 1909 695 1972 plenas
709 1909 772 1953 non
786 1891 910 1967 evadet,
924 1890 994 1953 licet
1007 1889 1157 1954 absolutio
1172 1891 1214 1953 sit
1228 1891 1339 1953 valida.
1353 1895 1477 1954 Constat

203 1999 240 2042 en
254 1985 357 2043 Gonst.
377 1981 487 2043 Bened.
504 1983 582 2044 XIV.
597 2015 639 2027 -
653 1981 688 2043 S.
706 1979 790 2062 Lip,
806 2001 838 2040 n.
855 1984 925 2044 553,

245 2071 347 2146 Quina.
365 2072 397 2132 5⁰
412 2069 460 2130 An
477 2068 627 2146 Sacerdos
638 2069 739 2150 possit
757 2069 911 2129 absolvere
928 2067 1103 2150 complicem
1116 2069 1147 2128 in
1158 2078 1265 2142 morte,
1283 2070 1309 2128 si
1323 2069 1370 2128 liic
1386 2067 1481 2128 alteri
1601 2059 1602 2100 3

203 2157 345 2238 confiteri
357 2158 493 2218 recuset?

246 2243 340 2326 Resp.
356 2263 368 2305 .·
383 2243 610 2308 animandum
625 2245 748 2308 videtur
761 2246 887 2320 iterum,
905 2245 985 2308 sicut
998 2244 1031 2306 in
1044 2263 1138 2326 quaes.
1152 2262 1254 2325 prae,
1270 2245 1296 2306 si
1306 2245 1431 2308 aliunde
1441 2245 1480 2307 sit

205 2333 391 2413 disposituS,
408 2353 445 2393 ne
459 2333 573 2395 scilicet
581 2344 711 2414 percat,
730 2340 784 2396 aut
799 2334 907 2395 saltem
922 2351 961 2395 ne
974 2336 1040 2414 ejus
1054 2339 1167 2396 aeterna
1181 2333 1264 2395 salus
1278 2332 1478 2412 periclitetur.

246 2423 316 2483 587.
330 2455 370 2464 —
384 2421 486 2494 Qena.
503 2425 536 2483 6⁰
555 2421 604 2482 Au
620 2420 771 2482 Sacerdos
786 2421 938 2482 absoluere
954 2422 1055 2501 possit
1076 2422 1250 2501 complicem
1265 2421 1302 2480 ab
1317 2420 1390 2482 aliis
1405 2441 1481 2504 pec-

204 2509 281 2569 catis
292 2507 351 2568 sibi
366 2510 537 2584 extrancis,
546 2520 710 2590 postquam
725 2509 777 2570 ille
786 2509 879 2571 semel
890 2510 927 2570 ab
940 2509 1002 2570 alio
1017 2511 1075 2570 rite
1090 2509 1152 2591 fuit
1168 2509 1346 2570 absolutus?

246 2595 340 2678 llcsp.
355 2596 483 2679 Affirm.
500 2597 588 2663 Ratio
603 2604 664 2674 est,
681 2598 755 2679 quia
769 2605 851 2660 caret
865 2603 990 2662 tantum
1002 2598 1216 2680 jurisdictione
1232 2598 1265 2660 in
1283 2598 1364 2659 huuc
1378 2598 1480 2678 peani-

208 2690 328 2747 tentem
342 2685 441 2766 proed
459 2692 617 2766 peccatum
635 2689 723 2768 cujus
741 2687 806 2768 ipse
830 2685 890 2748 init
908 2686 1072 2767 particeps;
1089 2705 1158 2766 ergo
1178 2687 1273 2748 deleto
1295 2685 1346 2748 illo
1361 2693 1483 2766 peccato

206 2793 259 2855 per
282 2773 505 2838 absolutionem
530 2775 568 2837 ab
589 2774 647 2838 alio
674 2775 880 2857 impertitam,
897 2778 964 2857 jam
990 2780 1086 2838 cessat
1104 2775 1287 2856 probibitio,
1313 2793 1370 2837 nec
1398 2775 1484 2838 deest

205 2861 390 2945 jurisdictio
408 2899 447 2908 -
460 2863 495 2925 S.
513 2864 595 2944 Lep,
611 2886 642 2925 n.
659 2869 734 2940 555,
752 2864 850 2924 etalii
865 2865 1071 2925 communitor.

246 2955 361 3014 Verum
375 2952 401 3013 si
416 2952 486 3033 quis
498 2953 596 3033 pudor
611 2960 735 3016 maneat
750 2951 784 3014 in
800 2953 957 3016 Sacerdote
968 2952 1023 3034 qui
1035 2953 1209 3015 miseranda
1225 2951 1392 3035 fragilitate
1412 2971 1479 3034 pec-

207 3046 311 3102 catum
326 3046 415 3119 tmpe
428 3057 500 3103 cum
514 3040 573 3103 alio
590 3041 769 3122 patraverit,
786 3041 813 3102 si
831 3041 900 3121 quis
921 3041 1018 3103 honor
1038 3044 1229 3104 Sacramento
1245 3041 1386 3115 debitus,
1403 3059 1483 3103 nun-

207 3145 302 3208 quam
316 3128 349 3190 in
363 3133 522 3208 posterum
536 3130 692 3210 complicis
704 3129 923 3192 confessionem
936 3128 1075 3209 excipiet.
1089 3131 1215 3209 Insuper
1228 3129 1401 3210 periculum
1411 3131 1483 3192 novi
1512 3139 1515 3146 ⁴

205 3217 326 3296 lapsuS,
345 3223 400 3279 aut
422 3218 530 3280 saltem
554 3219 654 3297 gravis
674 3217 854 3281 tentationis
874 3218 908 3280 in
925 3217 1090 3280 directione
1106 3217 1177 3280 talis
1198 3217 1379 3299 paenitentis
1398 3217 1485 3280 facile
1598 3239 1599 3258 ³

205 3305 331 3368 subesse
348 3311 458 3386 potest.
476 3339 518 3352 -
534 3305 675 3381 deesset,
700 3306 775 3366 ibid.
791 3343 832 3351 -
848 3304 1014 3369 avertendi
1031 3305 1128 3385 igitur
1147 3311 1220 3368 sunt
1238 3305 1359 3378 fideles,
1381 3306 1484 3384 quoad

205 3392 272 3454 fieri
286 3399 401 3473 potest,
422 3411 461 3456 ne
474 3412 614 3474 unquam
636 3394 669 3456 in
687 3400 864 3474 posterum,
882 3396 997 3456 secluso
1016 3393 1204 3456 necessitatis
1222 3411 1308 3466 casu,
1324 3391 1482 3454 Confessa-

204 3479 291 3542 rium
302 3482 413 3544 adeant
426 3483 539 3562 peccati
551 3483 739 3564 complicem.

247 3571 282 3631 ln
299 3569 456 3633 nonnullis
472 3571 654 3634 dioecesibus
673 3572 709 3634 de
726 3575 796 3653 jure
814 3571 993 3653 particulari
1008 3576 1134 3634 cacatum
1152 3569 1265 3646 luerat,
1281 3587 1319 3632 ne
1337 3569 1484 3633 Sacerdos
1597 3581 1598 3596 ¹

207 3674 348 3736 unquam
366 3658 502 3738 excipere
520 3665 620 3740 posset
636 3659 858 3723 ⁴confessionem
882 3659 1051 3741 complicis,
1075 3659 1183 3722 saltem
1206 3660 1312 3740 copula
1334 3676 1479 3721 consum-

207 3751 302 3806 mata.
320 3751 382 3809 Hoc
397 3754 499 3809 tamur
520 3767 580 3810 non
603 3748 696 3811 semel
715 3748 889 3829 reprobavit
903 3753 933 3812 S.
958 3751 1066 3828 congr.
1084 3747 1225 3824 Gcncilii;
1242 3755 1356 3810 etcum
1374 3765 1483 3828 propc-

208 3837 355 3895 nerentur
375 3838 497 3898 Decreta
522 3837 637 3918 Synodi
664 3836 872 3911 Consentino,
897 3835 968 3899 licet
990 3837 1084 3917 hujus
1107 3836 1220 3899 decreti
1242 3842 1483 3918 propugnatores
1596 3831 1597 3834 ’

208 3917 308 3978 multa
325 3922 470 3986 afferrent
483 3924 522 3986 ad
540 3928 606 4005 ejus
625 3923 845 3996 defensionem,
863 3928 953 4004 atque
968 3926 1072 3988 adesse
1089 3931 1235 4004 negarent
1254 3924 1390 3988 scandali
1405 3923 1482 4004 peri-
1596 3943 1597 3956 ¹

185 4077 196 4096 ‚
210 3999 330 4077 culum,
344 4012 424 4087 quod
439 4012 609 4092 praesertim
623 4011 658 4074 in
675 4012 777 4094 parvis
791 4013 864 4075 locis
878 4012 930 4074 alii
950 4032 987 4076 ex
1001 4014 1151 4096 ejusmodi
1170 4014 1288 4076 decreto
1303 4013 1391 4077 facile
1405 4013 1482 4076 affu-

210 4089 319 4148 turum
332 4099 508 4174 monebant,
524 4105 555 4164 S.
571 4103 680 4180 congr.
696 4103 799 4175 Conc,
816 4099 865 4163 die
876 4105 895 4163 S
908 4100 1079 4164 Decembris
1095 4104 1188 4176 1679,
1211 4101 1389 4181 respondit:
1412 4101 1482 4165 Tale
1595 4115 1596 4162 3

208 4168 357 4236 decretam
373 4183 520 4249 deleatur.
536 4223 575 4234 -
586 4189 696 4268 (Aool.
711 4189 780 4249 dur.
790 4191 952 4272 pontis.,¹l
969 4189 1067 4268 Serio,
1080 4209 1114 4271 p.
1131 4191 1213 4267 752.)

252 4257 322 4320 588·
337 4297 377 4310 ·-
391 4271 492 4343 oona.
510 4283 542 4338 7⁰
560 4277 609 4338 An
631 4277 810 4360 Episcopus
823 4279 923 4358 possit
944 4278 1097 4340 absoluere
1116 4278 1154 4340 ab
1174 4280 1483 4340 eeconcmuoicatione

210 4338 276 4400 lata
290 4345 323 4405 in
340 4351 579 4442 Confessarium,
596 4368 650 4446 qui
665 4366 840 4448 complicem
859 4387 946 4428 suum
965 4367 1111 4445 absolvit,
1128 4369 1155 4426 si
1169 4387 1256 4428 casus
1270 4369 1308 4428 sit
1330 4368 1481 4432 occultus.
1594 4387 1595 4448 t

208 4443 250 4487 ea
263 4442 448 4506 concessione
466 4448 564 4514 Trid..
579 4473 648 4534 cap.
666 4473 713 4530 vr,
730 4453 843 4530 Liceat,
858 4475 931 4516 sess.
948 4457 1053 4517 XXlV.
