3198 5034
458 215 501 260 nn
522 215 695 261 srarrnus
715 214 1026 262 rnnrrcnranrnus
1337 206 1381 266 73

29 349 30 360 ¹
118 325 354 408 perturbatione,
371 344 440 406 qua
457 327 619 390 subsecuto
633 332 694 402 est,
713 326 819 390 omnia
832 327 979 390 dissoluta
992 328 1128 390 luerunt.
1143 329 1251 390 Sedato
1265 336 1381 412 tempe-

118 420 196 490 state,
209 416 317 478 multae
328 415 508 478 Monialium
520 417 630 479 domus
643 415 795 480 restituta
804 422 890 478 sunt.
903 417 1006 478 Plures
1019 415 1086 479 alim
1095 416 1153 478 sub
1163 416 1258 479 variis
1272 417 1381 484 formis

28 511 29 514 ’
117 504 151 566 ab
165 503 309 584 Episcopo
329 503 454 566 sancitis
474 503 603 570 condita
624 511 708 567 sunt.
726 504 861 568 Subinde
879 505 1021 567 nonnulli
1040 503 1134 568 etiam
1148 503 1286 568 virorum
1304 510 1382 570 Gon-

27 613 29 654 :
116 597 222 655 ventus
244 591 381 654 restituti
400 591 499 668 luere,
520 611 630 675 eosque
643 612 725 656 nunc
743 593 778 656 in
794 593 859 656 dies
875 593 1091 674 multiplicatos
1109 592 1275 656 cernimus.
1291 595 1383 658 Plura

115 685 214 744 autem
234 684 339 744 exorta
361 687 434 744 sunt
456 681 564 758 dubia,
586 701 655 764 quae
682 701 700 744 a
726 683 816 746 nobis
843 682 1054 764 perpendenda
1077 688 1160 744 sunt.
1186 681 1382 748 difficultates

115 776 275 833 occurrunt
285 770 454 850 prasertim
467 770 545 834 circa
558 771 713 835 Monialcs.
731 771 809 836 llinc

231 907 427 985 Quaeslta.

151 1041 220 1100 l'll.
236 1073 274 1082 -
289 1038 389 1112 Quae.
404 1044 437 1101 l⁰
451 1039 502 1100 An
516 1037 665 1102 Manioles
684 1041 716 1116 in
732 1037 836 1101 Gallio
850 1038 990 1100 emittant
1002 1056 1081 1101 vom
1103 1041 1272 1102 sonarum?

152 1125 240 1208 Resp.
256 1125 334 1208 Nep.
345 1126 477 1202 Etenim,
493 1133 616 1208 propter
627 1133 801 1209 temporam
815 1123 1007 1190 difficultates
1021 1132 1089 1208 post
1102 1127 1246 1192 Gallicam
1259 1133 1381 1208 pertar-

111 1211 277 1289 bationem,
300 1221 463 1278 servarunt
483 1213 657 1280 faomtatem
677 1217 758 1280 bona
778 1215 954 1297 possidendi
974 1220 1004 1278 et
1028 1215 1220 1298 scqmrendi,
1242 1235 1304 1279 non
1327 1214 1381 1279 ob·

112 1307 210 1365 stante
225 1311 295 1367 voto
308 1304 508 1384 paupertatis.
523 1304 571 1370 Sic
587 1305 701 1386 pluries
714 1325 733 1368 a
747 1309 778 1370 S.
793 1305 867 1370 Sede
886 1303 946 1368 fuit
965 1304 1163 1368 declaratum.
1178 1307 1256 1384 Ergo
1270 1310 1379 1368 votum

111 1391 309 1470 paupertatis,
322 1393 403 1473 qnod
414 1393 575 1470 emittunt,
585 1412 648 1457 non
658 1401 707 1458 est
715 1395 858 1458 solemne.
876 1395 955 1473 Ergo
966 1393 1060 1456 etiam
1073 1395 1134 1456 duo
1149 1393 1208 1456 alia
1221 1399 1381 1476 nequeunt

110 1495 173 1542 esse
187 1480 350 1556 solemnia3
367 1499 441 1544 nam
452 1483 542 1563 juxta
554 1482 698 1547 solemnis
711 1481 907 1547 Professionis
921 1488 1075 1558 naturam,
1092 1485 1122 1545 et
1135 1480 1273 1545 Ecclesia
1287 1481 1378 1562 leges,

110 1573 218 1630 votum
234 1587 336 1632 unum
353 1588 416 1632 non
434 1578 611 1652 potestesse
628 1573 761 1636 solemne
773 1573 839 1634 sine
852 1571 922 1634 alio.
939 1573 1017 1651 Ergo
1031 1578 1140 1635 votum
1154 1569 1304 1634 castitatis
1318 1588 1379 1633 non

109 1655 273 1718 constituit
292 1657 549 1738 impedimentum
569 1660 760 1724 matrimonii
783 1659 949 1732 dirimens,
970 1659 1063 1722 donec
1082 1658 1228 1739 placuerit
1251 1663 1380 1722 Summo

106 1741 250 1804 Pontifici
275 1745 435 1810 restituere
464 1749 648 1811 Monialibus
671 1755 814 1812 votorum
842 1745 1083 1820 solemnitatem,
1106 1747 1154 1810 vel
1184 1750 1316 1808 statuere
1344 1753 1382 1809 ut

105 1831 220 1891 votum
233 1829 363 1913 simplex
376 1833 418 1896 sit
433 1835 692 1916 impedimentum
706 1835 866 1898 dirimens.

148 1921 220 1982 178.
232 1955 273 1965 -
287 1920 467 2003 Responsum
483 1923 519 1984 S.
535 1922 780 1985 Poenitentiamce
794 1921 834 1984 ad
856 1921 1040 2005 Episcopum
1053 1921 1288 1984 Lnnooicensem
1301 1920 1381 1984 dirc-

109 2015 203 2084 ctum,
221 2025 300 2071 anno
317 2014 406 2074 1820.
1029 2047 1035 2058 ·

148 2096 178 2157 S.
196 2096 443 2174 Pmnitentiaria,
465 2100 626 2180 diligenter
646 2098 801 2181 perpensis
823 2098 985 2180 expositis,
1007 2101 1082 2161 Van.
1104 2097 1138 2161 in
1158 2098 1279 2162 Christo
1298 2099 1380 2162 Patri

113 2183 254 2264 Episcopo
268 2185 477 2250 Lemovicensi
492 2189 662 2270 (Limoges)
676 2188 849 2268 respondit:
865 2187 971 2249 Votum
982 2188 1113 2250 solemne
1126 2187 1209 2250 illud
1222 2187 1382 2270 esse,puod

112 2273 146 2332 ob
164 2273 304 2336 Ecclesia
324 2285 359 2336 ut
379 2275 439 2337 tole
455 2287 638 2358 acceptatur,
652 2285 681 2339 et
696 2287 847 2340 uouentem
863 2276 1026 2340 inhabilem
1043 2276 1146 2338 reddit
1159 2277 1380 2360 inperpetuum

113 2370 140 2421 et
151 2363 382 2426 immutabiliter
393 2364 539 2447 (spectato
555 2365 617 2447 lepe
630 2365 790 2428 ordinaria
803 2375 833 2427 et
845 2364 961 2428 secluso
975 2366 1194 2449 dispensatione
1203 2366 1379 2450 pontificia)

113 2448 154 2510 od
169 2455 390 2514 matrimonium
409 2454 657 2534 contrabendum,
675 2465 704 2518 et
722 2453 762 2517 od
779 2454 916 2516 dominia
933 2475 1033 2518 reram
1048 2453 1230 2536 acquirendo
1244 2455 1293 2518 vel
1309 2456 1382 2518 reti-

113 2538 220 2615 nendo,
237 2547 328 2621 prout
347 2560 419 2604 cum
439 2543 556 2607 catoris
574 2545 625 2608 SS.
640 2546 800 2607 Ganonum
821 2544 1037 2608 tractatoribus
1055 2543 1191 2625 loquitur
1203 2548 1237 2608 P.
1253 2543 1381 2625 Piringh

112 2626 144 2688 in
161 2632 192 2692 3⁰
211 2633 340 2706 Decret,
356 2630 407 2692 tit.
426 2635 480 2706 tt,
501 2636 573 2710 δίε
595 2631 672 2696 Cum
694 2651 765 2713 erpo
784 2633 836 2713 (ut
852 2634 1008 2714 mamaea
1026 2633 1064 2695 at
1085 2633 1240 2715 Episcopo
1260 2644 1382 2696 oratore

112 2715 296 2799 n'pnificant)
320 2719 406 2782 modo
427 2719 595 2784 Galliarum
613 2721 782 2796 Moniales,
798 2732 833 2787 nt
849 2740 910 2783 sese
929 2720 1068 2783 ciuilibus
1088 2721 1200 2803 lepidus
1218 2741 1381 2784 accommo-

114 2802 188 2884 dent,
204 2807 250 2867 sr'c
257 2813 449 2890 paupertatis
463 2819 564 2872 uotam
578 2814 728 2880 emittant,
745 2820 780 2870 ut
794 2810 914 2872 minime
930 2829 960 2872 se
973 2809 1113 2872 eldment
1127 2808 1263 2870 dominio
1277 2829 1379 2870 rerum

112 2911 247 2974 sumum,
263 2897 373 2959 sedeas
387 2907 421 2958 at
433 2901 576 2981 proprias
587 2901 752 2978 retineant,
766 2919 802 2961 ac
815 2898 851 2960 de
863 2897 985 2972 iisdem,
1000 2919 1067 2960 cum
1081 2917 1155 2980 opus
1166 2897 1272 2978 suerit,
1283 2898 1381 2976 jueta

114 2980 184 3064 lepos
197 2983 301 3047 civiles
318 2985 470 3069 disponere
485 2988 663 3066 intendant,
680 2988 746 3050 ideo
762 2988 817 3050 lcoc
833 3007 936 3050 eorum
956 2997 1067 3063 votum,
1084 2991 1145 3048 sive
1162 2985 1382 3067 quinquennale

112 3071 169 3134 sinc
175 3082 360 3155 perpetuum
373 3076 426 3150 sit,
441 3075 570 3138 solemne
583 3086 659 3140 certe
668 3097 728 3138 non
742 3086 796 3150 est,
812 3095 907 3158 neque
917 3087 953 3137 ut
967 3076 1025 3139 tole
1038 3075 1077 3138 ab
1090 3074 1232 3137 Ecclesia
1245 3083 1381 3155 accepta-

114 3169 168 3229 tur,
192 3163 282 3238 Ouod
300 3166 331 3224 si
343 3164 517 3245 hujusmodi
532 3168 726 3246 paupertatis
746 3175 846 3228 votum
863 3165 993 3228 solemne
1011 3185 1069 3226 non
1091 3173 1149 3241 est,
1169 3181 1221 3224 nec
1238 3161 1381 3224 solemma

114 3255 223 3314 caneri
234 3262 358 3334 possunt
369 3253 489 3334 reliqua
506 3254 564 3314 dno
578 3263 648 3315 vota
662 3257 810 3316 castitatis
819 3262 848 3315 et
857 3253 1047 3330 obedientia;
1063 3252 1174 3334 qnippe
1188 3271 1264 3329 cum,
1275 3269 1379 3312 secun·

113 3338 179 3403 dum
190 3339 331 3404 solemnis
348 3341 506 3423 Relt'piosa·
519 3343 712 3423 professionis
731 3351 888 3416 naturum,
906 3352 996 3424 atque
1011 3340 1157 3404 Ecclesia
1169 3339 1379 3422 disciplinam,

115 3438 206 3491 uotum
218 3450 313 3493 unum
326 3431 389 3493 sine
403 3429 466 3492 olio
479 3430 607 3492 soleinne
620 3449 681 3491 esse
695 3449 755 3491 non
769 3430 874 3510 possit.

150 3523 219 3582 llll.
229 3521 378 3595 -Qunm
391 3524 425 3583 2⁰
439 3520 491 3581 An
500 3519 646 3581 Moniales
659 3519 692 3580 in
703 3517 804 3580 Gallio
817 3516 933 3579 lucrari
945 3516 1139 3578 nibilominus
1151 3516 1271 3580 ualeant
1283 3533 1383 3577 omnes

115 3604 315 3690 mdulpentios
328 3609 509 3691 Relipionis,
525 3610 556 3670 in
570 3628 629 3690 qua
642 3617 710 3670 uota
723 3605 864 3669 solemnio
877 3605 955 3667 olibi
969 3606 1162 3666 ernittuntur?

151 3695 240 3778 Resp.
247 3696 272 3756 A
275 3697 315 3777 fd
316 3717 372 3758 rm.
380 3700 504 3760 Constat
514 3716 552 3760 ex
563 3696 702 3778 sequenti
716 3712 859 3776 responso
870 3693 904 3756 S.
914 3693 1158 3757 Paenitentiorioe
1169 3693 1208 3755 ad
1219 3691 1289 3754 DE.
1299 3693 1382 3756 Bou-

115 3783 175 3846 oier
188 3785 314 3848 directo.

234 3939 250 3974 o
272 3916 450 3980 Beatissimo
465 3921 562 3992 Pater,

154 4059 168 4096 c
191 4038 356 4120 Episcopus
367 4039 613 4114 Cenomanensis,
625 4040 664 4103 ad
676 4038 854 4104 sanctitatis
866 4039 980 4102 Vestra
992 4035 1082 4116 pedes
1095 4031 1285 4116 provolutus,
1297 4038 1384 4113 rogat

118 4146 131 4182 a
151 4124 312 4190 humiliter
325 4127 552 4209 responsionem
566 4129 605 4192 ad
619 4127 779 4210 sequentia
792 4126 886 4192 dubia
900 4145 907 4188 :

155 4239 168 4272 i
192 4222 225 4278 l⁰
245 4217 294 4278 An
312 4215 457 4279 Moniales
477 4223 611 4297 tempore
632 4214 869 4296 perturbationis
890 4212 1050 4278 Gallicanae
1073 4229 1258 4292 suppressa,
1281 4213 1384 4290 postea

118 4323 132 4360 r
153 4304 313 4381 restitutae,
323 4305 376 4367 sed
389 4303 428 4366 ab
440 4303 508 4366 aliis
523 4303 704 4367 dioecesibus
718 4304 752 4366 in
766 4306 1026 4367 cenomanensem
1040 4301 1205 4373 translata,
1217 4316 1287 4362 rere
1301 4295 1383 4360 nibi-

118 4413 131 4446 a
152 4391 288 4454 lominus
302 4392 364 4454 sint
377 4391 522 4456 Moniales
536 4391 674 4472 antiquis
688 4391 855 4472 privilegiis
868 4389 934 4452 suis
947 4389 1134 4470 gaudentes?

157 4503 171 4537 o
193 4483 226 4542 2⁰
239 4483 284 4542 An
298 4483 473 4544 Conventus
483 4478 665 4543 Monialium
677 4487 812 4542 recenter
821 4477 954 4553 fundati,
964 4478 1132 4542 secundnm
1143 4475 1280 4557 proprias
1292 4472 1383 4536 insti·
