3220 5042
502 257 544 302 nn
565 254 801 302 stcrnururo
820 254 1060 300 rmrrrnrrrre
1344 237 1415 302 236

141 365 218 450 quia
237 365 367 447 quilibet
397 365 475 430 ebus
502 365 709 430 confessarius
736 370 836 446 potest
865 381 930 428 esse
965 363 1103 445 ejusdem
1129 380 1227 426 cause
1249 363 1362 444 juder,
1389 361 1416 428 si

142 454 295 538 penitens
317 451 417 536 ipsius
434 453 582 517 tribunali
601 471 633 518 se
653 453 833 528 submittat;
857 469 1010 516 successor
1025 451 1110 514 enirn
1132 451 1168 514 in
1188 451 1293 514 eadem
1311 457 1415 516 aueto-

141 545 235 610 ritate
255 547 354 624 potest
379 541 532 624 quidquid
558 543 661 624 potuit
690 549 871 606 antecessor.
900 540 1123 622 erpiencm
1149 546 1255 604 tamen
1279 539 1414 616 videtur,

144 633 171 696 si
190 629 374 714 poenitentia
387 631 426 693 ab
440 630 505 711 ipso
520 631 679 712 superiore
700 649 756 711 pro
776 630 897 693 casibus
916 627 1077 693 reservetis
1095 627 1243 710 imposita
1258 633 1319 703 est,
1342 628 1417 709 quia

141 719 268 783 inferior
291 719 476 782 sententiam
498 719 667 800 Superioris
694 725 815 781 mutare
835 717 958 800 nequit;
978 716 1041 780 nisi
1065 723 1172 780 tamen
1202 735 1293 780 eausa
1314 716 1415 797 gravis

142 807 243 884 adsit,
265 815 322 871 eut
344 826 509 872 consensus
527 807 697 890 Superioris
711 807 796 870 facile
811 807 957 888 presumi
976 804 1081 888 possit.
1098 841 1139 852 —
1156 803 1190 868 S.
1211 801 1280 886 Lip.
1304 826 1335 868 n.
1357 810 1416 870 528

137 899 255 961 4529.
1180 909 1184 914 ·

139 1023 141 1030 ι
181 987 232 1049 Ad
255 984 530 1050 commutationem
559 991 666 1048 tamen
692 984 774 1048 licite
800 984 972 1048 faciendam
1003 981 1174 1064 requiritur
1196 1001 1288 1046 eausa
1313 987 1414 1065 justa,

139 1073 244 1155 qualis
257 1081 318 1150 est,
336 1080 369 1136 tt
379 1073 408 1137 si
419 1073 602 1154 poenitentia
619 1073 761 1136 rideatur
773 1072 921 1148 diffieilis;
936 1076 970 1136 2⁰
989 1070 1017 1135 si
1032 1071 1240 1152 praevideatm·
1261 1071 1416 1153 penitens

141 1180 205 1225 non
217 1180 282 1226 esse
295 1162 324 1225 ei
337 1161 552 1226 satisfacturus
571 1162 609 1226 ob
629 1161 881 1242 repugnantiam,
902 1159 1113 1242 fragilitatem,
1134 1159 1335 1234 oblivionem,
1355 1166 1413 1222 ete.

138 1285 183 1300 -·
198 1250 236 1314 S.
252 1251 324 1333 Lip.
341 1270 373 1312 o.
390 1255 460 1316 528.

182 1343 253 1404 532.
270 1375 311 1386 -
328 1341 430 1416 oasa
446 1343 480 1403 9⁰
496 1339 545 1401 An
566 1343 713 1421 perirem
727 1349 867 1402 teneatur
879 1339 1097 1421 confessionem
1111 1348 1248 1420 repetere
1264 1338 1307 1400 ed
1314 1338 1416 1421 pooi-

141 1429 247 1492 tentioe
259 1431 521 1492 commutationem
531 1427 749 1492 obtinendem?

180 1518 271 1602 Hesp.
295 1523 350 1580 1⁶:
369 1517 401 1582 si
420 1518 509 1582 adest
523 1518 667 1582 eumdem
688 1517 930 1592 confessarium,
949 1533 1014 1580 non
1026 1515 1086 1580 erit
1098 1516 1321 1580 neocaesariam
1331 1533 1416 1597 repe·

142 1611 219 1682 tere,
234 1607 358 1687 quando
371 1605 580 1670 confessarius
597 1607 771 1670 recordetur
783 1611 952 1686 uisumque
967 1607 1089 1684 conpare
1107 1609 1209 1668 status
1225 1604 1416 1668 eonseientiee

82 1737 85 1742 -
140 1693 333 1774 prenitentis.

181 1782 277 1862 Resp.
297 1785 331 1843 2⁰
347 1801 355 1843 ι
374 1780 407 1845 si
421 1782 517 1845 elium
540 1783 628 1846 adeat
642 1782 883 1855 confessarium,
905 1781 1068 1846 ueletiam
1091 1782 1252 1855 eumdem,
1273 1799 1337 1844 non
1349 1797 1416 1842 am·

141 1868 224 1948 plius
238 1874 430 1948 peecatorum
442 1886 626 1946 memorem,
644 1869 755 1932 suffieit
769 1875 806 1932 ut
820 1868 1003 1931 summatim
1017 1867 1213 1944 confitentum
1229 1869 1274 1931 ita
1285 1875 1323 1930 ut
1336 1871 1416 1931 Gon·

139 1954 286 2020 fossarius
298 1955 456 2020 eonfrrsam
470 1963 570 2021 status
583 1957 668 2021 illius
681 1956 828 2021 notitiem
840 1957 989 2039 acquirat.
999 1991 1039 2004 -
1050 1955 1099 2018 Ite
1110 1954 1145 2018 S.
1158 1957 1244 2039 Δίᾳ,
1261 1977 1292 2018 o.
1305 1959 1375 2029 529,
1386 1966 1416 2018 et

139 2043 202 2108 atis·
212 2048 414 2108 committerer
424 2051 533 2110 sonim
543 2045 712 2108 wendile

183 2131 271 2216 Καρ.
287 2137 321 2198 3⁰
335 2153 344 2196 :
359 2133 552 2196 Probabilier
563 2134 733 2216 requiritur
746 2133 892 2198 oonlessio
906 2132 1020 2215 eliqua,
1033 2133 1141 2196 saltem
1156 2132 1326 2197 smnmsria
1335 2131 1416 2214 (qui-

138 2219 214 2284 dam
228 2239 297 2284 eam
311 2220 475 2303 reqrrinmt
489 2221 669 2286 distinctam
683 2227 713 2285 et
726 2221 909 2303 integrum),
926 2221 952 2284 si
965 2219 1173 2285 contessarius
1185 2220 1264 2284 alius
1276 2221 1414 2284 adeatur.
1545 2279 1557 2310 ,

140 2309 231 2374 ustio
244 2313 304 2386 est,
321 2310 396 2392 quia
408 2309 518 2392 nequit
529 2310 738 2374 confessarius
751 2310 969 2392 penitentiam
980 2316 1180 2384 commutare,
1197 2309 1260 2372 nisi
1273 2309 1307 2372 in
1322 2327 1417 2372 saure

140 2398 270 2462 mentali
282 2397 422 2479 judicio:
445 2399 503 2462 boe
517 2403 626 2462 autem
640 2399 798 2481 judicium
820 2417 882 2462 non
901 2403 1166 2480 potestexeroere,
1182 2397 1246 2462 nisi
1263 2396 1417 2478 poenitens

138 2485 333 2552 conscientie
346 2505 411 2550 sua
423 2493 542 2550 statum
554 2487 601 2550 illi
614 2488 650 2551 in
661 2487 855 2552 confessione
868 2486 992 2568 aperiat
1009 2521 1049 2534 -·
1060 2487 1159 2570 Lupo,
1168 2486 1201 2548 d.
1213 2505 1286 2564 uxr,
1298 2507 1330 2548 n.
1345 2491 1414 2550 tol.

139 2609 180 2620 —
191 2575 335 2638 Laeroix.
349 2610 391 2622 —
403 2575 504 2654 Elbel,
520 2581 575 2639 ete.

180 2665 329 2728 Attamen
345 2664 544 2746 probabiliter
564 2664 597 2728 id
616 2671 705 2746 negat
726 2665 763 2728 S.
783 2665 869 2748 Liq„
889 2683 962 2728 eum
979 2664 1068 2741 otim
1085 2664 1160 2746 quia
1177 2682 1240 2728 non
1258 2665 1361 2744 agitur
1381 2664 1418 2727 de

134 2749 254 2829 iuditio
267 2750 390 2815 ferendo
404 2752 483 2816 eirca
496 2753 600 2833 culpas
613 2753 729 2816 delatas
738 2753 772 2816 in
782 2753 969 2834 procedente
981 2752 1181 2828 mulessiono,
1197 2752 1253 2814 ubi
1262 2751 1418 2834 judicium

136 2836 220 2900 eirca
234 2837 301 2902 illas
311 2840 377 2919 iem
391 2838 453 2902 fuit
464 2839 648 2915 formatum,
665 2842 719 2904 sed
733 2847 857 2904 tantum
871 2843 908 2904 de
926 2839 1111 2921 peonitentia
1129 2841 1364 2915 commutanda3
1378 2841 1417 2904 od

138 2923 199 2988 boo
209 2931 315 2988 eutem
330 2925 441 2990 suffieit
453 2926 565 3008 prioris
580 2928 770 3008 poenitentia
786 2928 935 3010 ooqnitio,
950 2934 981 2992 et
995 2928 1080 2992 notio
1097 2927 1272 3009 fragilitatis
1286 2933 1341 2990 aut
1358 2927 1417 2990 du·

140 3011 288 3076 fieultatis
301 3015 341 3076 ad
350 3032 418 3076 eam
427 3013 630 3095 implendam,
642 3023 679 3079 ut
691 3035 800 3097 nempe
809 3036 891 3080 nora
904 3016 1007 3098 aliquo
1020 3017 1111 3080 modo
1123 3015 1309 3099 aequivalens
1321 3015 1418 3096 inps

137 3105 245 3166 murt.

181 3195 252 3256 533„
268 3225 310 3238 -
323 3193 428 3268 oum
446 3195 500 3256 10⁰
512 3191 563 3254 A·
577 3191 787 3274 Conferamus
801 3197 902 3276 possit
911 3193 1123 3276 poeoitmtiem
1137 3202 1317 3256 emundare
1331 3201 1418 3258 esim

137 3277 380 3361 confectionem?

180 3368 274 3450 Κεφ.
289 3373 322 3432 1⁰
335 3367 428 3452 Nep„
444 3370 472 3432 si
486 3368 692 3434 Gontmsarius
708 3369 751 3432 sit
762 3369 913 3434 diversus.
934 3369 1026 3434 Ratio
1042 3377 1103 3446 est,
1123 3371 1197 3452 quie
1207 3370 1418 3436 confessarius

137 3457 260 3520 nullm
271 3457 366 3521 hahet
378 3462 577 3539 potestatem,
590 3457 652 3522 nisi
665 3457 825 3540 injudicio
839 3458 1062 3522 sacramentali.

141 3571 143 3576 ·
181 3545 272 3628 Resp.
287 3549 341 3610 2⁰:
357 3545 732 3623 ffidorffesssriusillesit
749 3547 805 3629 qui
818 3544 1033 3628 pmritmuam
1046 3546 1209 3628 inposuit,
1220 3547 1418 3630 pometum

139 3637 261 3696 mutme
281 3634 453 3698 immediate
472 3635 798 3717 postremitatem,
820 3639 989 3716 antequam
1010 3635 1165 3718 poeniteus
1185 3637 1335 3712 disoedat3
1355 3653 1419 3700 nun

138 3737 211 3786 -rero
225 3729 344 3802 postea,
357 3723 462 3788 uttam
471 3724 677 3808 notabilius.
693 3724 783 3789 Ratio
798 3731 860 3799 est,
873 3723 950 3804 quia
962 3724 1002 3788 sd
1012 3723 1047 3787 id
1059 3723 1230 3806 requiritrn
1242 3730 1278 3787 et
1289 3723 1416 3801 suffieit,

140 3815 178 3871 ut
188 3812 362 3892 precedens
379 3813 560 3878 ccrnlmssrii
575 3812 729 3896 Judieium
749 3811 905 3876 moraliter
918 3818 1103 3894 perseveret,
1119 3814 1203 3895 quod
1219 3831 1282 3878 non
1296 3812 1419 3876 vimtur

139 3894 243 3962 hrum
258 3899 385 3977 habere,
402 3902 429 3964 si
443 3901 596 3984 poenitens
609 3901 838 3966 confessarium
850 3905 939 3966 extra
948 3901 1142 3966 Pmuitentia
1150 3901 1289 3966 tribuum
1295 3900 1415 3965 edbrit.

141 3984 235 4068 Ergo,
251 3993 307 4050 eto.
323 3989 428 4051 -Ita
445 3990 481 4054 S.
492 3991 577 4073 bip„
595 4012 626 4052 o.
640 3995 712 4066 529,
728 3989 783 4053 ubi
793 3989 884 4066 dicit,
903 3989 983 4053 bano
995 4009 1060 4054 esse
1072 3989 1258 4054 seutent‘nm
1270 3993 1418 4053 veriorm

138 4077 432 4156 emmunim,
446 4097 520 4144 eum
534 4079 666 4157 Saurea,
680 4077 848 4157 Salonam,
865 4085 922 4142 eto.
939 4111 981 4130 -κ
996 4077 1061 4142 tui
1076 4086 1181 4144 tamen
1196 4079 1321 4156 dieunt,
1335 4095 1417 4144 tom·

139 4165 345 4230 mutationem
359 4167 553 4248 penitentie<
560 4167 628 4232 fieri
642 4185 729 4248 posse
742 4167 781 4231 ab
791 4169 897 4231 eodem
908 4165 1095 4231 confessario
1103 4173 1190 4232 extra
1198 4167 1416 4232 oonfessionem

138 4248 234 4318 eihan
256 4258 324 4335 post
343 4255 445 4336 plures
464 4255 543 4330 dies,
566 4253 630 4318 imo
648 4262 679 4318 et
695 4256 848 4337 quamdiu
867 4253 1073 4322 comesurus
1091 4255 1203 4323 retinet
1216 4255 1414 4332 memoriam,

138 4337 249 4406 sellem
261 4343 436 4416 multisoni,
450 4350 657 4426 peccatorum
671 4343 746 4426 quia
755 4350 831 4410 tune
841 4343 941 4408 adhue
952 4341 1076 4408 ridetur
1085 4346 1241 4410 urorulitar
1250 4344 1335 4410 uniri
1344 4363 1415 4408 eum

140 4429 322 4502 precedenti
331 4430 447 4513 judicio
462 4432 685 4495 sacramentali.
707 4436 786 4497 Nem
804 4438 905 4514 partes
918 4431 1013 4514 hujus
1032 4434 1221 4498 sacrementi
1235 4432 1414 4518 (inquiunt)

140 4514 275 4598 tempore
294 4519 449 4584 munies,
464 4525 593 4602 possunt
612 4520 697 4584 uniri
714 4521 872 4586 moraliter
894 4521 931 4586 ed
952 4520 1169 4604 integrandum
1188 4540 1290 4588 unrun
1311 4523 1414 4584 saera-
