3224 5044
596 269 639 312 DE
659 266 891 314 aaraluonlo

640 475 784 521 PUNCTUM
804 475 842 520 111

497 593 542 657 Ile
558 595 768 678 impedimento
782 595 984 677 cognationis.

145 751 290 833 Cognatio
301 749 429 831 triplicis
444 748 562 830 generis
573 739 790 828 distinguitur,
803 748 917 812 seilicet
927 755 957 812 1⁰
967 782 1001 839 a,
1032 780 1046 795 v«
1061 678 1377 860 tiiffioipiaitil'aeg

105 849 137 907 3⁰
152 841 271 922 legalis.
287 844 328 903 De
343 838 473 920 singulis
487 837 626 901 seorsim.

675 1031 777 1076 oacrio
798 1032 810 1076 1

551 1145 593 1200 De
607 1141 776 1214 cognatione
792 1140 929 1199 naturali.

141 1294 212 1354 799.
236 1323 278 1336 —
296 1285 440 1366 Cognatio
466 1285 631 1362 naturalis,
657 1303 711 1348 seu
734 1284 1000 1364 consanguinitaS,
1026 1293 1072 1348 est
1096 1285 1256 1350 vinculum
1279 1307 1379 1370 perso-

101 1395 216 1442 narum
240 1377 279 1440 ab
303 1377 408 1438 eodem
438 1374 542 1454 stipite
567 1372 706 1455 proximo
737 1391 790 1453 per
826 1374 978 1435 carnalem
1007 1375 1232 1454 generationem
1258 1379 1380 1443 descen-

101 1468 261 1542 dentium‚
283 1465 365 1546 qaod
382 1463 495 1526 scilicet
513 1462 651 1542 exsurgit
672 1481 710 1524 ex
728 1462 847 1524 unitate
864 1467 894 1524 et
911 1461 1141 1546 participatione
1159 1467 1295 1546 ejusdem
1310 1488 1379 1532 san-

102 1556 218 1637 guinis.

141 1647 177 1707 In
190 1641 458 1723 consanguinitate
475 1641 538 1703 tria
556 1646 630 1703 sant
650 1638 883 1719 distinguenda,
903 1640 1017 1703 scilicet
1034 1647 1066 1704 l⁰
1080 1643 1172 1724 stipes
1187 1663 1240 1706 seu
1252 1663 1380 1724 persana

100 1754 138 1796 ex
151 1752 214 1815 qua
229 1733 296 1794 aliae
309 1733 426 1793 ducunt
436 1728 603 1808 originem
618 1733 651 1789 2⁰
663 1729 793 1807 gradus,
808 1747 862 1789 seu
878 1745 1023 1791 mensura
1038 1729 1192 1792 distantia
1207 1733 1301 1794 rmius
1315 1753 1380 1814 per-

100 1841 183 1885 sonae
198 1821 237 1882 ab
252 1819 362 1894 altera;
384 1823 416 1881 3ο
436 1818 528 1896 linea,
547 1834 601 1878 seu
620 1815 711 1876 series
725 1833 926 1894 personarum
950 1817 989 1877 ab
1008 1818 1114 1879 eodem
1135 1818 1239 1898 stipite
1257 1821 1379 1884 descen-

99 1908 258 1972 dentium.

139 1997 238 2059 Linea
255 1994 368 2074 duplex
386 1997 454 2056 est:
471 1992 639 2069 dialecto,
656 1995 685 2054 et
703 1992 763 2054 alia
778 1992 962 2055 collateralis
982 2013 1036 2056 seu
1058 1997 1278 2058 transversariis.
1296 1999 1380 2062 Prior

98 2091 146 2149 est
159 2085 254 2148 series
269 2099 469 2164 personarum
485 2099 619 2162 quarum
635 2081 701 2144 aliae
716 2081 754 2143 ab
771 2081 840 2143 aliis
859 2083 1062 2158 descendunt,
1079 2085 1328 2166 vallamaricam,
1345 2093 1381 2151 ut

98 2175 154 2237 filii
178 2171 410 2254 aparentibus,
435 2171 482 2234 vel
505 2169 648 2244 mediate,
675 2174 712 2232 ut
735 2176 859 2250 nepotes
882 2171 920 2233 ab
940 2171 1020 2246 aria,
1043 2172 1091 2236 vel
1114 2191 1132 2234 a
1153 2174 1289 2254 proavis,
1320 2183 1377 2239 etc.

98 2262 253 2326 Posterior
278 2279 349 2323 vero
376 2265 423 2322 est
453 2257 544 2321 series
575 2271 791 2340 personarum,
819 2278 886 2340 quae
914 2259 984 2322 licet
1013 2260 1152 2342 stipitem
1184 2281 1380 2328 communem

97 2351 251 2426 habeant,
276 2350 343 2412 aliae
364 2347 529 2412 tamenab
555 2346 624 2409 aliis
652 2365 714 2410 non
739 2349 942 2424 descendunt,
971 2355 1008 2411 ut
1028 2355 1103 2412 sunt
1127 2349 1251 2428 fratres,
1278 2372 1380 2418 conso-

97 2440 197 2516 brini,
214 2443 272 2502 etc.

137 2529 233 2592 Linea
245 2525 423 2590 collateralis
438 2533 484 2588 est
498 2525 623 2607 aqualis
636 2525 684 2587 vel
699 2525 873 2606 aaaequalis,
886 2529 976 2606 prout
988 2527 1207 2608 consanguinei
1221 2531 1379 2611 equaliter

98 2619 146 2681 rol
156 2616 353 2699 inaequaliter
367 2635 386 2678 a
399 2614 558 2678 communi
572 2613 677 2696 stipite
688 2613 814 2676 distant.

222 2745 466 2810 statuenda.

136 2877 210 2937 800.
225 2905 266 2915 -
278 2873 302 2931 Ι.
318 2868 575 2948 consanguinitas
586 2868 621 2929 in
637 2867 714 2928 linea
728 2878 812 2929 reeta
826 2870 932 2930 sallem
946 2869 983 2930 de
993 2872 1065 2950 jure
1076 2869 1207 2950 positivo
1221 2873 1376 2936 Matrinio

95 2963 190 3026 aium
204 2958 326 3022 dirimit
343 2956 500 3037 indefinite
518 2955 552 3017 in
571 2973 763 3035 quocumque
780 2957 886 3034 gradu.
906 2961 992 3020 Patet
1014 2977 1053 3020 ex
1062 2961 1132 3041 jure
1150 2977 1216 3022 can.
1238 2960 1273 3020 ia
1287 2961 1375 3042 Reap.

95 3048 224 3113 Nicolai
236 3048 254 3109 1
268 3053 306 3109 ad
319 3045 483 3127 Balqaros,
500 3065 527 3106 c.
544 3047 593 3107 37.

137 3142 176 3202 lI.
197 3173 236 3185 -
256 3131 512 3215 Consangninitas
537 3131 572 3193 in
592 3131 673 3193 linea
691 3132 861 3195 collaterali
883 3133 1118 3198 Matrimonium
1138 3138 1258 3201 dirimit
1279 3157 1377 3218 usque

96 3229 140 3290 ad
152 3236 298 3312 ‚quartam
312 3223 441 3307 pradum
453 3219 617 3296 inclusive,
635 3223 665 3281 et
682 3239 744 3282 non
759 3223 849 3284 ultra.
867 3225 990 3284 Constat
1008 3241 1046 3284 ex
1062 3223 1153 3287 Ceae.
1169 3227 1273 3288 Later.
1290 3231 1305 3288 1
1314 3227 1374 3290 Vc.

94 3317 169 3380 Non
183 3315 280 3394 debet,
297 3319 326 3378 8.
344 3313 391 3375 Be
405 3309 599 3390 eoasaapaia.
616 3317 645 3370 et
659 3308 763 3390 affin„
781 3317 812 3372 et
826 3310 966 3391 pluribus
978 3311 1050 3374 locis
1063 3315 1080 3373 J
1084 3312 1147 3375 uris
1160 3314 1307 3377 canonici.

136 3407 190 3468 111.
208 3400 467 3483 Gonsanguinitas
478 3397 713 3465 Matrimonium
727 3397 848 3460 dirimit
860 3398 955 3461 etiam
967 3398 1049 3462 inter
1060 3419 1110 3463 eos
1125 3402 1179 3483 qui
1190 3409 1314 3465 tantum
1329 3405 1377 3467 vel

94 3513 133 3558 ex
148 3495 256 3558 eodem
270 3500 372 3574 patre,
389 3490 437 3553 vel
456 3508 494 3552 ex
512 3489 618 3551 eadem
638 3493 736 3550 matre
748 3487 815 3549 nati
829 3494 918 3565 sunt;
942 3487 1017 3550 item
1034 3488 1117 3551 inter
1134 3491 1376 3571 consanguineos

93 3601 132 3645 ex
155 3581 329 3662 illegitimis
347 3579 504 3644 natalibus
519 3578 647 3658 genitos.
669 3576 757 3642 Ratio
778 3583 840 3652 est,
858 3575 931 3657 quia
945 3577 1107 3640 diversitas
1128 3578 1223 3658 patris
1243 3587 1298 3642 aut
1312 3599 1376 3643 ma-

96 3672 163 3748 tris,
178 3671 229 3735 rel
242 3667 460 3750 illegitimitas‚
478 3685 540 3730 non
556 3665 701 3746 impedit,
719 3665 796 3747 qrrin
812 3664 942 3728 carnalis
961 3667 1209 3746 consanguinitas
1228 3668 1312 3732 inter
1325 3687 1376 3732 eos

94 3761 235 3824 exsistat.

358 3900 466 3940 REGULAE
482 3901 517 3937 An
534 3899 639 3936 GRLDUS
654 3897 908 3936 consanommrams
925 3897 1111 3935 COMPUTANDOS

132 4003 209 4065 80t.
223 4033 263 4043 —
277 3998 310 4060 1⁰
330 3997 457 4079 Regula.
479 4000 515 4059 In
533 3997 615 4060 linea
632 4001 713 4062 recta
731 4007 775 4058 tot
793 4005 993 4060 numerantur
1010 3995 1125 4078 predae
1140 4006 1214 4076 quot
1224 4015 1373 4079 persone,

91 4090 199 4172 saepiae
214 4084 343 4167 dempto,
366 4105 420 4148 seu
433 4090 478 4148 tot
491 4092 565 4150 sunt
576 4087 705 4166 gradus,
724 4093 801 4167 quot
815 4091 889 4150 sunt
903 4084 1123 4166 generationes.
1138 4084 1217 4148 Hinc
1228 4086 1309 4150 inter
1322 4107 1374 4168 pa-

95 4185 179 4242 trem
194 4173 340 4238 etlilium
354 4173 466 4238 unicus
484 4181 531 4236 est
546 4175 674 4253 gratim,
695 4174 770 4255 quia
783 4175 875 4238 unica
888 4181 935 4237 est
951 4173 1119 4254 generatio,
1141 4191 1194 4238 seu
1214 4175 1305 4240 unica
1318 4176 1375 4240 filii

91 4282 241 4349 persona,
258 4263 373 4326 secluso
394 4268 480 4342 patre
499 4266 604 4342 utpote
623 4262 738 4342 stipite.
761 4265 844 4325 Inter
858 4270 1000 4344 nepotem
1021 4268 1052 4324 et
1069 4281 1164 4326 avum
1183 4265 1244 4328 duo
1262 4265 1375 4344 gradus

92 4359 314 4429 numerantur,
332 4351 406 4433 quia
417 4351 486 4414 dua
500 4356 575 4414 sunt
589 4351 816 4431 generationes,
833 4350 903 4414 lieet
924 4357 986 4414 tres
1000 4351 1209 4416 interveniant
1220 4371 1374 4433 persona,

92 4461 208 4524 nempe
221 4460 314 4516 arus,
330 4445 426 4522 pater,
443 4445 474 4502 et
483 4441 549 4520 eius
563 4438 657 4515 filius,
672 4457 725 4504 seu
737 4458 830 4521 nepos
844 4443 983 4520 respectu
997 4439 1058 4506 ari.
1075 4443 1172 4504 Penas
1183 4439 1298 4523 pariter
1307 4461 1375 4526 pro

91 4549 192 4596 arum
204 4532 254 4598 rel
265 4531 410 4608 mavum,
425 4537 456 4595 et
469 4535 531 4594 tres
545 4529 593 4596 vet
607 4535 741 4613 quatuor
754 4530 867 4610 gradus
881 4528 1018 4596 hebebis.
