3224 5044
218 165 285 226 336
746 175 958 220 reserares

219 291 413 370 desipuisset,
427 293 572 350 manente
586 285 791 348 nihilominus
806 286 957 366 conjugali
970 279 1106 360 vinculo,
1120 287 1164 349 ita
1179 295 1214 349 ut
1227 293 1335 351 neutra
1345 309 1416 370 pars
1431 311 1504 372 pos-

219 379 262 442 sit
279 384 351 440 ante
371 384 503 438 mortem
524 374 650 436 alterius
671 373 751 435 inire
768 373 852 437 alind
872 374 1115 437 Matrimonium.
1132 378 1167 438 ld
1180 377 1382 439 declaratura
1402 379 1498 442 Cone.

221 466 320 536 rna,
334 485 402 528 sess.
415 467 521 538 XXIV,
538 483 603 524 can.
620 468 656 526 8:
671 462 710 523 Si
723 463 792 543 qrn's
804 463 919 524 dicerit
933 462 1100 525 Ecclesiam
1115 483 1233 544 errare,
1255 485 1322 527 carn
1334 467 1371 526 ob
1387 469 1503 532 multas

217 576 320 617 causes
333 557 554 636 separationem
569 555 651 612 inter·
667 552 818 632 conjuges,
840 551 943 632 quood
961 563 1061 612 tornnr
1076 573 1127 614 sen
1146 554 1246 636 quoad
1260 555 1497 635 habitationem,

217 645 383 707 adsertam
400 643 600 716 incertumque
614 649 727 722 tempas
742 642 813 720 ficri
822 659 907 723 posse
917 641 1058 711 decernit,
1078 643 1240 704 anathemo
1251 647 1302 705 sit.

262 738 330 796 tet.
348 769 387 776 —
401 733 451 792 ΙΙΙ.
465 734 570 793 Causae
583 729 733 811 ejusmodi
746 729 915 791 divortium
927 730 1157 793 cohonestantes
1172 738 1246 793 sunt
1260 752 1268 793 :
1284 739 1414 797 mutuus
1425 755 1500 798 oon-

221 841 345 895 sensuS,
362 839 452 901 grave
471 819 584 882 animae
602 817 650 880 vel
671 817 803 898 eorporis
822 817 1008 898 periculum,
1033 826 1064 880 et
1088 820 1267 883 alterutrius
1291 822 1498 900 adulterium;

220 931 296 992 quas
310 928 417 974 causas
431 909 475 970 ita
487 925 541 987 pro
554 906 641 988 praxi
656 906 807 986 intelliges
821 927 829 967 :

261 1007 293 1063 1⁰
305 999 428 1061 Mutuus
442 1016 611 1068 consensus,
629 995 743 1057 scilicet
758 1001 888 1076 uterque
907 1000 1019 1078 conjux
1037 997 1131 1059 simul
1146 1003 1273 1078 possunt
1292 1001 1358 1080 Juri
1378 1003 1501 1082 proprio

221 1087 398 1151 renuntiare
416 1085 516 1166 quoad
538 1091 659 1160 torum,
685 1082 750 1145 sive
774 1084 813 1144 ad
836 1089 957 1166 tempus
977 1084 1041 1148 site
1061 1085 1095 1147 in
1114 1093 1312 1167 perpetuum,
1332 1089 1501 1154 dummodo

220 1177 301 1240 absit
319 1172 550 1238 incontinentia
564 1172 747 1252 perieulum.
769 1174 843 1234 Item
863 1173 996 1253 separari
1009 1181 1137 1254 possunt
1152 1175 1245 1236 etiam
1263 1178 1364 1256 quoad
1380 1178 1500 1240 habita-

222 1266 338 1328 tionem
353 1265 417 1326 sive
429 1263 467 1325 ad
481 1267 601 1342 tempus
616 1261 809 1341 negotiorum
825 1279 930 1336 eausa,
945 1261 1009 1324 sive
1021 1261 1055 1324 in
1068 1270 1250 1344 perpetuum
1264 1265 1302 1326 oh
1319 1265 1393 1329 uita
1405 1267 1499 1348 perle-

221 1353 323 1415 ctioris
335 1349 536 1424 desiderium
552 1368 582 1411 v.
601 1367 660 1429 gn,
679 1349 718 1410 ad
732 1348 920 1429 Religionem
934 1349 1181 1429 ingrediendam,
1196 1352 1243 1414 vel
1260 1371 1360 1416 sacros
1370 1355 1498 1417 Ordines

221 1440 437 1523 suscipiendos.
451 1475 492 1484 -
505 1438 610 1500 Recole
626 1437 707 1498 dicto
719 1457 827 1518 snpra,
842 1459 873 1498 n.
887 1443 937 1501 ta.

259 1533 292 1592 ιο
305 1527 480 1590 Periculum
499 1545 590 1608 praue
608 1525 733 1603 anima,
756 1525 782 1587 si
803 1525 884 1588 adsit
902 1527 1105 1606 perversionis
1124 1528 1295 1608 periculum
1316 1529 1351 1592 in
1375 1551 1436 1595 uno
1459 1553 1498 1596 ex

222 1637 313 1681 causa
325 1617 465 1690 alterius;
482 1623 514 1677 et
524 1615 690 1694 pericnlum
705 1617 953 1696 provocorporis,
971 1615 997 1677 si
1008 1616 1171 1678 immineat
1182 1616 1353 1698 periculum
1363 1620 1497 1684 vitaeaut

224 1705 445 1779 mutilationis,
460 1705 507 1766 vel
522 1703 548 1764 si
564 1703 748 1765 cohabitatio
762 1721 799 1764 ex
816 1708 902 1782 parte
915 1703 1010 1766 unius
1024 1723 1095 1785 erga
1108 1705 1205 1766 alium
1219 1707 1294 1768 adeo
1310 1709 1415 1771 evadat
1429 1728 1497 1771 mu-

221 1797 311 1869 lesta,
335 1800 372 1856 ιιι
392 1791 548 1855 moraliter
568 1790 768 1871 impossibilis
791 1793 952 1868 reddatur;
973 1791 1005 1854 id
1023 1794 1173 1867 eveniret,
1191 1793 1217 1855 si
1236 1797 1347 1876 conjux
1360 1815 1498 1860 enormes

222 1891 277 1946 aut
292 1882 464 1962 hequentes
477 1879 611 1943 saevitias
625 1879 690 1960 pati
703 1885 868 1959 cogeretur.

262 1978 296 2036 3⁰
310 1971 505 2032 Adulterium
520 1969 713 2041 alterutrius,
730 1968 844 2030 scilicet
863 1969 937 2045 tale,
961 1977 997 2032 ιιι
1018 1971 1059 2033 sit
1078 1977 1110 2033 t⁰
1124 1972 1281 2034 ntoraliter
1294 1979 1423 2048 eertum,
1443 1996 1496 2038 seu

220 2063 257 2124 ‹le
275 2079 335 2141 quo
353 2058 608 2140 praesumptiones
631 2057 733 2118 adsint
747 2056 792 2118 ita
811 2056 967 2133 uiolentae,
984 2065 1020 2120 ut
1033 2060 1200 2139 prudenter
1218 2061 1341 2123 omniuo
1354 2064 1497 2125 credatur

219 2149 313 2212 fuisse
332 2147 517 2222 admissum
534 2149 567 2207 2⁰
584 2145 811 2220 voluntarium,
835 2164 899 2208 non
918 2165 989 2209 vero
1004 2166 1042 2208 ex
1060 2147 1145 2210 illata
1160 2147 1304 2212 violentie
1321 2157 1494 2230 patratum,

225 2243 259 2302 3ο
274 2255 336 2300 non
351 2236 572 2310 condonatum,
589 2240 750 2314 postquam
761 2233 918 2295 moraliter
929 2240 1009 2297 certo
1019 2235 1172 2310 innotuit,
1189 2236 1254 2300 sive
1267 2257 1419 2318 expresse,
1431 2239 1497 2302 site

225 2325 387 2407 implicito,
404 2345 434 2388 ι.
451 2343 510 2404 gn,
525 2341 578 2404 per
592 2329 697 2384 actum
711 2322 915 2403 conjugalem
931 2329 964 2385 ιο
982 2341 1043 2385 non
1060 2332 1225 2400 mutuum,
1243 2326 1317 2407 quia
1331 2333 1406 2390 tunc
1419 2329 1499 2391 exsi-

224 2421 317 2476 steret
331 2411 547 2492 compensatio.
563 2414 651 2472 Patet
670 2430 707 2472 ex
726 2410 827 2471 verbis
844 2410 975 2486 Christi,
1000 2411 1108 2476 Matth.
1127 2433 1159 2488 v,
1181 2417 1219 2477 32
1240 2433 1247 2474 :
1270 2415 1329 2490 Oai
1347 2416 1498 2478 dimiserit

224 2521 364 2574 acorem,
375 2511 501 2582 eccepto
509 2500 724 2580 fornicationis
738 2518 845 2572 consa,
862 2500 1017 2580 faciteam
1034 2501 1193 2581 inscctari,
1209 2510 1264 2564 etc.
1283 2505 1371 2578 Quod
1387 2505 1501 2568 silicet

226 2590 306 2664 viro,
321 2590 425 2652 eadem
441 2589 557 2651 ratione
568 2588 662 2651 etiam
676 2585 767 2649 uxori
781 2585 900 2649 licitum
910 2607 974 2650 asse
988 2589 1087 2652 dehet.

263 2677 443 2741 Communis
453 2679 611 2740 doctorum
622 2675 772 2738 sententia
781 2675 906 2738 nomine
916 2677 1058 2739 adulterii
1067 2677 1498 2761 quamlibetintelligitcarnir

222 2767 412 2846 divisionem,
435 2765 528 2830 etiam
551 2785 619 2847 quta
642 2764 773 2827 hahetur
798 2783 851 2844 per
871 2765 1041 2827 sodomiam
1062 2773 1093 2828 et
1116 2766 1340 2831 bestialitatem.
1358 2805 1400 2813 —
1425 2769 1499 2831 Vide

221 2855 256 2917 S.
272 2855 379 2939 Atpt,
395 2877 426 2917 n.
442 2859 513 2918 962.
529 2853 715 2929 —Quidam
729 2859 832 2914 tamen
848 2854 1071 2916 contradicunt.

343 2993 537 3072 Quaesita.

262 3125 332 3186 tot.
354 3157 393 3166 -
412 3124 514 3196 Quas.
531 3127 564 3183 ι0
579 3121 630 3180 Αιι
651 3121 708 3196 eir,
729 3113 849 3200 capacite
868 3123 975 3180 uxoris
993 3119 1158 3204 adulterio,
1179 3120 1264 3182 illane
1283 3121 1436 3184 dimittere
1455 3133 1496 3184 te-

224 3213 356 3274 nectar?

265 3301 351 3383 Resp.
368 3305 400 3362 ι0
415 3319 422 3361 :
438 3303 564 3363 Cortum
582 3303 629 3360 est
646 3315 706 3358 nou
726 3297 823 3358 teneri
843 3295 958 3360 radone
976 3299 1135 3372 adulterii,
1155 3299 1230 3380 quia
1250 3299 1418 3362 divortium
1437 3301 1498 3362 fuit

223 3406 399 3453 conoessum
415 3388 449 3450 in
467 3387 604 3450 favorem
622 3385 808 3462 innocentis,
824 3403 887 3448 non
901 3384 934 3446 in
949 3388 1014 3466 ejus
1031 3405 1165 3467 poenam.
1184 3423 1226 3436 —-
1239 3389 1286 3450 Ita
1299 3389 1502 3450 communiter

224 3479 365 3561 theologi.
385 3514 425 3524 -
441 3476 477 3539 S.
490 3477 560 3558 Lip.
575 3496 606 3536 a.
621 3479 690 3539 693.

262 3568 352 3650 ltesp.
365 3571 415 3629 2⁰:
431 3565 605 3645 Aliquando
618 3569 718 3645 potest
729 3563 778 3624 vir
793 3564 890 3626 teneri
901 3565 940 3627 ad
952 3564 1172 3628 dimittendam
1184 3583 1312 3630 uxorem
1325 3565 1498 3628 adulteram

224 3656 341 3720 ratione
359 3653 554 3718 correctionis
567 3652 709 3716 internae
724 3655 778 3714 aut
792 3652 926 3714 scandali
942 3652 1076 3728 vitandi;
1093 3655 1145 3716 sed
1159 3673 1248 3717 rarus
1262 3659 1308 3717 est
1320 3654 1379 3717 iste
1393 3673 1498 3726 rasus,

222 3751 291 3808 tum
305 3744 379 3826 quia
392 3742 453 3806 alia
470 3740 572 3804 media
590 3739 729 3820 adhiberi
748 3749 878 3821 possunt
891 3741 928 3803 ad
949 3760 1075 3804 uxorem
1092 3743 1319 3824 corrigendam,
1336 3749 1392 3806 aut
1412 3761 1499 3806 sean-

221 3836 326 3898 dalum
350 3831 530 3904 vitandum,
554 3837 623 3892 tum
646 3829 720 3910 quia
743 3846 833 3908 grave
854 3829 1031 3892 scandalum
1055 3849 1092 3892 en
1112 3831 1300 3912 separatione
1322 3831 1499 3894 timendum
1595 3831 1596 3846 ¹

222 3941 364 3986 exeusme
382 3927 493 4003 potest.
512 3918 646 3980 Aliunde
663 3920 754 3999 ejecta
777 3936 855 3980 uxor
875 3918 983 3999 majori
1004 3918 1152 3999 periculo,
1169 3922 1280 3983 saltem
1299 3921 1500 4002 plerumque.

226 4017 438 4090 exponeretur.
448 4043 489 4056 -
502 4007 539 4070 S.
552 4007 637 4088 Lip„
651 4005 728 4068 ibid.

262 4101 333 4161 763.
351 4133 390 4143 -
403 4101 504 4174 Quen.
521 4100 555 4160 ιο
572 4095 639 4171 Aa,
659 4095 741 4177 sacto
760 4095 907 4174 divortio,
922 4098 1020 4180 possit
1040 4099 1181 4160 innocens
1198 4097 1330 4161 alterurn
1349 4118 1454 4181 cepere
1470 4111 1502 4156 nt

223 4186 308 4248 adse
321 4185 445 4246 redeat?

158 4326 161 4334 .
260 4275 352 4358 Resp.
370 4279 402 4336 l⁰
416 4275 557 4355 affirm,
575 4274 601 4337 si
620 4281 730 4355 agatur
748 4275 785 4337 de
806 4275 994 4354 separatione
1018 4297 1078 4338 aon
1092 4277 1253 4360 juridica,
1269 4276 1344 4358 quia
1365 4277 1430 4340 haee
1448 4295 1505 4356 por

222 4361 406 4428 sententiam
416 4361 530 4444 judicis
552 4381 615 4425 uon
628 4363 782 4426 mutatur.

264 4452 353 4535 Resp.
371 4455 405 4514 2⁰
423 4453 543 4532 Affirm
560 4451 765 4534 probabilius,
781 4451 875 4516 etiam
896 4452 929 4514 in
949 4453 1014 4533 ipso
1033 4473 1105 4518 casu
1116 4455 1265 4536 juridice
1283 4455 1502 4538 separationis.
