3180 5040
631 279 673 323 us
694 277 866 322 cussonis
1318 271 1384 328 lli

9 395 11 414 ⁵
114 397 241 462 nominc
256 393 475 474 Religiosorum
490 407 551 452 non
566 387 710 464 veniunt;
728 406 827 470 neque
837 389 988 468 apostate
1003 397 1058 452 aut
1077 390 1217 470 fugitivi,
1234 393 1308 473 quia
1323 413 1385 458 uon

115 493 191 550 sunt
213 484 314 567 ejecti3
328 497 427 562 neque
448 479 534 560 ejecti
552 477 612 557 ipsi
632 477 688 558 qui
705 476 898 557 recipiuntur
917 477 1048 554 iterum,
1068 485 1123 542 aut
1142 480 1180 542 ad
1196 480 1289 544 aliam
1307 483 1385 546 Reli-

115 575 235 654 gionem
250 569 391 634 canonice
406 571 582 640 transeunt,
599 565 673 646 quia
685 583 748 628 non
759 571 833 628 sunt
848 573 935 628 extra
946 565 1134 646 Religionem
1149 569 1301 648 degentes.

155 665 255 738 Quart.
277 660 386 722 Uirum
404 657 515 739 injuste
529 655 640 737 ejectos
655 653 734 715 bone
748 655 972 735 suspensionem
988 657 1146 718 iracurrct?

153 750 242 830 Iiesp.
258 768 271 810 .·
285 745 427 810 Affirmat
450 745 621 821 Auanzini,
650 742 721 804 adn.
750 747 804 818 53,
821 743 894 823 quia
919 742 953 805 in
975 749 1063 806 textu
1084 763 1220 808 censurae
1246 748 1330 810 nulla
1353 750 1387 811 fit

113 837 271 900 distinctio
295 835 377 898 inter
395 833 572 914 ejectionem
587 835 705 912 justam
726 832 774 893 vel
797 831 962 913 injustam,
978 838 1009 894 et
1026 836 1136 915 ejectus
1158 835 1250 896 etiam
1270 836 1387 916 injuste

115 931 197 989 caret
215 925 308 988 titulo
331 942 394 986 suae
415 920 637 996 Ordinationis;
652 937 760 981 verum
775 920 986 999 improbabilis
1000 921 1122 983 videtur
1137 922 1201 986 haee
1220 925 1385 1001 sententie,

114 1021 144 1077 et
159 1013 272 1076 melius
283 1029 354 1074 cum
367 1009 436 1074 aliis
451 1013 579 1088 negatur
592 1028 599 1069 z
613 1025 687 1070 nem
704 1025 832 1070 censura
855 1025 917 1070 non
933 1007 1031 1069 fertur
1044 1009 1105 1072 uisi
1122 1009 1156 1072 in
1170 1029 1242 1073 eum
1258 1013 1312 1093 qni
1327 1016 1388 1076 c'ul-

112 1121 184 1183 pam
208 1118 333 1182 grauem
356 1097 497 1171 admisit,
514 1101 544 1159 et
559 1095 698 1170 aliunde,
719 1094 796 1159 facto
812 1095 938 1176 quidem
952 1097 1004 1159 sed
1019 1116 1080 1160 non
1093 1101 1164 1178 jure
1179 1107 1260 1162 earet
1274 1100 1388 1182 injuste

111 1195 223 1273 ejectus
239 1189 330 1253 titulo
342 1205 405 1250 suaa
418 1185 636 1250 Ordinationis.

731 1315 771 1370 VI

149 1422 374 1496 Suspensionem
390 1420 425 1476 ab
441 1419 548 1477 Ordine
563 1418 695 1490 suscepto
710 1418 772 1490 ipso
784 1418 850 1488 jure
864 1417 1028 1486 incurrunt,
1044 1417 1093 1490 qui
1108 1419 1240 1475 eumdem
1254 1421 1389 1480 Ordinem

113 1504 241 1574 recipere
257 1500 503 1575 praesumpserunt
521 1498 557 1554 ab
572 1497 815 1554 excommunicato
835 1497 881 1553 vel
900 1513 1055 1570 suspenso,
1074 1498 1119 1554 rel
1134 1498 1285 1558 interdicto
1302 1505 1389 1559 oemi-

112 1583 205 1639 natim
219 1581 410 1648 denuntiatis,
428 1580 477 1636 aut
492 1579 526 1635 ab
541 1577 675 1635 haeretico
688 1577 732 1634 rel
749 1577 933 1633 schismatico
946 1577 1055 1635 notorio
1072 1599 1078 1634 :
1094 1595 1160 1636 eum
1172 1598 1237 1637 vero
1252 1583 1301 1654 qui
1317 1584 1391 1640 bona

112 1661 169 1720 fide
184 1680 202 1719 a
217 1661 352 1736 quopiam
371 1677 469 1716 eorum
490 1660 534 1716 est
550 1659 714 1724 ordinatus,
730 1657 898 1713 exercitium
914 1673 970 1714 non
984 1657 1090 1714 habere
1106 1659 1223 1717 Ordinis
1238 1663 1279 1718 sic
1295 1680 1391 1721 susce-

112 1745 167 1817 pti,
183 1743 275 1798 donec
287 1741 481 1814 dispensetur,
493 1739 682 1794 declaramus.
695 1737 759 1810 (Ea
770 1754 836 1808 cop.
854 1737 1029 1810 Daibertum,
1038 1753 1120 1794 cous.
1132 1739 1159 1807 l,
1171 1757 1198 1811 q.
1208 1741 1234 1796 7.
1246 1772 1281 1782 —
1291 1741 1389 1816 Cupi

113 1830 140 1880 et
154 1839 247 1896 seqq,
263 1835 345 1878 cous.
362 1820 388 1875 9.
404 1836 431 1891 q.
448 1819 473 1874 l.
489 1849 524 1859 —
538 1817 609 1890 Cup.
624 1816 638 1872 l
655 1823 681 1872 et
695 1817 711 1870 t
726 1817 762 1872 de
773 1813 944 1890 Subtemen]

161 1977 250 2058 1046.
268 2008 306 2019 —
326 1970 463 2036 Secunda
485 1987 556 2049 pars
574 1967 668 2049 hujus
685 1967 807 2030 articuli
826 1966 871 2029 ita
889 1974 936 2030 est
954 1967 1167 2048 intelligenda,
1185 1979 1221 2036 ut
1238 1973 1292 2054 qui
1316 1975 1392 2037 bono

113 2063 194 2145 fide,
211 2061 305 2124 idest
319 2059 433 2140 absque
449 2057 687 2138 presumptione
708 2059 737 2118 et
755 2075 792 2118 ex
810 2055 982 2136 ignorantia
1004 2057 1111 2120 saltem
1135 2078 1284 2136 censurae,
1305 2064 1391 2128 Ordi-

113 2170 186 2214 nem
212 2155 394 2230 receperunt
412 2167 430 2210 a
452 2145 640 2210 nominatim
659 2145 937 2220 excommunicato,
954 2150 1025 2221 etc,
1048 2165 1110 2209 non
1126 2150 1245 2229 proprie
1267 2169 1393 2232 suspen-

111 2241 244 2314 dantur,
271 2238 322 2300 sed
349 2236 571 2318 prohibeantur
594 2234 632 2296 ab
655 2233 831 2296 exercendis
856 2232 1068 2297 functionibus
1090 2237 1212 2300 Ordinis
1237 2241 1390 2321 suscepti,

112 2330 253 2408 adeoque
267 2332 390 2408 peccent
405 2325 429 2388 si
448 2324 516 2386 illas
528 2327 695 2385 exerceant.
711 2327 780 2385 llaec
792 2328 897 2384 autem
911 2322 1078 2402 prohibitio
1097 2344 1161 2387 non
1180 2333 1226 2388 est
1240 2335 1393 2392 reservata

113 2424 203 2483 Rom.
221 2415 380 2491 Pontifici,
401 2417 560 2495 potestque
575 2411 640 2474 tolli
653 2411 692 2473 ab
711 2411 874 2490 Episcopo,
892 2417 927 2472 ut
942 2429 1081 2490 expresse
1100 2414 1254 2477 declarant
1272 2417 1395 2498 antiqui

113 2511 271 2580 Oenones,
288 2524 325 2567 ea
339 2503 452 2584 quibus
465 2519 592 2564 censura
604 2500 766 2580 desumpta
781 2505 842 2572 est,
859 2503 888 2560 et
900 2499 974 2561 satis
986 2507 1106 2565 constat
1122 2521 1159 2566 ex
1171 2502 1223 2565 illa
1238 2505 1392 2570 clausula:

115 2597 210 2659 donec
227 2595 426 2676 dispensetur,
443 2591 480 2654 de
494 2608 555 2672 qua
569 2585 636 2650 cide
649 2588 731 2650 dicto
744 2607 775 2649 a.
791 2591 864 2663 leb,
880 2592 923 2650 3⁰.

731 2763 790 2818 Vll

155 2869 260 2931 Clerici
281 2866 432 2924 saeculares
453 2864 542 2921 exteri
566 2861 642 2918 ultra
662 2862 785 2934 quatuor
805 2877 919 2917 menses
940 2863 969 2918 in
991 2863 1064 2921 Urbe
1082 2865 1171 2923 Roma
1190 2874 1397 2929 commorantes

118 2948 245 3012 ordienti
260 2947 296 3004 ab
310 2945 367 3003 alio
382 2961 467 3018 quam
477 2942 512 2998 ab
526 2942 589 3014 ipso
602 2957 655 2998 suo
669 2939 822 2998 Ordinario
834 2940 943 3013 absque
958 2943 1075 3001 licentia
1086 2945 1167 3002 Card.
1184 2948 1267 3005 Urbis
1279 2951 1396 3022 vicarii,

119 3033 167 3092 vel
181 3031 289 3102 absque
304 3025 410 3100 praevio
422 3022 554 3080 examine
566 3037 660 3078 coram
675 3021 775 3078 eedem
792 3023 916 3095 peracto,
933 3023 978 3080 vel
994 3025 1079 3081 etiam
1094 3043 1111 3081 a
1124 3029 1236 3101 proprio
1247 3031 1398 3088 Ordinerie

119 3117 309 3190 posteaquam
322 3106 350 3162 in
366 3105 501 3179 praedicto
516 3102 646 3158 examine
663 3101 761 3174 rejecti
780 3100 900 3169 luerint,
916 3119 968 3158 nec
983 3120 1039 3159 non
1053 3105 1156 3162 Clerici
1172 3112 1350 3181 pertinentes
1362 3113 1398 3168 ad

119 3194 250 3264 aliquem
264 3206 279 3244 e
295 3204 345 3244 sex
360 3182 574 3260 'episcopatibus
589 3181 812 3250 suburbicariis,
835 3181 859 3237 si
873 3182 1040 3238 ordinentur
1055 3187 1134 3240 extra
1146 3202 1227 3243 suam
1239 3190 1397 3261 dioecesim,

120 3268 367 3332 dimissorialibus
384 3266 430 3323 sui
442 3261 587 3322 Ordinarii
598 3261 632 3317 ad
649 3261 738 3318 alium
751 3261 869 3318 directis
884 3279 970 3334 quam
987 3263 1023 3319 ad
1040 3263 1122 3320 Card.
1137 3266 1222 3322 Urbis
1237 3269 1396 3340 Vicarium;

120 3353 170 3413 rel
186 3367 241 3408 non
256 3347 412 3424 praemissis
429 3347 496 3400 ante
510 3342 647 3402 Ordinem
663 3357 776 3398 sacrum
793 3343 1010 3416 suscipiendum
1031 3344 1177 3402 exercitiis
1198 3348 1398 3421 spiritualibus

120 3451 175 3509 per
189 3432 288 3488 decem
302 3429 366 3484 dies
381 3427 410 3484 in
424 3425 510 3483 domo
522 3423 632 3480 urbana
648 3422 832 3480 Sacerdotem
844 3439 862 3478 a
876 3425 1014 3481 llissione
1027 3429 1269 3497 nuncupatorum,
1283 3447 1400 3504 suspen·

121 3516 236 3572 sionem
248 3511 283 3567 ab
294 3507 450 3566 Ordinibus
462 3505 504 3561 sic
515 3503 658 3576 susceptis
671 3503 706 3560 ad
720 3501 931 3576 beneplacitum
941 3503 970 3560 S.
984 3503 1066 3560 Sedis
1080 3504 1143 3578 ipso
1155 3509 1221 3563 Jure
1233 3509 1397 3580 incurrunt,

119 3591 258 3666 Episcopi
273 3605 339 3646 vero
352 3587 514 3644 ordinantes
530 3586 565 3642 ab
580 3600 635 3641 usu
648 3582 855 3656 pontificalium
868 3599 918 3657 per
929 3599 1046 3647 annum,

166 3751 256 3811 lOl'l.
274 3780 312 3789 -
333 3742 448 3806 Clerici
465 3739 564 3802 exteri
580 3737 630 3800 hic
649 3737 806 3811 dicuntur,
823 3743 859 3799 ut
878 3743 962 3818 patet
977 3755 1015 3800 ex
1031 3745 1172 3802 contextu
1191 3742 1329 3821 articuli,
1344 3746 1398 3826 qui

122 3835 278 3917 nequead
293 3837 464 3897 Romanam
483 3825 653 3902 deeesim,
667 3843 766 3907 neque
789 3826 827 3888 ad
843 3826 1007 3907 aliqucme
1024 3843 1076 3890 sex
1090 3829 1312 3912 episcopatibus
1327 3819 1411 3898 sub-¹

122 3922 289 3990 urbicariis
303 3920 470 4001 pertinent.

166 4009 345 4075 sace-doces
364 4029 383 4069 o
406 4007 548 4069 Missione
563 4005 586 4069 ii
609 4010 683 4067 sunt
702 4002 756 4086 qui
775 4004 969 4068 fundatorem
987 4005 1102 4069 habent
1120 4009 1150 4070 S.
1165 4008 1399 4076 Vincentiuma

122 4104 234 4177 Paulo,
251 4105 281 4162 et
291 4097 381 4178 vulgo
397 4101 618 4178 nuncupantur
629 4094 807 4156 chora'stee.

167 4188 327 4272 Stupensr'o
351 4207 371 4248 o
388 4183 624 4268 pontificatibus
642 4181 754 4245 directe
768 4181 870 4261 privat
889 4200 948 4244 usu
967 4183 1139 4264 insignium
1159 4189 1397 4268 pontificalium,

126 4281 228 4344 mitra
242 4277 369 4350 scilicet,
391 4272 506 4347 baculi,
522 4270 623 4354 pallii,
640 4275 711 4346 ete,
728 4277 947 4352 consequenter
965 4279 1070 4335 auum
1089 4273 1194 4352 efficit,
1213 4284 1249 4340 ut
1269 4277 1399 4360 insigni-

124 4371 186 4433 bus
206 4368 347 4450 privatus
368 4363 574 4444 suspendatur
597 4359 636 4422 ab
666 4358 811 4422 omnibus
837 4358 956 4422 actibus
984 4361 1100 4425 ordinis
1131 4363 1322 4446 episcopalis,
1347 4385 1400 4449 pro

123 4457 241 4540 quibus
263 4475 301 4520 ex
321 4451 497 4536 praescripto
521 4448 660 4513 Ecclesiae
682 4467 758 4511 usus
781 4447 896 4510 herum
916 4448 1090 4530 insignium
1115 4453 1295 4534 requiritur.
1321 4456 1399 4520 ilinc

125 4565 226 4630 neque
245 4550 346 4628 potest
364 4541 558 4616 confirmare,
574 4557 673 4620 neque
686 4535 814 4600 Ordines
828 4537 980 4615 conierre,
1002 4557 1100 4622 neque
1119 4559 1290 4610 enumcrare
1307 4535 1399 4609 eccle.
