3198 5034
156 185 198 248 76
684 199 890 246 rnacrarus

198 333 212 368 a
228 315 318 374 Sacra
332 310 711 385 Psaniteutiaria,1nature
725 311 881 393 perpensis
888 311 1061 392 expositisa
1073 313 1149 373 Ven.
1163 309 1198 372 in
1209 308 1331 373 Christo
1342 314 1432 374 Patre

157 423 172 459 a
195 399 340 480 Episcopo
353 401 568 475 Petrocorensi‚
582 401 829 481 respondendum
843 401 974 474 censuit,
990 405 1081 480 pmut
1095 398 1276 479 respondet:

197 512 212 546 u
228 488 379 550 Monioles
397 491 474 550 uotis
494 488 672 551 solemnibus
696 488 853 551 obstrictus
876 489 972 551 teceri
996 488 1052 549 sub
1069 491 1160 570 praei
1183 486 1321 568 quotidie
1347 486 1428 570 Offi-

158 599 173 636 u
194 577 275 639 cium
298 577 427 638 recitare
446 595 484 639 ea
502 578 718 640 cousuetudine
733 579 805 660 jam
821 578 1024 661 prescriptu‚·
1049 597 1116 638 cum
1139 595 1206 638 uero
1226 575 1374 638 Moniuies
1394 577 1429 637 in

158 688 173 724 u
199 664 326 744 Galliis,
352 685 404 727 aec
423 675 493 728 uota
511 665 659 728 solemnia
679 669 827 742 emittere,
854 685 946 748 aeque
967 685 1026 728 esse
1048 663 1196 728 Monialea
1213 665 1315 726 stm'ctc
1335 664 1428 744 tates,

159 777 174 814 u
194 753 380 836 talipiacum
395 765 511 818 tantum
524 756 718 836 seminarum
736 759 890 817 societates
908 755 1024 838 pluries
1041 773 1213 837 responsum
1229 755 1341 836 suerit,
1363 753 1431 815 ideo

160 868 174 903 u
196 842 260 905 ilice
277 863 339 905 noa
358 843 423 905 otiu
440 843 622 926 obligatione
643 853 789 919 teneatur,
813 864 903 926 quum
922 863 957 906 ee
979 862 1047 925 qum
1067 861 1105 905 ea
1125 845 1301 925 respectiois
1318 843 1433 903 consti-

158 957 173 988 «
199 933 366 994 tutionibus
380 932 517 995 resultat.
535 933 648 996 Datum
667 933 778 1012 limace,
795 937 829 994 in
843 932 881 995 S.
897 933 1153 1006 Poem'tentiaric,
1171 931 1220 994 die
1241 935 1280 994 26
1300 929 1432 993 Nouem·

160 1045 176 1078 u
199 1020 262 1082 bris
277 1025 366 1085 1852.
392 1045 406 1081 n

198 1107 1430 1194 fflhwmdwwmfflfflwmmfflmmmmmmm

157 1197 327 1261 sonanda?

198 1287 288 1368 Resp.
303 1288 431 1370 Affirm.
447 1291 493 1351 lta
504 1290 633 1353 Collator
643 1291 817 1352 aluiciensis
832 1288 1029 1369 (Confereoce
1044 1286 1085 1348 du
1096 1285 1192 1368 Pup),
1207 1285 1246 1348 P.
1265 1284 1431 1364 Guatreiet,

160 1374 265 1438 Traite
279 1375 316 1438 de
334 1376 420 1438 terat
434 1377 597 1459 calipieucc,
614 1389 637 1442 t.
651 1382 674 1455 l,
688 1398 714 1440 e.
732 1399 779 1454 vr,
797 1388 858 1440 ort.
875 1383 905 1452 3,
921 1383 978 1439 etc.
993 1382 1098 1439 contra
1112 1374 1241 1456 aliquos.

198 1464 292 1525 Prot.
309 1465 546 1529 Admittendum
561 1471 620 1542 est,
640 1467 706 1529 dari
719 1485 806 1548 posse
815 1465 994 1548 hujusmodi
1007 1471 1092 1538 uota,
1110 1463 1171 1525 nisi
1186 1463 1365 1526 ostendatur
1376 1463 1433 1527 ali-

160 1551 235 1632 quid
249 1570 332 1616 nunc
354 1553 474 1616 obstare
489 1557 535 1618 vel
549 1575 587 1617 ex
603 1559 751 1637 potestate
769 1554 868 1629 civili,
885 1555 932 1617 vel
946 1573 984 1617 er
1006 1558 1155 1635 potestate
1173 1550 1384 1628 ecclesiastica;
1402 1552 1429 1614 si

159 1640 243 1702 enim
259 1641 337 1704 nibil
354 1642 454 1706 obstet
467 1662 505 1706 ex
518 1644 666 1707 alterutra
683 1650 778 1725 parte,
795 1648 933 1706 servatur
946 1643 1103 1722 integrum
1114 1644 1166 1723 jus
1183 1639 1342 1703 emittendi
1358 1645 1431 1703 vota

160 1729 308 1791 solemnia
329 1730 495 1794 Ordinibus
517 1733 618 1796 stricte
633 1732 792 1814 Religiosis
813 1732 851 1796 ab
870 1731 1003 1795 Ecclesia
1020 1748 1219 1794 concessum:
1243 1747 1331 1810 porro
1351 1729 1432 1792 nihil

160 1818 849 1904 prmsusobuatexabennntpane.Ebg0„.

201 1912 234 1970 l⁰
253 1907 336 1970 Nihil
358 1908 460 1972 obstat
484 1929 521 1973 ex
541 1917 626 1991 parte
644 1910 802 1991 potestatis
819 1910 929 1973 civilis.
952 1909 1076 1972 Etenim
1096 1914 1127 1971 1ο
1140 1909 1189 1972 lex
1210 1907 1323 1984 civilis,
1349 1925 1435 1989 qua-

161 2013 292 2076 cumque
307 1996 363 2072 sit,
388 1997 504 2060 afficere
525 1999 634 2081 nequit
647 2004 753 2062 votum
770 1998 958 2079 paupertatis
973 2017 1070 2079 neque
1092 1997 1217 2072 directe,
1234 2015 1305 2060 cum
1326 1996 1367 2059 sit
1384 2014 1434 2058 res

161 2083 288 2146 omnino
303 2085 487 2166 spiritualis,
505 2106 574 2168 que
588 2106 626 2149 ex
639 2094 752 2150 natura
764 2107 820 2150 sua
833 2087 975 2168 potestati
990 2086 1127 2150 saeculari
1141 2086 1295 2166 subjacere
1309 2084 1431 2166 nequit,

163 2189 261 2254 neque
290 2173 451 2252 indirecte,
477 2193 548 2237 cum
578 2181 740 2256 paupertas
771 2175 925 2256 religiosa,
954 2192 1147 2256 quocumque
1169 2174 1259 2237 modo
1284 2173 1433 2255 promissa

163 2260 271 2336 luerit,
288 2262 461 2325 nullatenus
476 2263 620 2344 regimini
633 2262 755 2345 politico
774 2263 889 2326 officere
902 2263 1009 2344 possit.
1025 2267 1058 2325 2⁰
1074 2267 1200 2327 Constat
1213 2263 1307 2326 etiam
1323 2282 1362 2326 ex
1378 2261 1433 2324 ab·

164 2348 281 2423 surdis,
306 2368 374 2429 quae
397 2350 468 2414 inde
492 2357 703 2432 sequerentur.
729 2354 790 2415 Hoc
815 2351 898 2414 enim
923 2351 1072 2426 admisso,
1102 2358 1173 2414 vota
1198 2351 1344 2414 solemnia
1370 2369 1434 2416 non

164 2444 287 2516 possent
299 2437 400 2500 emitti
417 2439 451 2502 in
464 2440 640 2519 regionibus
655 2459 724 2521 quae
738 2439 931 2521 Principibus
945 2439 1121 2503 infidelibus
1135 2445 1189 2503 aut
1203 2439 1351 2503 hereticis
1364 2439 1435 2502 sub·

161 2523 324 2605 J'ioiuntur,
349 2528 430 2608 quod
452 2534 554 2591 tamen
577 2528 665 2610 praxi
685 2536 717 2592 et
741 2529 886 2592 doctrine
907 2529 1059 2592 constanti
1077 2529 1215 2593 Ecclesia
1236 2529 1432 2604 adversatum

165 2612 228 2674 imo
247 2612 445 2694 impossibilis
463 2616 540 2680 foret
562 2617 709 2681 Proiessio
732 2618 872 2698 religiosa
885 2617 920 2680 in
934 2623 999 2682 tota
1016 2618 1163 2694 Ecclesia,
1181 2617 1206 2680 si
1225 2617 1339 2700 ubique
1353 2619 1434 2698 eius-

164 2701 247 2764 modi
261 2702 410 2782 legislatio
423 2705 649 2769 admitteretur.
664 2743 703 2752 —
718 2710 864 2770 Praeterea
878 2705 1057 2786 ReligiosuS,
1073 2727 1103 2769 v.
1120 2726 1180 2787 gr.,
1197 2707 1260 2768 Soc.
1275 2711 1363 2780 iesu,
1376 2704 1437 2768 fre·

163 2797 292 2869 quanter
315 2799 441 2856 mutans
464 2794 671 2870 domicilium,
692 2796 782 2858 hodie
803 2794 958 2858 Professus
979 2794 1054 2858 foret
1072 2795 1107 2858 in
1125 2794 1227 2869 Italia,
1251 2813 1284 2858 ac
1309 2794 1436 2875 proinde

163 2879 1436 2962 mmmmmmmfflwmmmwmmffi

162 2973 459 3051 requaun.Enm„.

202 3061 236 3118 2⁰
250 3057 333 3121 Nihil
351 3078 471 3140 quoque
492 3063 590 3124 obstat
612 3081 649 3125 ex
668 3068 815 3144 potestate
831 3062 1040 3126 ecclesiastica.
1063 3063 1095 3126 Si
1113 3061 1188 3144 quid
1207 3060 1291 3123 euim
1315 3079 1352 3124 ex
1374 3060 1433 3123 hac

163 3152 249 3226 parte
260 3146 408 3224 obstaret,
425 3156 503 3212 esset
517 3152 566 3214 lex
577 3151 690 3233 aliqua,
706 3151 754 3214 vel
766 3156 941 3228 Decretum,
957 3170 995 3214 ex
1009 3170 1069 3234 quo
1083 3155 1232 3214 constaret
1243 3151 1281 3212 de
1291 3167 1435 3229 expressa

164 3236 194 3296 S.
209 3235 363 3298 Pontificis
378 3237 534 3302 voluntate
548 3238 715 3302 conditioni
724 3239 946 3321 Religiosorum
956 3240 1139 3321 derogantis.
1153 3240 1210 3302 Sed
1221 3237 1437 3326 nullaConsti·

165 3323 244 3385 tutio
267 3325 442 3405 apostolica,
458 3329 619 3390 Decretum
642 3328 779 3405 nulium,
795 3347 850 3392 nec
863 3329 926 3392 ulla
939 3329 1103 3392 Declaratio
1117 3327 1247 3409 alicujus
1267 3329 1436 3407 Congrege-

164 3410 258 3475 ticnis
270 3412 373 3476 afferri
386 3422 495 3495 potest,
519 3435 556 3479 ex
569 3435 631 3498 qna
651 3417 721 3480 talis
739 3417 882 3482 voluntas
897 3419 927 3480 S.
944 3417 1098 3480 Pontificis
1118 3417 1301 3480 innotescat.
1317 3418 1434 3494 Ergo...

164 3535 203 3546 -
217 3504 282 3565 imo
308 3521 347 3565 ex
371 3503 545 3569 authentico
562 3506 738 3569 testimonio
761 3513 894 3581 constat,
910 3505 1074 3586 Religiosos
1097 3507 1126 3566 S.
1148 3505 1303 3568 Benedicti
1325 3503 1361 3566 de
1381 3501 1438 3564 So

166 3588 267 3653 leemas
290 3591 429 3655 emittere
442 3601 513 3657 vota
535 3595 700 3672 solemnis;
717 3614 786 3676 ergo
805 3600 933 3676 possunt
948 3593 1014 3656 dari
1036 3599 1068 3655 et
1085 3593 1199 3656 dantur
1214 3593 1250 3656 de
1273 3593 1350 3656 iacto
1364 3588 1438 3654 talia

165 3684 246 3741 vota.
263 3683 341 3760 Ergo
356 3700 418 3744 non
432 3682 534 3746 obstat
551 3683 689 3747 Ecclesia
706 3689 840 3764 potestas
856 3681 993 3745 efficacia
1010 3681 1212 3744 solemnitatis
1226 3687 1379 3744 uotorum.
1396 3713 1438 3727 -

171 3764 245 3827 Vide
259 3780 359 3832 annot.
376 3772 415 3833 lt.
431 3769 470 3833 P.
488 3771 677 3854 θαέναηᾳεν,
693 3771 820 3834 Abbatic
831 3773 1007 3833 monosterii
1020 3769 1056 3831 de
1071 3769 1232 3847 Solesmes,
1248 3775 1354 3833 contra
1365 3787 1438 3831 sea-

167 3856 288 3916 teatium
303 3863 471 3939 oppositam
480 3857 519 3921 D.
536 3859 688 3932 Curritre,
704 3861 735 3921 ia
746 3859 823 3940 sotio
829 3857 954 3942 publico
966 3857 1061 3920 l’Ami
1075 3859 1112 3921 de
1125 3858 1155 3920 la
1166 3857 1313 3938 Religion,
1327 3867 1349 3920 t.
1359 3858 1433 3932 CVI,

166 3943 478 4023 thmmfflffl

207 4035 276 4097 185.
297 4067 339 4078 -·
359 4039 428 4099 Haec
447 4055 543 4118 pauca
565 4037 674 4101 referre
694 4037 783 4100 nobis
804 4037 879 4100 satis
899 4037 982 4100 erit:
1007 4037 1105 4100 Sacra
1128 4036 1333 4119 Conprepatio
1357 4033 1438 4116 Epi-

166 4141 328 4204 scopocum
343 4133 372 4186 et
390 4124 588 4207 depuleriam
604 4126 647 4188 ad
660 4127 847 4211 propositum
866 4127 1086 4210 questionem:
1115 4127 1165 4188 Aa
1180 4125 1302 4188 concedi
1319 4123 1440 4186 deberet

169 4209 333 4294 Supembri
348 4217 525 4277 monosterii
538 4217 575 4278 de
596 4217 742 4279 Solesmes
762 4215 887 4278 licentia
899 4215 1082 4280 admittendi
1092 4217 1131 4280 ad
1145 4216 1311 4279 solemnem
1325 4211 1398 4278 Proi
1427 4245 1442 4258 ·

170 4300 287 4364 sionem
299 4321 398 4364 omues
410 4303 575 4368 subddoso
595 4308 721 4368 ianuis
734 4325 801 4367 eum
822 4305 889 4389 ipso
908 4304 1069 4388 degentes?
1085 4305 1246 4388 respondit
1264 4323 1276 4366 .·
1297 4301 1439 4367 Affirma-

171 4389 243 4466 tive,
257 4389 372 4471 probis
389 4389 443 4472 qui
458 4410 536 4456 sora
557 4411 706 4457 srurmcm
727 4393 911 4469 emiserunt,
927 4401 958 4458 et
971 4413 1025 4475 pro
1045 4394 1094 4458 his
1113 4399 1184 4458 actu
1206 4392 1241 4455 in
1254 4389 1440 4456 monasterio

170 4479 404 4558 exsistentibus,
426 4480 480 4562 qui
495 4485 533 4547 18
550 4499 669 4545 menses
685 4481 720 4546 in
733 4481 887 4547 novitiatu
901 4483 1105 4564 expleverint,
1123 4481 1251 4546 arbitrio
1265 4477 1438 4562 Superioris
