3198 5034
493 239 538 284 or
559 236 734 282 srarrnus
755 235 1068 283 ranrrcuurnrnus
1374 227 1419 286 29

150 368 208 430 qua
221 349 254 412 in
266 348 356 412 choro
370 347 492 412 recitari
506 348 614 412 solent.
625 353 716 411 Porro
730 347 764 410 in
778 347 868 410 choro
879 348 1000 410 recitari
1012 348 1123 410 debent
1135 356 1202 430 post
1211 351 1337 414 Missam
1348 369 1420 416 con-

150 437 323 500 ventualem
337 444 368 500 et
382 441 511 501 Nonam.
527 441 609 500 Hora
622 443 728 499 autem
741 435 842 499 Misso
855 436 1065 499 conventualis
1079 456 1099 498 a
1111 438 1331 504 consuetudine
1342 441 1420 504 loco-

148 527 438 678 1wgaffilrllrssrt'nulla
450 615 537 678 adest
548 613 691 694 obligatio
704 616 851 696 vesperas
865 613 1013 676 recitandi
1027 621 1098 677 ante
1112 615 1288 692 meridiem,
1305 618 1419 681 sedeat

147 720 270 766 merum
290 702 503 784 privilegium,
517 721 577 784 quo
591 719 681 765 nemo
694 701 742 764 uti
755 707 889 764 tenetur.
907 702 1145 783 completorium
1157 710 1262 766 autem
1275 705 1417 785 predicto

147 790 382 942 tparrlrdssuffiigsllon
395 791 522 872 gaudem
536 790 618 853 unde
631 791 725 854 etiam
736 807 790 870 per
803 791 1072 871 Quadragesimam
1085 797 1155 872 post
1167 792 1328 856 meridiem
1343 795 1419 858 reci-

556 1026 590 1082 ll.
602 1055 638 1066 —
652 1039 742 1089 oceno
761 1039 853 1084 rocon
873 1041 907 1082 nr
925 1041 1008 1082 srruu

188 1182 237 1243 69.
250 1215 290 1225 -
304 1185 336 1242 l⁰
352 1179 458 1255 Quoad
468 1179 570 1241 orum.
586 1178 725 1242 Officium
737 1178 821 1242 chori
832 1179 866 1241 in
877 1179 944 1260 ipso
954 1180 1017 1242 loco
1028 1182 1066 1243 ad
1077 1181 1133 1244 hoc
1144 1181 1307 1255 destinato,
1317 1200 1370 1244 seu
1384 1181 1419 1244 in

147 1267 236 1331 choro
250 1268 298 1332 vel
309 1267 344 1330 in
359 1267 480 1330 ecclesie
493 1267 614 1331 recitari
626 1267 724 1332 debet.
738 1266 877 1330 Officium
889 1286 975 1344 vero,
992 1268 1019 1330 si
1032 1269 1176 1332 recitetur
1186 1269 1344 1351 privatim,
1358 1269 1419 1333 dici

145 1361 246 1436 potest
258 1357 293 1418 in
307 1355 394 1419 omni
407 1355 481 1430 loco,
497 1355 562 1418 sire
575 1355 609 1418 in
623 1355 764 1430 oratorio,
782 1355 846 1418 sive
859 1356 954 1432 domi,
971 1357 1035 1420 sive
1047 1377 1134 1434 rure,
1150 1358 1308 1421 autetiam
1319 1358 1355 1421 in
1369 1357 1421 1422 via

145 1444 385 1520 deambulando,
402 1451 459 1507 aut
472 1445 530 1507 iter
543 1446 673 1525 agendo,
690 1445 856 1508 dummodo
871 1445 955 1509 locus
971 1447 1136 1510 attentioni
1154 1445 1310 1528 requisita
1323 1454 1355 1510 et
1367 1448 1420 1510 de-

144 1531 265 1596 votioni
278 1551 432 1613 congruus
443 1532 494 1596 sit.
511 1569 552 1580 —
564 1533 601 1596 S.
617 1533 688 1615 Liq.
711 1553 742 1595 n.
759 1537 831 1597 119.

184 1625 221 1684 2⁰
243 1621 349 1697 Quoad
360 1623 463 1684 sr'tum.
483 1621 632 1685 Privatim
643 1621 764 1684 recitari
777 1629 878 1702 potest
892 1621 1031 1686 Officium
1045 1624 1131 1687 omni
1144 1624 1207 1687 situ
1221 1624 1339 1688 decenti
1353 1623 1420 1688 sive

144 1709 278 1788 genibus
292 1709 389 1785 flexis,
404 1709 468 1773 sive
483 1710 602 1786 stando,
617 1710 682 1772 sive
694 1711 834 1784 sedendo,
851 1709 915 1772 sive
926 1711 1158 1774 deambulando.
1175 1715 1221 1776 lta
1231 1713 1335 1792 praxis
1346 1712 1419 1774 uni-

145 1797 291 1871 versalis,
305 1797 355 1860 cui
369 1797 536 1860 concinunt
549 1816 655 1861 omnes
670 1797 811 1876 theologi.

271 1972 467 2048 Quaesita.

185 2129 236 2189 70.
258 2159 298 2170 -
316 2128 418 2202 Qunn.
437 2132 469 2190 1⁰
483 2127 534 2188 Ao
550 2125 638 2188 liceat
651 2129 777 2188 recitare
791 2126 932 2207 Officium
945 2126 1143 2189 decumbendo
1158 2127 1301 2194 inlecto?

183 2215 275 2296 Resp.
292 2212 385 2295 Neo,
398 2216 514 2278 seclusa
527 2213 702 2277 rationabili
716 2233 823 2290 causan
838 2213 908 2277 talis
920 2215 1005 2278 enim
1017 2216 1096 2279 situs
1108 2217 1244 2298 aliquam
1257 2219 1336 2300 sapit
1347 2219 1420 2284 irre-

147 2302 328 2366 verentiam.
345 2303 430 2366 idem
444 2303 537 2366 etiam
552 2302 716 2366 dicendum
730 2309 777 2365 est
798 2305 835 2366 do
854 2302 989 2384 quolibet
1003 2303 1062 2368 alio
1076 2304 1139 2368 situ
1153 2307 1315 2371 mollitiem
1335 2310 1419 2373 redo-

148 2391 235 2454 lente.
250 2395 397 2454 Attamen
411 2391 475 2454 hac
486 2390 685 2454 irreverentia
698 2409 860 2472 nunquam
871 2399 1029 2474 peccatum
1044 2394 1160 2457 veniale
1181 2397 1308 2459 excedit.
1318 2435 1358 2443 —
1370 2399 1419 2462 Sic

152 2477 237 2542 Cone.
252 2485 281 2542 et
303 2479 377 2542 Vioa
387 2482 469 2561 apud
482 2480 518 2543 S.
535 2481 619 2562 Liq,
634 2499 665 2540 n.
683 2483 753 2544 179.
770 2481 974 2562 Quaecumque
988 2485 1091 2545 autern
1104 2501 1195 2547 causa
1206 2485 1366 2550 mediocris
1379 2487 1418 2550 ab

147 2569 230 2630 omni
245 2569 332 2650 culpa
347 2569 514 2643 excusabit,
528 2587 558 2631 v.
575 2587 634 2650 gn,
648 2568 774 2631 morbus
788 2575 845 2631 aut
857 2569 1023 2633 infirmitas
1035 2571 1189 2652 quaelibet,
1201 2574 1286 2638 dolor
1296 2574 1416 2656 capitis,

145 2655 338 2738 defatigatio,
360 2658 408 2720 vel
429 2657 456 2718 si
480 2656 551 2738 quis
574 2663 661 2720 nocte
682 2657 815 2720 dormire
829 2665 975 2739 nequeat,
995 2657 1133 2722 Officium
1153 2661 1279 2724 recitare
1301 2669 1416 2743 posset,

146 2744 219 2825 quin
236 2763 359 2825 surgere
373 2751 539 2808 teneretur.

182 2837 287 2910 Qunn.
305 2838 336 2896 20
347 2835 396 2895 Aa
412 2834 500 2897 liceat
516 2834 657 2915 Officium
673 2837 801 2897 recitare
815 2836 847 2897 in
861 2855 954 2897 curro
967 2835 1014 2897 vel
1027 2840 1124 2918 equo?

182 2923 275 3005 Resp.
289 2922 419 3006 Asfiroa
428 2923 516 2987 Ratio
526 2929 587 2998 est,
602 2923 675 3004 quia
687 2923 720 2986 id
733 2924 818 2986 nulla
832 2924 895 3004 lege
907 2923 1100 3004 prohibetur;
1113 2943 1167 2987 nec
1177 2925 1303 2987 aliunde
1317 2925 1418 2990 obstat

144 3010 318 3086 attentioni,
334 3029 389 3074 nec
403 3012 579 3075 reverentiae
590 3011 721 3074 orationi
736 3010 861 3088 debitae,
875 3011 998 3075 etiamsi
1009 3011 1062 3075 alii
1075 3020 1177 3077 essent
1192 3013 1373 3078 itinerantes
1386 3022 1417 3079 et

146 3097 239 3163 simul
253 3098 489 3163 confabulantes
506 3101 540 3163 Id
552 3099 636 3162 enim
651 3099 790 3164 obtinuit
807 3099 955 3180 generalis
969 3101 1064 3164 etiam
1082 3101 1204 3183 piorum
1218 3104 1416 3167 consuetudo.

146 3223 182 3233 -
195 3189 251 3251 Ita
263 3192 468 3250 communiter.

183 3281 235 3342 'll¹
251 3313 292 3323 -
305 3279 407 3354 Qunn.
425 3281 456 3340 3⁰
470 3276 518 3337 Ao
536 3277 577 3336 sit
592 3276 679 3357 calpa
696 3297 756 3338 ooo
774 3296 892 3340 seruere
905 3277 1069 3358 rubricam,
1086 3299 1124 3342 ca
1144 3299 1204 3362 quo
1215 3301 1317 3363 preces
1331 3299 1420 3362 quee-

146 3363 213 3428 dom
227 3366 355 3448 qenibus
368 3365 458 3449 [lexis
472 3373 543 3426 suut
558 3363 744 3426 recitandae?

183 3455 275 3538 Hesp.
290 3461 322 3519 l⁰
335 3454 424 3536 Neo,
441 3453 467 3517 si
482 3459 591 3534 agatur
604 3453 641 3514 de
656 3451 832 3514 recitatione
849 3461 936 3514 ecco
950 3453 1091 3526 edoratam
1109 3457 1221 3537 quippe
1240 3475 1276 3518 ex
1295 3473 1421 3518 consue-

148 3544 253 3607 tudine
275 3551 306 3606 et
327 3543 486 3606 communi
506 3539 758 3622 interpretatione
783 3539 849 3603 haeo
867 3539 988 3603 rubrica
1012 3545 1111 3605 solum
1134 3544 1262 3606 chorum
1283 3542 1417 3623 respicit,

147 3631 227 3696 ldem
252 3632 417 3695 dicendum
430 3631 467 3694 de
481 3631 550 3694 aliis
567 3629 665 3710 signis
683 3628 717 3690 in
732 3628 821 3691 choro
835 3627 971 3690 usitatis.
988 3632 1057 3692 Haec
1082 3630 1207 3710 quidem
1227 3629 1422 3695 laudabiliter

149 3717 224 3784 fiunt
236 3721 271 3783 in
283 3720 404 3802 privata
418 3719 605 3794 recitatione,
617 3719 669 3782 sed
681 3717 885 3799 oitraoulpam
897 3716 1097 3781 omittuntur.
1108 3753 1147 3763 -
1160 3716 1196 3780 S.
1208 3717 1291 3800 Liq„
1303 3740 1334 3780 n.
1347 3723 1417 3801 179,

149 3808 242 3870 etalii
253 3813 463 3872 communiter.

184 3897 273 3982 Ilerp.
289 3903 348 3961 2⁰:
370 3898 403 3962 si
421 3903 530 3978 agatur
550 3898 587 3960 de
606 3896 781 3960 recitatione
802 3901 835 3958 in
858 3896 961 3974 odoro,
985 3895 1233 3960 controvertitur.
1256 3897 1421 3962 Affirmant

149 3984 212 4062 alii,
229 3987 283 4050 alii
297 3993 412 4067 negant
425 3991 514 4068 prout
529 3985 684 4048 rubricam
694 3985 810 4049 habent
824 3991 973 4067 tanquam
985 3986 1209 4066 praeceptivam,
1233 3988 1280 4050 vel
1295 3988 1419 4050 directi-

149 4093 223 4137 oom.
241 4078 388 4139 Attamen
399 4075 470 4138 talis
484 4073 608 4138 omissio
622 4093 784 4156 nunquam
802 4075 922 4156 crilpam
936 4075 1087 4140 venialem
1098 4074 1238 4138 excedere
1252 4083 1362 4157 potest.
1379 4111 1419 4122 —-

149 4161 184 4224 S.
202 4165 287 4246 Liq,
303 4164 392 4241 idid,
409 4169 466 4227 etc.

186 4255 288 4329 Qunn.
305 4257 337 4318 4⁰
351 4253 400 4314 Aa
413 4254 454 4314 sit
464 4261 633 4334 peccatum,
648 4251 843 4316 Breoabrium
856 4257 984 4315 recitare
997 4254 1030 4313 io
1047 4251 1109 4316 loco
1124 4252 1295 4317 ebdeceoti?

186 4339 273 4424 Hesp.
291 4361 303 4402 .·
328 4339 523 4403 Probabilius
551 4339 725 4420 negandum
757 4359 815 4422 per
837 4359 867 4401 se
892 4339 1025 4414 videtur,
1050 4359 1136 4405 secus
1164 4341 1248 4404 enim
1275 4339 1419 4402 indecens

149 4425 223 4490 foret
244 4447 329 4494 orare
347 4429 381 4491 in
406 4429 469 4492 loco
488 4426 656 4504 indecenti,
679 4429 760 4509 quod
778 4429 889 4491 falsum
911 4434 972 4503 est,
999 4427 1166 4511 siquidem,
1194 4445 1265 4492 cum
1280 4430 1360 4489 Deus
1379 4426 1421 4488 sit

148 4513 275 4599 ubique,
297 4517 391 4582 etiam
420 4516 536 4598 ubique
559 4516 639 4580 orari
668 4523 700 4580 et
727 4516 846 4579 adorari
878 4523 990 4596 potest,
1018 4524 1055 4581 ut
1085 4523 1170 4599 patet
1206 4535 1243 4579 ex
1270 4517 1376 4594 Apost.
1406 4517 1420 4577 Ι
