<?xml version="1.0" encoding="UTF-8"?>
<!DOCTYPE html PUBLIC "-//W3C//DTD XHTML 1.0 Transitional//EN"
    "http://www.w3.org/TR/xhtml1/DTD/xhtml1-transitional.dtd">
<html xmlns="http://www.w3.org/1999/xhtml" xml:lang="en" lang="en">
 <head>
  <title>
</title>
<meta http-equiv="Content-Type" content="text/html;charset=utf-8" />
  <meta name='ocr-system' content='tesseract 3.04.00' />
  <meta name='ocr-capabilities' content='ocr_page ocr_carea ocr_par ocr_line ocrx_word'/>
</head>
<body>
  <div class='ocr_page' id='page_1' title='image "./compendiumtheol03gurygoog_0026.png"; bbox 0 0 3198 5034; ppageno 0'>
   <div class='ocr_carea' id='block_1_1' title="bbox 478 246 1401 305">
    <p class='ocr_par' dir='ltr' id='par_1_1' title="bbox 478 246 1401 305">
     <span class='ocr_line' id='line_1_1' title="bbox 478 246 1401 305; baseline 0.004 -4"><span class='ocrx_word' id='word_1_1' title='bbox 478 258 520 302; x_wconf 81' lang='lat' dir='ltr'>aa</span> <span class='ocrx_word' id='word_1_2' title='bbox 541 255 716 300; x_wconf 74' lang='lat' dir='ltr'>srerreus</span> <span class='ocrx_word' id='word_1_3' title='bbox 737 254 1050 301; x_wconf 74' lang='lat' dir='ltr'>raaaroaranraus</span> <span class='ocrx_word' id='word_1_4' title='bbox 1358 246 1401 305; x_wconf 76' lang='lat'>13</span> 
     </span>
    </p>
   </div>
   <div class='ocr_carea' id='block_1_2' title="bbox 130 366 1446 1334">
    <p class='ocr_par' dir='ltr' id='par_1_2' title="bbox 130 366 1402 893">
     <span class='ocr_line' id='line_1_2' title="bbox 174 366 1401 449; baseline 0.002 -19"><span class='ocrx_word' id='word_1_5' title='bbox 174 371 289 448; x_wconf 88' lang='lat' dir='ltr'>Negant</span> <span class='ocrx_word' id='word_1_6' title='bbox 307 373 411 430; x_wconf 89' lang='lat' dir='ltr'>autem</span> <span class='ocrx_word' id='word_1_7' title='bbox 426 367 623 446; x_wconf 79' lang='lat' dir='ltr'>camaranias,</span> <span class='ocrx_word' id='word_1_8' title='bbox 644 366 671 428; x_wconf 93' lang='lat' dir='ltr'>si</span> <span class='ocrx_word' id='word_1_9' title='bbox 689 383 788 428; x_wconf 90' lang='lat' dir='ltr'>carcer</span> <span class='ocrx_word' id='word_1_10' title='bbox 811 366 850 428; x_wconf 94' lang='lat' dir='ltr'>ad</span> <span class='ocrx_word' id='word_1_11' title='bbox 871 383 993 447; x_wconf 77' lang='lat' dir='ltr'>paenam</span> <span class='ocrx_word' id='word_1_12' title='bbox 1016 385 1069 447; x_wconf 89' lang='lat' dir='ltr'>per</span> <span class='ocrx_word' id='word_1_13' title='bbox 1086 367 1271 429; x_wconf 88' lang='lat' dir='ltr'>sententiam</span> <span class='ocrx_word' id='word_1_14' title='bbox 1287 369 1401 449; x_wconf 75' lang='lat' dir='ltr'>pudicis</span> 
     </span>
     <span class='ocr_line' id='line_1_3' title="bbox 130 454 1401 541; baseline 0.001 -22"><span class='ocrx_word' id='word_1_15' title='bbox 130 461 194 541; x_wconf 87' lang='lat' dir='ltr'>jam</span> <span class='ocrx_word' id='word_1_16' title='bbox 212 455 305 519; x_wconf 84' lang='lat' dir='ltr'>brerit</span> <span class='ocrx_word' id='word_1_17' title='bbox 321 456 505 536; x_wconf 89' lang='lat' dir='ltr'>assignatus.</span> <span class='ocrx_word' id='word_1_18' title='bbox 527 454 616 521; x_wconf 81' lang='lat' dir='ltr'><strong>Ratio</strong></span> <span class='ocrx_word' id='word_1_19' title='bbox 634 460 695 529; x_wconf 89' lang='lat' dir='ltr'>est,</span> <span class='ocrx_word' id='word_1_20' title='bbox 710 455 783 536; x_wconf 88' lang='lat' dir='ltr'>quia</span> <span class='ocrx_word' id='word_1_21' title='bbox 799 472 869 516; x_wconf 87' lang='lat' dir='ltr'>reus</span> <span class='ocrx_word' id='word_1_22' title='bbox 884 461 1007 517; x_wconf 88' lang='lat' dir='ltr'>tenetur</span> <span class='ocrx_word' id='word_1_23' title='bbox 1025 455 1146 518; x_wconf 89' lang='lat' dir='ltr'>obedire</span> <span class='ocrx_word' id='word_1_24' title='bbox 1164 455 1198 518; x_wconf 91' lang='lat' dir='ltr'>in</span> <span class='ocrx_word' id='word_1_25' title='bbox 1210 458 1401 521; x_wconf 86' lang='lat' dir='ltr'>exsecutione</span> 
     </span>
     <span class='ocr_line' id='line_1_4' title="bbox 133 542 1401 627; baseline 0 -19"><span class='ocrx_word' id='word_1_26' title='bbox 133 543 292 608; x_wconf 76' lang='lat' dir='ltr'>sententia</span> <span class='ocrx_word' id='word_1_27' title='bbox 310 547 413 627; x_wconf 79' lang='lat' dir='ltr'>justae.</span> <span class='ocrx_word' id='word_1_28' title='bbox 428 544 595 625; x_wconf 84' lang='lat' dir='ltr'>Excipiunt</span> <span class='ocrx_word' id='word_1_29' title='bbox 611 548 715 606; x_wconf 87' lang='lat' dir='ltr'>tamen</span> <span class='ocrx_word' id='word_1_30' title='bbox 729 544 846 622; x_wconf 89' lang='lat' dir='ltr'>plures,</span> <span class='ocrx_word' id='word_1_31' title='bbox 863 543 890 604; x_wconf 91' lang='lat' dir='ltr'>si</span> <span class='ocrx_word' id='word_1_32' title='bbox 910 542 1013 605; x_wconf 85' lang='lat' dir='ltr'>elnon</span> <span class='ocrx_word' id='word_1_33' title='bbox 1026 544 1140 606; x_wconf 90' lang='lat' dir='ltr'>dentur</span> <span class='ocrx_word' id='word_1_34' title='bbox 1155 545 1337 620; x_wconf 90' lang='lat' dir='ltr'>necessaria,</span> <span class='ocrx_word' id='word_1_35' title='bbox 1354 547 1401 609; x_wconf 86' lang='lat' dir='ltr'>vel</span> 
     </span>
     <span class='ocr_line' id='line_1_5' title="bbox 133 631 1402 714; baseline 0 -17"><span class='ocrx_word' id='word_1_36' title='bbox 133 635 159 698; x_wconf 86' lang='lat' dir='ltr'>si</span> <span class='ocrx_word' id='word_1_37' title='bbox 171 653 272 697; x_wconf 87' lang='lat' dir='ltr'>carcer</span> <span class='ocrx_word' id='word_1_38' title='bbox 285 634 327 696; x_wconf 94' lang='lat' dir='ltr'>sit</span> <span class='ocrx_word' id='word_1_39' title='bbox 340 633 545 696; x_wconf 86' lang='lat' dir='ltr'>durissimus:</span> <span class='ocrx_word' id='word_1_40' title='bbox 562 632 636 714; x_wconf 90' lang='lat' dir='ltr'>quia</span> <span class='ocrx_word' id='word_1_41' title='bbox 654 632 778 695; x_wconf 89' lang='lat' dir='ltr'>videtur</span> <span class='ocrx_word' id='word_1_42' title='bbox 794 632 933 695; x_wconf 84' lang='lat' dir='ltr'>excedere</span> <span class='ocrx_word' id='word_1_43' title='bbox 948 631 1028 695; x_wconf 89' lang='lat' dir='ltr'>vires</span> <span class='ocrx_word' id='word_1_44' title='bbox 1041 631 1194 695; x_wconf 88' lang='lat' dir='ltr'>humanas</span> <span class='ocrx_word' id='word_1_45' title='bbox 1210 633 1353 714; x_wconf 72' lang='lat' dir='ltr'>obligatio</span> <span class='ocrx_word' id='word_1_46' title='bbox 1370 653 1402 697; x_wconf 90' lang='lat' dir='ltr'>se</span> 
     </span>
     <span class='ocr_line' id='line_1_6' title="bbox 132 719 1402 804; baseline 0 -18"><span class='ocrx_word' id='word_1_47' title='bbox 132 741 195 787; x_wconf 92' lang='lat' dir='ltr'>non</span> <span class='ocrx_word' id='word_1_48' title='bbox 208 722 360 786; x_wconf 86' lang='lat' dir='ltr'>liberandi</span> <span class='ocrx_word' id='word_1_49' title='bbox 375 740 393 783; x_wconf 91' lang='lat' dir='ltr'>a</span> <span class='ocrx_word' id='word_1_50' title='bbox 408 740 498 802; x_wconf 72' lang='lat' dir='ltr'>paena</span> <span class='ocrx_word' id='word_1_51' title='bbox 516 721 715 802; x_wconf 85' lang='lat' dir='ltr'>gravissima,</span> <span class='ocrx_word' id='word_1_52' title='bbox 731 719 896 802; x_wconf 88' lang='lat' dir='ltr'>quandoid</span> <span class='ocrx_word' id='word_1_53' title='bbox 911 721 977 784; x_wconf 90' lang='lat' dir='ltr'>sine</span> <span class='ocrx_word' id='word_1_54' title='bbox 992 721 1022 783; x_wconf 89' lang='lat' dir='ltr'>vi</span> <span class='ocrx_word' id='word_1_55' title='bbox 1034 729 1066 784; x_wconf 89' lang='lat' dir='ltr'>et</span> <span class='ocrx_word' id='word_1_56' title='bbox 1080 721 1252 784; x_wconf 86' lang='lat' dir='ltr'>resistentia</span> <span class='ocrx_word' id='word_1_57' title='bbox 1263 741 1402 804; x_wconf 82' lang='lat' dir='ltr'>peragere</span> 
     </span>
     <span class='ocr_line' id='line_1_7' title="bbox 132 810 682 893; baseline -0.007 -19"><span class='ocrx_word' id='word_1_58' title='bbox 132 811 202 892; x_wconf 88' lang='lat' dir='ltr'>quis</span> <span class='ocrx_word' id='word_1_59' title='bbox 215 811 323 893; x_wconf 90' lang='lat' dir='ltr'>possit.</span> <span class='ocrx_word' id='word_1_60' title='bbox 338 845 381 859; x_wconf 90' lang='lat'><em>-</em></span> <span class='ocrx_word' id='word_1_61' title='bbox 393 810 445 872; x_wconf 87' lang='lat' dir='ltr'>Ita</span> <span class='ocrx_word' id='word_1_62' title='bbox 456 811 492 873; x_wconf 89' lang='lat' dir='ltr'>S.</span> <span class='ocrx_word' id='word_1_63' title='bbox 508 811 592 892; x_wconf 77' lang='lat' dir='ltr'>Lip,</span> <span class='ocrx_word' id='word_1_64' title='bbox 608 810 682 872; x_wconf 83' lang='lat' dir='ltr'>ibid.</span> 
     </span>
    </p>

    <p class='ocr_par' dir='ltr' id='par_1_3' title="bbox 171 897 1403 982">
     <span class='ocr_line' id='line_1_8' title="bbox 171 897 1403 982; baseline 0 -19"><span class='ocrx_word' id='word_1_65' title='bbox 171 903 275 976; x_wconf 68' lang='lat' dir='ltr'>Quhn.</span> <span class='ocrx_word' id='word_1_66' title='bbox 292 904 325 963; x_wconf 79' lang='lat'>5⁰</span> <span class='ocrx_word' id='word_1_67' title='bbox 340 900 390 961; x_wconf 84' lang='lat' dir='ltr'>Aa</span> <span class='ocrx_word' id='word_1_68' title='bbox 401 917 453 961; x_wconf 79' lang='lat' dir='ltr'>reo</span> <span class='ocrx_word' id='word_1_69' title='bbox 467 899 553 961; x_wconf 83' lang='lat' dir='ltr'>liceat</span> <span class='ocrx_word' id='word_1_70' title='bbox 566 899 690 981; x_wconf 73' lang='lat' dir='ltr'>sapere,</span> <span class='ocrx_word' id='word_1_71' title='bbox 707 900 826 961; x_wconf 84' lang='lat' dir='ltr'>etiamsi</span> <span class='ocrx_word' id='word_1_72' title='bbox 841 897 911 960; x_wconf 83' lang='lat' dir='ltr'>inde</span> <span class='ocrx_word' id='word_1_73' title='bbox 926 898 1065 961; x_wconf 57' lang='lat' dir='ltr'>maenum</span> <span class='ocrx_word' id='word_1_74' title='bbox 1075 909 1171 961; x_wconf 79' lang='lat' dir='ltr'>curtos</span> <span class='ocrx_word' id='word_1_75' title='bbox 1184 904 1225 961; x_wconf 83' lang='lat' dir='ltr'>sit</span> <span class='ocrx_word' id='word_1_76' title='bbox 1236 901 1403 982; x_wconf 76' lang='lat' dir='ltr'>pacturus?</span> 
     </span>
    </p>

    <p class='ocr_par' dir='ltr' id='par_1_4' title="bbox 130 986 1446 1334">
     <span class='ocr_line' id='line_1_9' title="bbox 170 986 1446 1072; baseline 0.002 -22"><span class='ocrx_word' id='word_1_77' title='bbox 170 989 260 1072; x_wconf 81' lang='lat' dir='ltr'>Resp.</span> <span class='ocrx_word' id='word_1_78' title='bbox 276 988 408 1070; x_wconf 67' lang='lat' dir='ltr'>Aple-n,</span> <span class='ocrx_word' id='word_1_79' title='bbox 426 986 499 1068; x_wconf 91' lang='lat' dir='ltr'>quia</span> <span class='ocrx_word' id='word_1_80' title='bbox 510 987 613 1050; x_wconf 90' lang='lat' dir='ltr'>utitur</span> <span class='ocrx_word' id='word_1_81' title='bbox 620 989 690 1068; x_wconf 86' lang='lat' dir='ltr'>jure</span> <span class='ocrx_word' id='word_1_82' title='bbox 704 1006 770 1063; x_wconf 92' lang='lat' dir='ltr'>suo,</span> <span class='ocrx_word' id='word_1_83' title='bbox 786 992 816 1048; x_wconf 90' lang='lat' dir='ltr'>et</span> <span class='ocrx_word' id='word_1_84' title='bbox 830 986 949 1049; x_wconf 90' lang='lat' dir='ltr'>nemini</span> <span class='ocrx_word' id='word_1_85' title='bbox 962 986 1034 1050; x_wconf 89' lang='lat' dir='ltr'>lacit</span> <span class='ocrx_word' id='word_1_86' title='bbox 1047 988 1205 1069; x_wconf 88' lang='lat' dir='ltr'>injuriam,</span> <span class='ocrx_word' id='word_1_87' title='bbox 1220 989 1281 1052; x_wconf 90' lang='lat' dir='ltr'>nisi</span> <span class='ocrx_word' id='word_1_88' title='bbox 1296 993 1401 1052; x_wconf 85' lang='lat' dir='ltr'>tamen</span> <span class='ocrx_word' id='word_1_89' title='bbox 1443 1003 1446 1008; x_wconf 87' lang='grc'><strong>’</strong></span> 
     </span>
     <span class='ocr_line' id='line_1_10' title="bbox 130 1074 1401 1157; baseline -0.001 -17"><span class='ocrx_word' id='word_1_90' title='bbox 130 1077 248 1140; x_wconf 82' lang='lat' dir='ltr'>Caritas</span> <span class='ocrx_word' id='word_1_91' title='bbox 269 1077 353 1139; x_wconf 88' lang='lat' dir='ltr'>aliud</span> <span class='ocrx_word' id='word_1_92' title='bbox 374 1078 500 1139; x_wconf 87' lang='lat' dir='ltr'>suadeat</span> <span class='ocrx_word' id='word_1_93' title='bbox 517 1077 555 1138; x_wconf 92' lang='lat' dir='ltr'>ob</span> <span class='ocrx_word' id='word_1_94' title='bbox 576 1077 728 1138; x_wconf 91' lang='lat' dir='ltr'>damnum</span> <span class='ocrx_word' id='word_1_95' title='bbox 745 1074 878 1138; x_wconf 88' lang='lat' dir='ltr'>custodis</span> <span class='ocrx_word' id='word_1_96' title='bbox 897 1077 995 1138; x_wconf 88' lang='lat' dir='ltr'>multo</span> <span class='ocrx_word' id='word_1_97' title='bbox 1015 1076 1148 1157; x_wconf 81' lang='lat' dir='ltr'>gravius.</span> <span class='ocrx_word' id='word_1_98' title='bbox 1170 1079 1317 1140; x_wconf 78' lang='lat' dir='ltr'>Attamen</span> <span class='ocrx_word' id='word_1_99' title='bbox 1338 1095 1401 1140; x_wconf 91' lang='lat' dir='ltr'>non</span> 
     </span>
     <span class='ocr_line' id='line_1_11' title="bbox 132 1163 1400 1246; baseline 0.001 -19"><span class='ocrx_word' id='word_1_100' title='bbox 132 1165 202 1228; x_wconf 86' lang='lat' dir='ltr'>licet</span> <span class='ocrx_word' id='word_1_101' title='bbox 226 1184 275 1229; x_wconf 88' lang='lat' dir='ltr'>reo</span> <span class='ocrx_word' id='word_1_102' title='bbox 299 1166 457 1229; x_wconf 88' lang='lat' dir='ltr'>custodem</span> <span class='ocrx_word' id='word_1_103' title='bbox 474 1164 612 1246; x_wconf 88' lang='lat' dir='ltr'>pecuniis</span> <span class='ocrx_word' id='word_1_104' title='bbox 631 1182 838 1244; x_wconf 90' lang='lat' dir='ltr'>corrumpere,</span> <span class='ocrx_word' id='word_1_105' title='bbox 858 1163 947 1245; x_wconf 89' lang='lat' dir='ltr'>quia,</span> <span class='ocrx_word' id='word_1_106' title='bbox 963 1183 1035 1228; x_wconf 92' lang='lat' dir='ltr'>cum</span> <span class='ocrx_word' id='word_1_107' title='bbox 1054 1165 1171 1228; x_wconf 90' lang='lat' dir='ltr'>custodi</span> <span class='ocrx_word' id='word_1_108' title='bbox 1193 1164 1336 1246; x_wconf 76' lang='lat' dir='ltr'>obligatio</span> <span class='ocrx_word' id='word_1_109' title='bbox 1353 1165 1400 1228; x_wconf 92' lang='lat' dir='ltr'>in-</span> 
     </span>
     <span class='ocr_line' id='line_1_12' title="bbox 131 1252 1114 1334; baseline 0 -18"><span class='ocrx_word' id='word_1_110' title='bbox 131 1254 258 1318; x_wconf 89' lang='lat' dir='ltr'>cumbat</span> <span class='ocrx_word' id='word_1_111' title='bbox 271 1273 360 1317; x_wconf 92' lang='lat' dir='ltr'>reum</span> <span class='ocrx_word' id='word_1_112' title='bbox 374 1272 437 1317; x_wconf 89' lang='lat' dir='ltr'>nan</span> <span class='ocrx_word' id='word_1_113' title='bbox 449 1252 641 1327; x_wconf 87' lang='lat' dir='ltr'>dimittendi,</span> <span class='ocrx_word' id='word_1_114' title='bbox 655 1252 748 1333; x_wconf 89' lang='lat' dir='ltr'>hujus</span> <span class='ocrx_word' id='word_1_115' title='bbox 762 1258 881 1334; x_wconf 88' lang='lat' dir='ltr'>peccato</span> <span class='ocrx_word' id='word_1_116' title='bbox 896 1260 1114 1334; x_wconf 76' lang='lat' dir='ltr'>cooperaretur.</span> 
     </span>
    </p>
   </div>
   <div class='ocr_carea' id='block_1_3' title="bbox 639 1488 897 1566">
    <p class='ocr_par' dir='ltr' id='par_1_5' title="bbox 639 1488 897 1566">
     <span class='ocr_line' id='line_1_13' title="bbox 639 1488 897 1566; baseline -0.008 0"><span class='ocrx_word' id='word_1_117' title='bbox 639 1488 815 1566; x_wconf 84' lang='lat' dir='ltr'>CAPUT</span> <span class='ocrx_word' id='word_1_118' title='bbox 841 1489 897 1564; x_wconf 95' lang='lat' dir='ltr'>Vl</span> 
     </span>
    </p>
   </div>
   <div class='ocr_carea' id='block_1_4' title="bbox 488 1683 1048 1736">
    <p class='ocr_par' dir='ltr' id='par_1_6' title="bbox 488 1683 1048 1736">
     <span class='ocr_line' id='line_1_14' title="bbox 488 1683 1048 1736; baseline 0 -2"><span class='ocrx_word' id='word_1_119' title='bbox 488 1685 539 1734; x_wconf 91' lang='lat' dir='ltr'>DE</span> <span class='ocrx_word' id='word_1_120' title='bbox 565 1683 846 1736; x_wconf 80' lang='lat' dir='ltr'><strong>OBLIGATIONE</strong></span> <span class='ocrx_word' id='word_1_121' title='bbox 871 1684 1048 1734; x_wconf 83' lang='lat' dir='ltr'><strong>TESTIUM</strong></span> 
     </span>
    </p>
   </div>
   <div class='ocr_carea' id='block_1_5' title="bbox 130 1836 1407 2966">
    <p class='ocr_par' dir='ltr' id='par_1_7' title="bbox 130 1836 1406 2184">
     <span class='ocr_line' id='line_1_15' title="bbox 173 1836 1405 1919; baseline 0.002 -19"><span class='ocrx_word' id='word_1_122' title='bbox 173 1841 228 1900; x_wconf 70' lang='lat'>27.</span> <span class='ocrx_word' id='word_1_123' title='bbox 242 1873 281 1882; x_wconf 91' lang='lat'>—</span> <span class='ocrx_word' id='word_1_124' title='bbox 295 1840 317 1899; x_wconf 93' lang='lat'>1.</span> <span class='ocrx_word' id='word_1_125' title='bbox 333 1842 428 1901; x_wconf 91' lang='lat' dir='ltr'>Nemo</span> <span class='ocrx_word' id='word_1_126' title='bbox 440 1843 563 1901; x_wconf 87' lang='lat' dir='ltr'>tenetur</span> <span class='ocrx_word' id='word_1_127' title='bbox 576 1857 615 1900; x_wconf 83' lang='lat' dir='ltr'>ex</span> <span class='ocrx_word' id='word_1_128' title='bbox 626 1836 751 1919; x_wconf 86' lang='lat' dir='ltr'>justitia</span> <span class='ocrx_word' id='word_1_129' title='bbox 768 1843 874 1916; x_wconf 88' lang='lat' dir='ltr'>sponte</span> <span class='ocrx_word' id='word_1_130' title='bbox 893 1854 924 1898; x_wconf 87' lang='lat' dir='ltr'>so</span> <span class='ocrx_word' id='word_1_131' title='bbox 937 1836 1043 1899; x_wconf 85' lang='lat' dir='ltr'>offerre</span> <span class='ocrx_word' id='word_1_132' title='bbox 1056 1838 1094 1899; x_wconf 89' lang='lat' dir='ltr'>ad</span> <span class='ocrx_word' id='word_1_133' title='bbox 1113 1838 1357 1916; x_wconf 65' lang='lat' dir='ltr'>testificandum</span> <span class='ocrx_word' id='word_1_134' title='bbox 1374 1847 1405 1903; x_wconf 90' lang='lat' dir='ltr'>at</span> 
     </span>
     <span class='ocr_line' id='line_1_16' title="bbox 130 1923 1405 2009; baseline 0.002 -21"><span class='ocrx_word' id='word_1_135' title='bbox 130 1926 320 2009; x_wconf 85' lang='lat' dir='ltr'>quandoque</span> <span class='ocrx_word' id='word_1_136' title='bbox 333 1927 425 1988; x_wconf 90' lang='lat' dir='ltr'>datur</span> <span class='ocrx_word' id='word_1_137' title='bbox 436 1925 507 1988; x_wconf 89' lang='lat' dir='ltr'>talis</span> <span class='ocrx_word' id='word_1_138' title='bbox 519 1925 662 2005; x_wconf 80' lang='lat' dir='ltr'>obligatio</span> <span class='ocrx_word' id='word_1_139' title='bbox 674 1943 712 1987; x_wconf 84' lang='lat' dir='ltr'>ex</span> <span class='ocrx_word' id='word_1_140' title='bbox 725 1924 867 1998; x_wconf 81' lang='lat' dir='ltr'>Caritate,</span> <span class='ocrx_word' id='word_1_141' title='bbox 884 1943 914 1986; x_wconf 89' lang='lat' dir='ltr'>v.</span> <span class='ocrx_word' id='word_1_142' title='bbox 931 1943 990 2004; x_wconf 91' lang='lat' dir='ltr'>gr.,</span> <span class='ocrx_word' id='word_1_143' title='bbox 1006 1923 1032 1987; x_wconf 90' lang='lat' dir='ltr'>si</span> <span class='ocrx_word' id='word_1_144' title='bbox 1044 1925 1140 2005; x_wconf 89' lang='lat' dir='ltr'>possit</span> <span class='ocrx_word' id='word_1_145' title='bbox 1150 1925 1220 2006; x_wconf 91' lang='lat' dir='ltr'>quis</span> <span class='ocrx_word' id='word_1_146' title='bbox 1230 1927 1405 1991; x_wconf 89' lang='lat' dir='ltr'>testimonio</span> 
     </span>
     <span class='ocr_line' id='line_1_17' title="bbox 132 2011 1406 2094; baseline 0 -15"><span class='ocrx_word' id='word_1_147' title='bbox 132 2034 189 2079; x_wconf 92' lang='lat' dir='ltr'>suo</span> <span class='ocrx_word' id='word_1_148' title='bbox 203 2013 411 2076; x_wconf 73' lang='lat' dir='ltr'>:innocentem</span> <span class='ocrx_word' id='word_1_149' title='bbox 438 2012 525 2075; x_wconf 85' lang='lat' dir='ltr'>facile</span> <span class='ocrx_word' id='word_1_150' title='bbox 552 2013 693 2086; x_wconf 88' lang='lat' dir='ltr'>liberare,</span> <span class='ocrx_word' id='word_1_151' title='bbox 723 2029 847 2092; x_wconf 86' lang='lat' dir='ltr'>gravem</span> <span class='ocrx_word' id='word_1_152' title='bbox 868 2011 1057 2094; x_wconf 86' lang='lat' dir='ltr'>injustitiam</span> <span class='ocrx_word' id='word_1_153' title='bbox 1083 2013 1244 2094; x_wconf 90' lang='lat' dir='ltr'>impedire,</span> <span class='ocrx_word' id='word_1_154' title='bbox 1274 2021 1330 2078; x_wconf 91' lang='lat' dir='ltr'>etc.</span> <span class='ocrx_word' id='word_1_155' title='bbox 1365 2053 1406 2064; x_wconf 90' lang='lat'>-</span> 
     </span>
     <span class='ocr_line' id='line_1_18' title="bbox 132 2103 393 2184; baseline -0.008 -19"><span class='ocrx_word' id='word_1_156' title='bbox 132 2103 166 2166; x_wconf 91' lang='lat' dir='ltr'>S.</span> <span class='ocrx_word' id='word_1_157' title='bbox 183 2103 257 2184; x_wconf 80' lang='lat' dir='ltr'>Lip.</span> <span class='ocrx_word' id='word_1_158' title='bbox 274 2121 305 2163; x_wconf 84' lang='lat' dir='ltr'>a.</span> <span class='ocrx_word' id='word_1_159' title='bbox 323 2106 393 2166; x_wconf 69' lang='lat'>264.</span> 
     </span>
    </p>

    <p class='ocr_par' dir='ltr' id='par_1_8' title="bbox 136 2190 1407 2519">
     <span class='ocr_line' id='line_1_19' title="bbox 173 2190 1406 2274; baseline 0.003 -20"><span class='ocrx_word' id='word_1_160' title='bbox 173 2195 212 2254; x_wconf 92' lang='lat' dir='ltr'>ll.</span> <span class='ocrx_word' id='word_1_161' title='bbox 227 2191 327 2253; x_wconf 87' lang='lat' dir='ltr'>Testis</span> <span class='ocrx_word' id='word_1_162' title='bbox 341 2190 477 2270; x_wconf 91' lang='lat' dir='ltr'>legitime</span> <span class='ocrx_word' id='word_1_163' title='bbox 496 2190 609 2254; x_wconf 88' lang='lat' dir='ltr'>citatus</span> <span class='ocrx_word' id='word_1_164' title='bbox 628 2195 750 2254; x_wconf 92' lang='lat' dir='ltr'>tenetur</span> <span class='ocrx_word' id='word_1_165' title='bbox 767 2208 869 2253; x_wconf 90' lang='lat' dir='ltr'>coram</span> <span class='ocrx_word' id='word_1_166' title='bbox 886 2191 1044 2273; x_wconf 83' lang='lat' dir='ltr'>judicibus</span> <span class='ocrx_word' id='word_1_167' title='bbox 1063 2211 1094 2254; x_wconf 89' lang='lat' dir='ltr'>se</span> <span class='ocrx_word' id='word_1_168' title='bbox 1113 2191 1234 2268; x_wconf 85' lang='lat' dir='ltr'>sistere,</span> <span class='ocrx_word' id='word_1_169' title='bbox 1247 2196 1406 2274; x_wconf 88' lang='lat' dir='ltr'>juramen·</span> 
     </span>
     <span class='ocr_line' id='line_1_20' title="bbox 136 2278 1407 2362; baseline 0.001 -18"><span class='ocrx_word' id='word_1_170' title='bbox 136 2289 204 2344; x_wconf 88' lang='lat' dir='ltr'>tum</span> <span class='ocrx_word' id='word_1_171' title='bbox 212 2283 283 2362; x_wconf 84' lang='lat' dir='ltr'>jure</span> <span class='ocrx_word' id='word_1_172' title='bbox 297 2279 509 2360; x_wconf 80' lang='lat' dir='ltr'>prescriptum</span> <span class='ocrx_word' id='word_1_173' title='bbox 519 2278 673 2353; x_wconf 89' lang='lat' dir='ltr'>emittere,</span> <span class='ocrx_word' id='word_1_174' title='bbox 686 2278 804 2360; x_wconf 85' lang='lat' dir='ltr'>integre</span> <span class='ocrx_word' id='word_1_175' title='bbox 818 2279 979 2343; x_wconf 88' lang='lat' dir='ltr'>veritatem</span> <span class='ocrx_word' id='word_1_176' title='bbox 991 2287 1022 2343; x_wconf 92' lang='lat' dir='ltr'>et</span> <span class='ocrx_word' id='word_1_177' title='bbox 1034 2280 1114 2343; x_wconf 92' lang='lat' dir='ltr'>nihil</span> <span class='ocrx_word' id='word_1_178' title='bbox 1123 2287 1233 2360; x_wconf 85' lang='lat' dir='ltr'>praeter</span> <span class='ocrx_word' id='word_1_179' title='bbox 1246 2282 1407 2346; x_wconf 88' lang='lat' dir='ltr'>veritatem</span> 
     </span>
     <span class='ocr_line' id='line_1_21' title="bbox 138 2367 1406 2452; baseline 0.002 -22"><span class='ocrx_word' id='word_1_180' title='bbox 138 2369 247 2444; x_wconf 61' lang='lat' dir='ltr'>direref,</span> <span class='ocrx_word' id='word_1_181' title='bbox 263 2375 294 2431; x_wconf 93' lang='lat' dir='ltr'>et</span> <span class='ocrx_word' id='word_1_182' title='bbox 309 2367 418 2430; x_wconf 91' lang='lat' dir='ltr'>deinde</span> <span class='ocrx_word' id='word_1_183' title='bbox 436 2367 599 2449; x_wconf 89' lang='lat' dir='ltr'>postulatis</span> <span class='ocrx_word' id='word_1_184' title='bbox 617 2367 797 2448; x_wconf 89' lang='lat' dir='ltr'>simpliciter</span> <span class='ocrx_word' id='word_1_185' title='bbox 812 2371 904 2450; x_wconf 85' lang='lat' dir='ltr'>juxta</span> <span class='ocrx_word' id='word_1_186' title='bbox 922 2369 1139 2432; x_wconf 90' lang='lat' dir='ltr'>conscientiam</span> <span class='ocrx_word' id='word_1_187' title='bbox 1158 2373 1348 2452; x_wconf 88' lang='lat' dir='ltr'>respondere.</span> <span class='ocrx_word' id='word_1_188' title='bbox 1366 2408 1406 2418; x_wconf 94' lang='lat'>—</span> 
     </span>
     <span class='ocr_line' id='line_1_22' title="bbox 139 2455 308 2519; baseline 0 -1"><span class='ocrx_word' id='word_1_189' title='bbox 139 2455 308 2519; x_wconf 81' lang='lat' dir='ltr'>ltoomnes.</span> 
     </span>
    </p>

    <p class='ocr_par' dir='ltr' id='par_1_9' title="bbox 130 2544 1407 2966">
     <span class='ocr_line' id='line_1_23' title="bbox 175 2544 1405 2630; baseline 0.003 -22"><span class='ocrx_word' id='word_1_190' title='bbox 175 2547 224 2609; x_wconf 91' lang='lat' dir='ltr'>lll.</span> <span class='ocrx_word' id='word_1_191' title='bbox 242 2546 358 2621; x_wconf 89' lang='lat' dir='ltr'>Testis,</span> <span class='ocrx_word' id='word_1_192' title='bbox 377 2545 432 2626; x_wconf 90' lang='lat' dir='ltr'>qui</span> <span class='ocrx_word' id='word_1_193' title='bbox 448 2545 562 2608; x_wconf 89' lang='lat' dir='ltr'>falsum</span> <span class='ocrx_word' id='word_1_194' title='bbox 580 2544 731 2609; x_wconf 86' lang='lat' dir='ltr'>malitiose</span> <span class='ocrx_word' id='word_1_195' title='bbox 748 2546 902 2626; x_wconf 85' lang='lat' dir='ltr'>deposuit,</span> <span class='ocrx_word' id='word_1_196' title='bbox 918 2554 965 2610; x_wconf 91' lang='lat' dir='ltr'>est</span> <span class='ocrx_word' id='word_1_197' title='bbox 982 2551 1123 2629; x_wconf 72' lang='lat' dir='ltr'>perjurus</span> <span class='ocrx_word' id='word_1_198' title='bbox 1139 2555 1170 2610; x_wconf 89' lang='lat' dir='ltr'>et</span> <span class='ocrx_word' id='word_1_199' title='bbox 1186 2549 1318 2630; x_wconf 80' lang='lat' dir='ltr'>justitiae</span> <span class='ocrx_word' id='word_1_200' title='bbox 1340 2551 1405 2613; x_wconf 91' lang='lat' dir='ltr'>vio-</span> 
     </span>
     <span class='ocr_line' id='line_1_24' title="bbox 130 2633 1407 2716; baseline 0.005 -20"><span class='ocrx_word' id='word_1_201' title='bbox 130 2636 226 2710; x_wconf 88' lang='lat' dir='ltr'>&#39;lator;</span> <span class='ocrx_word' id='word_1_202' title='bbox 243 2641 274 2697; x_wconf 90' lang='lat' dir='ltr'>et</span> <span class='ocrx_word' id='word_1_203' title='bbox 285 2635 412 2715; x_wconf 86' lang='lat' dir='ltr'>proinde</span> <span class='ocrx_word' id='word_1_204' title='bbox 424 2640 547 2696; x_wconf 87' lang='lat' dir='ltr'>tenetur</span> <span class='ocrx_word' id='word_1_205' title='bbox 565 2635 604 2697; x_wconf 94' lang='lat' dir='ltr'>ad</span> <span class='ocrx_word' id='word_1_206' title='bbox 621 2633 763 2696; x_wconf 90' lang='lat' dir='ltr'>omnium</span> <span class='ocrx_word' id='word_1_207' title='bbox 779 2636 964 2698; x_wconf 93' lang='lat' dir='ltr'>damnorum</span> <span class='ocrx_word' id='word_1_208' title='bbox 982 2637 1217 2716; x_wconf 87' lang='lat' dir='ltr'>reparationem,</span> <span class='ocrx_word' id='word_1_209' title='bbox 1233 2655 1352 2701; x_wconf 90' lang='lat' dir='ltr'>necnon</span> <span class='ocrx_word' id='word_1_210' title='bbox 1368 2639 1407 2702; x_wconf 92' lang='lat' dir='ltr'>ad</span> 
     </span>
     <span class='ocr_line' id='line_1_25' title="bbox 138 2722 1407 2807; baseline 0.004 -24"><span class='ocrx_word' id='word_1_211' title='bbox 138 2722 203 2786; x_wconf 88' lang='lat' dir='ltr'>lalsi</span> <span class='ocrx_word' id='word_1_212' title='bbox 218 2723 392 2807; x_wconf 88' lang='lat' dir='ltr'>juramenti</span> <span class='ocrx_word' id='word_1_213' title='bbox 411 2723 651 2797; x_wconf 81' lang='lat' dir='ltr'>revocationem,</span> <span class='ocrx_word' id='word_1_214' title='bbox 672 2740 743 2784; x_wconf 91' lang='lat' dir='ltr'>cum</span> <span class='ocrx_word' id='word_1_215' title='bbox 764 2723 831 2803; x_wconf 90' lang='lat' dir='ltr'>pari</span> <span class='ocrx_word' id='word_1_216' title='bbox 851 2742 906 2786; x_wconf 88' lang='lat' dir='ltr'>suo</span> <span class='ocrx_word' id='word_1_217' title='bbox 925 2725 1053 2798; x_wconf 92' lang='lat' dir='ltr'>damno,</span> <span class='ocrx_word' id='word_1_218' title='bbox 1069 2723 1163 2786; x_wconf 90' lang='lat' dir='ltr'>etiam</span> <span class='ocrx_word' id='word_1_219' title='bbox 1181 2745 1252 2788; x_wconf 89' lang='lat' dir='ltr'>cum</span> <span class='ocrx_word' id='word_1_220' title='bbox 1275 2726 1407 2807; x_wconf 88' lang='lat' dir='ltr'>periculo</span> 
     </span>
     <span class='ocr_line' id='line_1_26' title="bbox 139 2811 1405 2895; baseline 0.002 -21"><span class='ocrx_word' id='word_1_221' title='bbox 139 2813 222 2888; x_wconf 81' lang='lat' dir='ltr'>vitae,</span> <span class='ocrx_word' id='word_1_222' title='bbox 238 2812 311 2874; x_wconf 89' lang='lat' dir='ltr'>sivi</span> <span class='ocrx_word' id='word_1_223' title='bbox 324 2811 393 2873; x_wconf 88' lang='lat' dir='ltr'>falsi</span> <span class='ocrx_word' id='word_1_224' title='bbox 406 2811 575 2874; x_wconf 89' lang='lat' dir='ltr'>testimonii</span> <span class='ocrx_word' id='word_1_225' title='bbox 589 2811 735 2874; x_wconf 87' lang='lat' dir='ltr'>innocens</span> <span class='ocrx_word' id='word_1_226' title='bbox 747 2812 785 2873; x_wconf 91' lang='lat' dir='ltr'>ad</span> <span class='ocrx_word' id='word_1_227' title='bbox 800 2818 932 2874; x_wconf 90' lang='lat' dir='ltr'>mortem</span> <span class='ocrx_word' id='word_1_228' title='bbox 941 2812 1035 2876; x_wconf 83' lang='lat' dir='ltr'>suerit</span> <span class='ocrx_word' id='word_1_229' title='bbox 1048 2813 1223 2875; x_wconf 86' lang='lat' dir='ltr'>damnatus.</span> <span class='ocrx_word' id='word_1_230' title='bbox 1235 2849 1275 2859; x_wconf 94' lang='lat'>-</span> <span class='ocrx_word' id='word_1_231' title='bbox 1284 2815 1320 2876; x_wconf 87' lang='lat' dir='ltr'>S.</span> <span class='ocrx_word' id='word_1_232' title='bbox 1335 2814 1405 2895; x_wconf 81' lang='lat' dir='ltr'>Lip.</span> 
     </span>
     <span class='ocr_line' id='line_1_27' title="bbox 140 2905 254 2966; baseline 0.009 -5"><span class='ocrx_word' id='word_1_233' title='bbox 140 2905 254 2966; x_wconf 59' lang='lat' dir='ltr'>nece.</span> 
     </span>
    </p>
   </div>
   <div class='ocr_carea' id='block_1_6' title="bbox 262 3054 455 3131">
    <p class='ocr_par' dir='ltr' id='par_1_10' title="bbox 262 3054 455 3131">
     <span class='ocr_line' id='line_1_28' title="bbox 262 3054 455 3131; baseline -0.005 -13"><span class='ocrx_word' id='word_1_234' title='bbox 262 3054 455 3131; x_wconf 85' lang='lat' dir='ltr'>Quaeslta.</span> 
     </span>
    </p>
   </div>
   <div class='ocr_carea' id='block_1_7' title="bbox 143 3195 1413 4607">
    <p class='ocr_par' dir='ltr' id='par_1_11' title="bbox 143 3195 1409 3369">
     <span class='ocr_line' id='line_1_29' title="bbox 178 3195 1409 3280; baseline -0.003 -16"><span class='ocrx_word' id='word_1_235' title='bbox 178 3203 228 3264; x_wconf 66' lang='lat'>28.</span> <span class='ocrx_word' id='word_1_236' title='bbox 246 3233 285 3244; x_wconf 90' lang='lat'><em>-</em></span> <span class='ocrx_word' id='word_1_237' title='bbox 299 3201 400 3274; x_wconf 74' lang='lat' dir='ltr'>Quae.</span> <span class='ocrx_word' id='word_1_238' title='bbox 426 3202 456 3259; x_wconf 87' lang='lat' dir='ltr'>l⁰</span> <span class='ocrx_word' id='word_1_239' title='bbox 474 3196 525 3256; x_wconf 76' lang='lat' dir='ltr'>Ad</span> <span class='ocrx_word' id='word_1_240' title='bbox 544 3195 620 3278; x_wconf 81' lang='lat' dir='ltr'>quid</span> <span class='ocrx_word' id='word_1_241' title='bbox 642 3204 781 3258; x_wconf 79' lang='lat' dir='ltr'>teneatur</span> <span class='ocrx_word' id='word_1_242' title='bbox 798 3201 881 3260; x_wconf 85' lang='lat' dir='ltr'>testis</span> <span class='ocrx_word' id='word_1_243' title='bbox 898 3197 1074 3280; x_wconf 81' lang='lat' dir='ltr'>quisalsam</span> <span class='ocrx_word' id='word_1_244' title='bbox 1088 3199 1168 3261; x_wconf 67' lang='lat' dir='ltr'>deicit</span> <span class='ocrx_word' id='word_1_245' title='bbox 1182 3217 1219 3261; x_wconf 81' lang='lat' dir='ltr'>ec</span> <span class='ocrx_word' id='word_1_246' title='bbox 1233 3199 1409 3280; x_wconf 77' lang='lat' dir='ltr'>a&#39;paoraata&#39;a</span> 
     </span>
     <span class='ocr_line' id='line_1_30' title="bbox 143 3283 1078 3369; baseline 0.002 -23"><span class='ocrx_word' id='word_1_247' title='bbox 143 3286 324 3363; x_wconf 69' lang='lat' dir='ltr'>inmacibili,</span> <span class='ocrx_word' id='word_1_248' title='bbox 342 3284 390 3349; x_wconf 86' lang='lat' dir='ltr'>ael</span> <span class='ocrx_word' id='word_1_249' title='bbox 400 3283 634 3360; x_wconf 79' lang='lat' dir='ltr'>inadverteatia,</span> <span class='ocrx_word' id='word_1_250' title='bbox 650 3295 703 3346; x_wconf 82' lang='lat' dir='ltr'>aut</span> <span class='ocrx_word' id='word_1_251' title='bbox 714 3283 865 3348; x_wconf 78' lang='lat' dir='ltr'>oblivione</span> <span class='ocrx_word' id='word_1_252' title='bbox 878 3286 1078 3369; x_wconf 77' lang='lat' dir='ltr'>inculpabili?</span> 
     </span>
    </p>

    <p class='ocr_par' dir='ltr' id='par_1_12' title="bbox 143 3370 1411 3804">
     <span class='ocr_line' id='line_1_31' title="bbox 179 3370 1409 3459; baseline -0.002 -20"><span class='ocrx_word' id='word_1_253' title='bbox 179 3377 269 3459; x_wconf 81' lang='lat' dir='ltr'>Beep.</span> <span class='ocrx_word' id='word_1_254' title='bbox 282 3378 442 3436; x_wconf 83' lang='lat' dir='ltr'>:Tenetur</span> <span class='ocrx_word' id='word_1_255' title='bbox 459 3371 571 3434; x_wconf 79' lang='lat' dir='ltr'>falsum</span> <span class='ocrx_word' id='word_1_256' title='bbox 589 3370 801 3434; x_wconf 87' lang='lat' dir='ltr'>testimonium</span> <span class='ocrx_word' id='word_1_257' title='bbox 817 3373 947 3454; x_wconf 89' lang='lat' dir='ltr'>aperire,</span> <span class='ocrx_word' id='word_1_258' title='bbox 964 3381 995 3437; x_wconf 90' lang='lat' dir='ltr'>et</span> <span class='ocrx_word' id='word_1_259' title='bbox 1011 3376 1177 3451; x_wconf 73' lang='lat' dir='ltr'>duranum,</span> <span class='ocrx_word' id='word_1_260' title='bbox 1195 3395 1229 3439; x_wconf 91' lang='lat' dir='ltr'>eo</span> <span class='ocrx_word' id='word_1_261' title='bbox 1243 3377 1332 3439; x_wconf 93' lang='lat' dir='ltr'>modo</span> <span class='ocrx_word' id='word_1_262' title='bbox 1348 3393 1409 3454; x_wconf 89' lang='lat' dir='ltr'>quo</span> 
     </span>
     <span class='ocr_line' id='line_1_32' title="bbox 143 3459 1407 3545; baseline -0.003 -17"><span class='ocrx_word' id='word_1_263' title='bbox 143 3471 256 3545; x_wconf 89' lang='lat' dir='ltr'>potest,</span> <span class='ocrx_word' id='word_1_264' title='bbox 270 3461 432 3544; x_wconf 89' lang='lat' dir='ltr'>impedire;</span> <span class='ocrx_word' id='word_1_265' title='bbox 449 3478 511 3523; x_wconf 94' lang='lat' dir='ltr'>non</span> <span class='ocrx_word' id='word_1_266' title='bbox 528 3463 651 3522; x_wconf 89' lang='lat' dir='ltr'>tenetur</span> <span class='ocrx_word' id='word_1_267' title='bbox 669 3463 774 3520; x_wconf 81' lang='lat' dir='ltr'>tamen</span> <span class='ocrx_word' id='word_1_268' title='bbox 792 3459 831 3520; x_wconf 93' lang='lat' dir='ltr'>ad</span> <span class='ocrx_word' id='word_1_269' title='bbox 852 3461 959 3524; x_wconf 91' lang='lat' dir='ltr'>damni</span> <span class='ocrx_word' id='word_1_270' title='bbox 977 3466 1043 3543; x_wconf 92' lang='lat' dir='ltr'>jam</span> <span class='ocrx_word' id='word_1_271' title='bbox 1058 3464 1154 3526; x_wconf 89' lang='lat' dir='ltr'>secuti</span> <span class='ocrx_word' id='word_1_272' title='bbox 1170 3462 1407 3544; x_wconf 88' lang='lat' dir='ltr'>reparationem,</span> 
     </span>
     <span class='ocr_line' id='line_1_33' title="bbox 144 3545 1410 3631; baseline -0.001 -17"><span class='ocrx_word' id='word_1_273' title='bbox 144 3569 212 3616; x_wconf 91' lang='lat' dir='ltr'>cum</span> <span class='ocrx_word' id='word_1_274' title='bbox 237 3551 411 3631; x_wconf 82' lang='lat' dir='ltr'>theologicae</span> <span class='ocrx_word' id='word_1_275' title='bbox 429 3550 523 3630; x_wconf 80' lang='lat' dir='ltr'>culpae</span> <span class='ocrx_word' id='word_1_276' title='bbox 541 3563 646 3628; x_wconf 86' lang='lat' dir='ltr'>expers</span> <span class='ocrx_word' id='word_1_277' title='bbox 663 3545 715 3608; x_wconf 90' lang='lat' dir='ltr'>sit.</span> <span class='ocrx_word' id='word_1_278' title='bbox 732 3581 772 3590; x_wconf 95' lang='lat'><em>-</em></span> <span class='ocrx_word' id='word_1_279' title='bbox 792 3545 828 3609; x_wconf 90' lang='lat' dir='ltr'>S.</span> <span class='ocrx_word' id='word_1_280' title='bbox 844 3547 928 3628; x_wconf 76' lang='lat' dir='ltr'>Lip,</span> <span class='ocrx_word' id='word_1_281' title='bbox 949 3548 969 3609; x_wconf 87' lang='lat' dir='ltr'>t.</span> <span class='ocrx_word' id='word_1_282' title='bbox 988 3551 1039 3622; x_wconf 90' lang='lat' dir='ltr'>IV,</span> <span class='ocrx_word' id='word_1_283' title='bbox 1056 3570 1088 3611; x_wconf 83' lang='lat' dir='ltr'>a.</span> <span class='ocrx_word' id='word_1_284' title='bbox 1107 3555 1184 3624; x_wconf 70' lang='lat'>269,</span> <span class='ocrx_word' id='word_1_285' title='bbox 1200 3568 1271 3612; x_wconf 88' lang='lat' dir='ltr'>curn</span> <span class='ocrx_word' id='word_1_286' title='bbox 1287 3549 1410 3613; x_wconf 84' lang='lat' dir='ltr'>Busem·</span> 
     </span>
     <span class='ocr_line' id='line_1_34' title="bbox 147 3632 1411 3719; baseline 0 -18"><span class='ocrx_word' id='word_1_287' title='bbox 147 3639 239 3705; x_wconf 84' lang='lat' dir='ltr'>iaam.</span> <span class='ocrx_word' id='word_1_288' title='bbox 257 3644 335 3704; x_wconf 88' lang='lat' dir='ltr'>ltem</span> <span class='ocrx_word' id='word_1_289' title='bbox 352 3638 515 3702; x_wconf 88' lang='lat' dir='ltr'>dicendum</span> <span class='ocrx_word' id='word_1_290' title='bbox 529 3635 605 3699; x_wconf 87' lang='lat' dir='ltr'>foret</span> <span class='ocrx_word' id='word_1_291' title='bbox 614 3632 821 3718; x_wconf 81' lang='lat' dir='ltr'>probabilius,</span> <span class='ocrx_word' id='word_1_292' title='bbox 836 3633 959 3698; x_wconf 87' lang='lat' dir='ltr'>etiamsi</span> <span class='ocrx_word' id='word_1_293' title='bbox 971 3635 1130 3699; x_wconf 88' lang='lat' dir='ltr'>venialiter</span> <span class='ocrx_word' id='word_1_294' title='bbox 1145 3642 1309 3718; x_wconf 78' lang='lat' dir='ltr'>peccasset,</span> <span class='ocrx_word' id='word_1_295' title='bbox 1319 3638 1411 3719; x_wconf 80' lang='lat' dir='ltr'>jacta</span> 
     </span>
     <span class='ocr_line' id='line_1_35' title="bbox 149 3726 639 3804; baseline -0.004 -17"><span class='ocrx_word' id='word_1_296' title='bbox 149 3726 222 3791; x_wconf 83' lang='lat' dir='ltr'>dicta</span> <span class='ocrx_word' id='word_1_297' title='bbox 235 3730 273 3791; x_wconf 84' lang='lat' dir='ltr'>de</span> <span class='ocrx_word' id='word_1_298' title='bbox 288 3728 509 3804; x_wconf 69' lang='lat' dir='ltr'>destitutione,</span> <span class='ocrx_word' id='word_1_299' title='bbox 523 3745 554 3786; x_wconf 83' lang='lat' dir='ltr'>n.</span> <span class='ocrx_word' id='word_1_300' title='bbox 569 3729 639 3789; x_wconf 73' lang='lat'><strong>662.</strong></span> 
     </span>
    </p>

    <p class='ocr_par' dir='ltr' id='par_1_13' title="bbox 147 3813 1411 4079">
     <span class='ocr_line' id='line_1_36' title="bbox 186 3813 1410 3898; baseline -0.003 -15"><span class='ocrx_word' id='word_1_301' title='bbox 186 3821 285 3894; x_wconf 80' lang='lat' dir='ltr'>Qvnn.</span> <span class='ocrx_word' id='word_1_302' title='bbox 309 3822 342 3880; x_wconf 67' lang='lat'>2⁰</span> <span class='ocrx_word' id='word_1_303' title='bbox 366 3815 447 3892; x_wconf 84' lang='lat' dir='ltr'>Quid</span> <span class='ocrx_word' id='word_1_304' title='bbox 478 3814 514 3876; x_wconf 87' lang='lat' dir='ltr'>de</span> <span class='ocrx_word' id='word_1_305' title='bbox 541 3814 594 3876; x_wconf 85' lang='lat' dir='ltr'>iilo</span> <span class='ocrx_word' id='word_1_306' title='bbox 624 3816 677 3897; x_wconf 81' lang='lat' dir='ltr'>qai</span> <span class='ocrx_word' id='word_1_307' title='bbox 701 3816 895 3895; x_wconf 77' lang='lat' dir='ltr'>scripturam,</span> <span class='ocrx_word' id='word_1_308' title='bbox 922 3813 1155 3896; x_wconf 73' lang='lat' dir='ltr'>chirographum</span> <span class='ocrx_word' id='word_1_309' title='bbox 1183 3824 1237 3875; x_wconf 85' lang='lat' dir='ltr'>aut</span> <span class='ocrx_word' id='word_1_310' title='bbox 1264 3815 1410 3898; x_wconf 78' lang='lat' dir='ltr'>apocham</span> 
     </span>
     <span class='ocr_line' id='line_1_37' title="bbox 148 3901 1411 3990; baseline 0.001 -25"><span class='ocrx_word' id='word_1_311' title='bbox 148 3911 303 3990; x_wconf 82' lang='lat' dir='ltr'>supponit,</span> <span class='ocrx_word' id='word_1_312' title='bbox 326 3906 374 3969; x_wconf 86' lang='lat' dir='ltr'>oei</span> <span class='ocrx_word' id='word_1_313' title='bbox 397 3903 552 3966; x_wconf 84' lang='lat' dir='ltr'>adulterat</span> <span class='ocrx_word' id='word_1_314' title='bbox 571 3902 613 3966; x_wconf 85' lang='lat' dir='ltr'>ad</span> <span class='ocrx_word' id='word_1_315' title='bbox 628 3901 808 3985; x_wconf 79' lang='lat' dir='ltr'>supplendos</span> <span class='ocrx_word' id='word_1_316' title='bbox 827 3913 911 3964; x_wconf 78' lang='lat' dir='ltr'>actas</span> <span class='ocrx_word' id='word_1_317' title='bbox 929 3903 1077 3985; x_wconf 83' lang='lat' dir='ltr'>perditos,</span> <span class='ocrx_word' id='word_1_318' title='bbox 1105 3901 1155 3965; x_wconf 86' lang='lat' dir='ltr'>oei</span> <span class='ocrx_word' id='word_1_319' title='bbox 1172 3902 1214 3965; x_wconf 83' lang='lat' dir='ltr'>ad</span> <span class='ocrx_word' id='word_1_320' title='bbox 1225 3905 1280 3987; x_wconf 78' lang='lat' dir='ltr'>jas</span> <span class='ocrx_word' id='word_1_321' title='bbox 1299 3914 1411 3968; x_wconf 83' lang='lat' dir='ltr'>certam</span> 
     </span>
     <span class='ocr_line' id='line_1_38' title="bbox 147 3992 405 4079; baseline -0.012 -21"><span class='ocrx_word' id='word_1_322' title='bbox 147 3992 405 4079; x_wconf 75' lang='lat' dir='ltr'>prosequendum?</span> 
     </span>
    </p>

    <p class='ocr_par' dir='ltr' id='par_1_14' title="bbox 145 4078 1412 4338">
     <span class='ocr_line' id='line_1_39' title="bbox 185 4078 1410 4168; baseline 0 -22"><span class='ocrx_word' id='word_1_323' title='bbox 185 4084 272 4168; x_wconf 80' lang='lat' dir='ltr'>Berp.</span> <span class='ocrx_word' id='word_1_324' title='bbox 288 4089 322 4147; x_wconf 90' lang='lat' dir='ltr'>·l⁰</span> <span class='ocrx_word' id='word_1_325' title='bbox 332 4104 339 4146; x_wconf 92' lang='lat'><strong>:</strong></span> <span class='ocrx_word' id='word_1_326' title='bbox 351 4086 455 4146; x_wconf 89' lang='lat' dir='ltr'>Peccat</span> <span class='ocrx_word' id='word_1_327' title='bbox 466 4082 575 4144; x_wconf 88' lang='lat' dir='ltr'>saltem</span> <span class='ocrx_word' id='word_1_328' title='bbox 589 4078 749 4143; x_wconf 89' lang='lat' dir='ltr'>venialiter</span> <span class='ocrx_word' id='word_1_329' title='bbox 767 4079 884 4143; x_wconf 87' lang='lat' dir='ltr'>ratione</span> <span class='ocrx_word' id='word_1_330' title='bbox 902 4079 1068 4156; x_wconf 89' lang='lat' dir='ltr'>mendacii;</span> <span class='ocrx_word' id='word_1_331' title='bbox 1085 4081 1159 4163; x_wconf 92' lang='lat' dir='ltr'>quia</span> <span class='ocrx_word' id='word_1_332' title='bbox 1174 4087 1342 4163; x_wconf 88' lang='lat' dir='ltr'>utcumque</span> <span class='ocrx_word' id='word_1_333' title='bbox 1363 4102 1410 4147; x_wconf 90' lang='lat' dir='ltr'>res</span> 
     </span>
     <span class='ocr_line' id='line_1_40' title="bbox 148 4167 1412 4252; baseline -0.001 -18"><span class='ocrx_word' id='word_1_334' title='bbox 148 4188 177 4234; x_wconf 86' lang='lat' dir='ltr'>se</span> <span class='ocrx_word' id='word_1_335' title='bbox 198 4173 323 4247; x_wconf 86' lang='lat' dir='ltr'>habeat,</span> <span class='ocrx_word' id='word_1_336' title='bbox 346 4170 596 4251; x_wconf 84' lang='lat' dir='ltr'>chirographum,</span> <span class='ocrx_word' id='word_1_337' title='bbox 610 4169 692 4250; x_wconf 86' lang='lat' dir='ltr'>quod</span> <span class='ocrx_word' id='word_1_338' title='bbox 717 4167 888 4246; x_wconf 84' lang='lat' dir='ltr'>exhibetur,</span> <span class='ocrx_word' id='word_1_339' title='bbox 908 4169 1064 4232; x_wconf 89' lang='lat' dir='ltr'>diversum</span> <span class='ocrx_word' id='word_1_340' title='bbox 1087 4170 1124 4233; x_wconf 94' lang='lat' dir='ltr'>ab</span> <span class='ocrx_word' id='word_1_341' title='bbox 1143 4171 1195 4234; x_wconf 94' lang='lat' dir='ltr'>illo</span> <span class='ocrx_word' id='word_1_342' title='bbox 1213 4178 1260 4234; x_wconf 90' lang='lat' dir='ltr'>est</span> <span class='ocrx_word' id='word_1_343' title='bbox 1278 4171 1360 4252; x_wconf 91' lang='lat' dir='ltr'>quod</span> <span class='ocrx_word' id='word_1_344' title='bbox 1377 4171 1412 4233; x_wconf 94' lang='lat' dir='ltr'>in</span> 
     </span>
     <span class='ocr_line' id='line_1_41' title="bbox 145 4259 455 4338; baseline 0 -17"><span class='ocrx_word' id='word_1_345' title='bbox 145 4261 257 4338; x_wconf 85' lang='lat' dir='ltr'>judicio</span> <span class='ocrx_word' id='word_1_346' title='bbox 270 4261 362 4324; x_wconf 88' lang='lat' dir='ltr'>fldem</span> <span class='ocrx_word' id='word_1_347' title='bbox 373 4259 455 4322; x_wconf 80' lang='lat' dir='ltr'>tacit.</span> 
     </span>
    </p>

    <p class='ocr_par' dir='ltr' id='par_1_15' title="bbox 149 4345 1413 4607">
     <span class='ocr_line' id='line_1_42' title="bbox 189 4345 1412 4430; baseline -0.002 -18"><span class='ocrx_word' id='word_1_348' title='bbox 189 4349 278 4430; x_wconf 80' lang='lat' dir='ltr'>Resp.</span> <span class='ocrx_word' id='word_1_349' title='bbox 295 4354 327 4412; x_wconf 62' lang='grc' dir='ltr'>ΞΟ</span> <span class='ocrx_word' id='word_1_350' title='bbox 342 4367 349 4411; x_wconf 91' lang='lat'>:</span> <span class='ocrx_word' id='word_1_351' title='bbox 367 4352 467 4411; x_wconf 86' lang='lat' dir='ltr'>Potest</span> <span class='ocrx_word' id='word_1_352' title='bbox 485 4345 648 4427; x_wconf 89' lang='lat' dir='ltr'>aliquando</span> <span class='ocrx_word' id='word_1_353' title='bbox 666 4363 787 4426; x_wconf 87' lang='lat' dir='ltr'>peceare</span> <span class='ocrx_word' id='word_1_354' title='bbox 806 4345 938 4424; x_wconf 84' lang='lat' dir='ltr'>graviter</span> <span class='ocrx_word' id='word_1_355' title='bbox 956 4351 1060 4409; x_wconf 92' lang='lat' dir='ltr'>contra</span> <span class='ocrx_word' id='word_1_356' title='bbox 1079 4349 1245 4412; x_wconf 77' lang='lat' dir='ltr'>caritatem</span> <span class='ocrx_word' id='word_1_357' title='bbox 1273 4367 1344 4429; x_wconf 91' lang='lat' dir='ltr'>erga</span> <span class='ocrx_word' id='word_1_358' title='bbox 1366 4367 1412 4410; x_wconf 83' lang='lat' dir='ltr'>se-</span> 
     </span>
     <span class='ocr_line' id='line_1_43' title="bbox 149 4431 1413 4520; baseline 0.001 -24"><span class='ocrx_word' id='word_1_359' title='bbox 149 4433 263 4516; x_wconf 85' lang='lat' dir='ltr'>ipsum,</span> <span class='ocrx_word' id='word_1_360' title='bbox 281 4438 402 4520; x_wconf 88' lang='lat' dir='ltr'>quando</span> <span class='ocrx_word' id='word_1_361' title='bbox 421 4455 452 4499; x_wconf 87' lang='lat' dir='ltr'>se</span> <span class='ocrx_word' id='word_1_362' title='bbox 469 4433 608 4516; x_wconf 82' lang='lat' dir='ltr'>proximo</span> <span class='ocrx_word' id='word_1_363' title='bbox 627 4440 758 4514; x_wconf 89' lang='lat' dir='ltr'>exponat</span> <span class='ocrx_word' id='word_1_364' title='bbox 775 4431 907 4515; x_wconf 86' lang='lat' dir='ltr'>periculo</span> <span class='ocrx_word' id='word_1_365' title='bbox 923 4434 1176 4514; x_wconf 89' lang='lat' dir='ltr'>gravissimarum</span> <span class='ocrx_word' id='word_1_366' title='bbox 1194 4453 1371 4516; x_wconf 81' lang='lat' dir='ltr'>paenarum,</span> <span class='ocrx_word' id='word_1_367' title='bbox 1387 4435 1413 4498; x_wconf 91' lang='lat' dir='ltr'>si</span> 
     </span>
     <span class='ocr_line' id='line_1_44' title="bbox 150 4521 443 4607; baseline 0.007 -22"><span class='ocrx_word' id='word_1_368' title='bbox 150 4521 262 4590; x_wconf 80' lang='lat' dir='ltr'>falsitas</span> <span class='ocrx_word' id='word_1_369' title='bbox 276 4529 443 4607; x_wconf 83' lang='lat' dir='ltr'>detegatur.</span> 
     </span>
    </p>
   </div>
   <div class='ocr_carea' id='block_1_8' title="bbox 0 0 1614 5034">
    <p class='ocr_par' dir='ltr' id='par_1_16' title="bbox 0 0 1614 5034">
     <span class='ocr_line' id='line_1_45' title="bbox 0 0 1614 5034; baseline 0 0"><span class='ocrx_word' id='word_1_370' title='bbox 0 0 1614 5034; x_wconf 95' lang='lat' dir='ltr'> </span> 
     </span>
    </p>
   </div>
  </div>
 </body>
</html>
