3180 5040
189 263 259 326 478
720 262 930 310 resursrns

190 389 268 461 sias,
286 389 342 449 etc.
357 385 576 446 potestantem
589 377 716 442 Missam
730 375 895 448 celebrere,
908 373 999 436 modo
1014 391 1079 438 non
1091 379 1198 438 utatur
1209 376 1415 462 Insignibus
1433 395 1484 460 et,

192 478 218 542 si
231 481 381 548 uteretur,
397 475 532 552 peccaret
546 466 672 548 quidem
686 468 790 528 contra
804 462 1040 542 suspensionem
1055 463 1090 526 in
1110 482 1142 527 se
1152 464 1265 543 laum,
1284 487 1351 534 non
1371 478 1485 540 tamen

189 567 358 630 incurreret
382 557 658 640 irregularitatem,
679 559 836 634 prepterea
855 551 939 632 quod
959 569 1023 615 non
1041 553 1178 616 exercuit
1198 561 1309 621 sctum
1329 561 1484 628 subsun-

191 655 294 717 tieiem
305 648 428 714 Ordinis
442 665 533 727 aquo
547 661 714 728 suspensus
728 647 784 704 est.

410 846 447 906 lI.
465 877 504 888 -—
524 855 739 904 sosrsssrosus
759 852 781 897 s
803 853 937 898 cessuro
959 853 1142 899 mmsssrso
1161 855 1250 902 urs

229 1005 472 1088 suspensionum
494 999 747 1064 Tridentinmum
766 997 851 1060 nulla
867 1001 913 1059 est
932 1001 1021 1062 Rom.
1040 997 1182 1063 Pontifici
1200 1011 1382 1082 reservam
1400 1027 1483 1090 (με,

190 1099 262 1160 dam
274 1093 431 1177 Episcopis
444 1091 508 1155 sire
522 1087 713 1164 Ordiuuriis,
726 1085 794 1150 atie
806 1085 926 1149 nemini
939 1093 1147 1150 reservantur.

821 1278 833 1332 I

464 1408 503 1464 In
517 1405 665 1463 violentes
679 1404 816 1462 Ganorees
831 1405 867 1462 de
880 1419 971 1460 sucre
984 1381 1192 1466 ordicots'ooe.

225 1539 398 1598 tots-1.
422 1537 562 1606 Abbates,
582 1535 725 1606 CollegIa,
745 1533 877 1607 Capitula
897 1535 925 1590 et
944 1533 995 1590 eiii
1016 1535 1190 1610 quicumque
1211 1536 1385 1594 dimissorias
1406 1542 1470 1598 sibi

192 1639 246 1679 non
262 1620 388 1678 subditis
402 1617 591 1676 concedentes
610 1616 646 1672 ab
660 1615 753 1672 officio
768 1615 796 1670 et
811 1614 951 1671 beneficio
964 1632 1014 1688 per
1030 1632 1139 1673 annum
1160 1618 1213 1673 siut
1232 1618 1291 1690 ipso
1306 1619 1370 1689 jure
1387 1636 1464 1676 sus-

191 1719 287 1776 pensi.
899 1765 988 1838 (5388,
1002 1769 1113 1837 XXIII,
1127 1785 1193 1842 cap.
1207 1785 1239 1839 x,
1252 1769 1287 1826 de
1298 1769 1373 1844 Res.)

226 1926 254 1992 I,
271 1924 443 1984 Ordinantes
456 1921 581 1978 sibinen
596 1919 744 1989 subditos,
760 1920 818 1976 nisi
832 1919 935 1975 horum
950 1920 1076 1994 probitas
1092 1937 1124 1978 ac
1141 1939 1235 1979 mores
1250 1923 1468 1980 Ordineriorum

192 2021 309 2063 suorum
324 2003 489 2060 tesIImonio
507 2001 750 2069 commendentur,
774 2015 791 2054 a
812 1999 965 2056 collatione
984 1997 1124 2057 Ordinum
1144 2019 1196 2076 per
1209 2019 1330 2071 annum;
1346 2005 1388 2061 sic
1404 2021 1471 2062 vero
1577 2043 1578 2068 1

191 2087 313 2142 ordinati
328 2101 345 2141 s
360 2085 558 2156 susceptorum
574 2081 713 2138 Ordinurn
729 2081 927 2150 exsecutione,
943 2081 1080 2153 quamdiu
1098 2083 1213 2156 proprio
1225 2085 1375 2142 Ordinario
1388 2086 1471 2142 ride-

191 2166 269 2223 biiur
281 2164 426 2237 expedire,
443 2165 502 2220 sint
516 2163 662 2236 suspensi.

872 2231 961 2303 (Sese.
975 2235 1082 2302 XXIII,
1094 2250 1161 2308 cup.
1176 2251 1241 2306 rm,
1257 2236 1295 2292 de
1305 2236 1383 2310 Res.)

226 2391 253 2446 3.
268 2393 357 2447 Nemo
372 2389 589 2461 Episcoporum,
607 2387 656 2458 qui
671 2386 804 2442 titulares
820 2386 967 2456 vocentur,
987 2387 1101 2444 etiarnsi
1115 2388 1145 2444 in
1158 2387 1221 2444 Ioco
1239 2389 1356 2446 nuliius
1370 2390 1473 2448 dioece

191 2471 250 2537 sis,
272 2469 359 2522 edam
383 2469 529 2538 exempto,
552 2469 601 2520 eut
620 2467 716 2537 aliquo
738 2467 911 2524 Itonasterio
934 2467 1060 2539 cujusvis
1084 2466 1199 2524 OrdInis
1216 2469 1399 2542 resederint,
1421 2473 1472 2529 eut

189 2562 296 2603 morsm
313 2545 466 2612 traxerint,
477 2544 574 2614 rigore
590 2545 720 2615 cujusvis
732 2546 879 2618 privilegii
896 2548 953 2603 sibi
966 2547 1000 2604 de
1014 2546 1196 2621 promovendo
1211 2563 1415 2621 quoscumque
1431 2552 1470 2608 ad

190 2643 221 2684 se
236 2625 383 2680 venientes
400 2641 449 2696 pro
463 2625 590 2696 tempore
606 2625 751 2694 concessi,
768 2625 889 2682 atterius
910 2627 1063 2690 subditum,
1079 2627 1163 2680 etiam
1178 2629 1317 2698 praetextu
1335 2629 1471 2685 temiiia-

188 2706 285 2764 sitatis
300 2705 441 2762 continuae
453 2704 710 2761 commensalitetis
726 2721 800 2776 suae,
817 2707 926 2779 absque
941 2707 985 2765 sui
997 2706 1099 2779 proprii
1117 2705 1228 2762 Praeinti
1239 2721 1377 2778 expresso
1393 2723 1467 2764 con-

189 2804 274 2844 sensu
285 2789 335 2843 aut
349 2785 455 2842 litteris
468 2787 643 2842 dimissoriis
660 2787 694 2842 ad
710 2786 824 2858 aliquos
840 2804 935 2844 sacros
948 2789 997 2844 aut
1008 2787 1128 2842 minores
1142 2785 1264 2843 Ordines
1278 2785 1326 2842 ret
1338 2787 1467 2860 primam
1577 2785 1578 2788 ’

189 2873 338 2925 tonsuram
353 2881 518 2940 promovere
539 2883 591 2923 seu
605 2868 739 2923 ordinere
753 2866 857 2924 valeat
873 2869 976 2925 Contra
992 2867 1101 2924 faciens
1113 2867 1148 2924 eh
1163 2867 1302 2923 exercitio
1315 2867 1468 2940 pontifics·
1577 2853 1578 2880 ¹

189 2948 261 3004 lium
277 2964 326 3021 per
336 2963 458 3014 sunum,
468 2947 567 3002 taliter
578 2963 643 3002 vero
652 2947 799 3020 promotus
809 2949 845 3004 ub
857 2949 1040 3006 exsecutione
1050 2947 1189 3004 Ordinum
1200 2948 1244 3004 sic
1258 2949 1468 3022 susceptorum,

189 3029 277 3086 donec
293 3043 347 3082 suo
360 3025 479 3082 Praelato
491 3027 588 3083 visum
602 3028 704 3098 tuerit,
718 3029 782 3101 ipso
792 3029 858 3102 jure
873 3029 932 3086 sint
947 3029 1093 3102 suspensi.

920 3125 1009 3201 [Sese.
1023 3128 1099 3197 xiv,
1116 3143 1182 3200 cop.
1199 3141 1237 3195 rs,
1251 3125 1288 3182 dc
1301 3126 1380 3199 Res.)

223 3279 250 3336 i.
266 3277 347 3336 Nulli
366 3277 506 3352 Episcopo
526 3277 614 3335 liceat
634 3280 763 3351 cujusvis
784 3278 930 3353 privilegii
951 3279 1092 3354 praetextu
1110 3279 1287 3353 penttocslia
1305 3280 1335 3335 in
1349 3278 1470 3335 atterius

188 3358 305 3414 diocesi
332 3373 478 3428 exercere,
500 3359 558 3414 nisi
581 3359 616 3415 dc
638 3359 785 3416 OrdInurii
811 3359 867 3416 loci
892 3376 1029 3434 expressa
1057 3360 1191 3431 licentia,
1220 3361 1250 3417 et
1273 3361 1304 3416 is
1326 3373 1468 3431 personas

188 3438 280 3494 eidem
296 3437 447 3495 Ordinatio
462 3438 606 3510 subjectas
621 3441 744 3496 tantum.
761 3440 791 3496 Si
810 3455 895 3497 secus
912 3441 1019 3498 tectum
1040 3441 1141 3509 tuerit,
1157 3441 1312 3514 Episcopus
1329 3437 1365 3493 ab
1380 3451 1467 3492 exer-

188 3518 254 3574 citio
269 3518 492 3592 pontificalium,
507 3521 536 3576 et
551 3520 593 3578 sic
607 3519 731 3577 ordinati
746 3521 783 3576 ab
805 3522 990 3578 exsecutione
1004 3521 1146 3578 OrdInum
1166 3521 1227 3577 sint
1246 3520 1306 3594 ipso
1323 3517 1388 3591 jure
1400 3533 1470 3573 sns-

187 3615 280 3672 pensi.

973 3672 1066 3746 (Sese.
1083 3675 1133 3741 VI,
1150 3689 1216 3746 cop.
1230 3687 1258 3740 v,
1271 3671 1307 3727 de
1320 3669 1398 3742 Res.)

222 3824 249 3881 d.
272 3824 328 3895 Qui
351 3841 408 3881 non
427 3825 551 3881 arctatur
566 3827 716 3884 occasione
732 3827 866 3886 beneficii
884 3829 991 3902 recepti
1011 3827 1057 3884 rol
1074 3827 1249 3902 recipiendi,
1266 3826 1308 3894 et,
1333 3823 1403 3880 mdo
1419 3841 1471 3880 su·
1577 3823 1578 3872 t

187 3907 283 3974 cante,
300 3907 424 3979 accepite
441 3906 515 3962 infra
525 3923 631 3962 annum
645 3923 661 3963 a
676 3908 723 3964 die
738 3910 897 3966 vacationis
913 3908 1089 3964 dimissoriis
1104 3925 1121 3962 a
1137 3905 1285 3980 sapitum,
1303 3904 1470 3961 omiuetru:

187 3985 212 4038 si
229 3985 313 4040 tuerit
329 3987 379 4042 teli
395 3987 575 4046 ordinatione
592 3988 622 4044 in
641 3988 801 4046 Itineribus
815 3990 1005 4059 constitutus,
1026 4005 1083 4046 nou
1095 3987 1200 4060 gaudet
1214 3983 1369 4060 privilege
1384 3983 1470 4042 cleri·

186 4061 260 4130 cali;
277 4065 302 4118 si
318 4067 348 4119 in
367 4068 533 4140 ttajoribus,
550 4067 614 4142 ipso
625 4069 690 4139 jnre
704 4070 893 4144 suspenditur
906 4071 942 4128 eb
961 4085 1061 4126 eornm
1080 4067 1266 4125 exsecutione
1279 4065 1317 4124 ad
1332 4063 1470 4139 benepla-

186 4143 275 4200 citum
292 4143 382 4200 futuri
398 4148 521 4206 Praelati.

932 4221 1022 4296 (Sese.
1042 4221 1106 4288 VII,
1123 4233 1188 4292 cop.
1204 4235 1237 4288 x,
1250 4217 1288 4274 de
1301 4215 1382 4289 Res.)

226 4353 345 4418 Dicitur
359 4355 568 4436 refraenasses
582 4380 602 4421 o
615 4360 665 4422 die
678 4358 980 4440 mentiosu,q11iasi
992 4362 1062 4438 post
1072 4372 1192 4420 aunum
1204 4354 1291 4418 sedes
1302 4353 1406 4417 adhuc
1420 4369 1472 4414 va-
1577 4347 1578 4352 ’

184 4445 243 4514 cet,
259 4444 452 4521 permittitur
465 4453 502 4508 ut
515 4449 710 4527 Capitulum,
725 4448 917 4514 dimissorias
932 4446 1136 4521 concedendo,
1153 4443 1314 4525 provideat
1326 4443 1368 4506 de
1379 4439 1471 4506 nouis

185 4529 399 4590 Sacerdotibus
411 4533 600 4597 ordinandis.
