3198 5036
614 511 924 594 rulurlros

408 712 503 822 DE
542 709 1134 826 CONFIRMATIONE

175 1143 244 1204 960.
261 1174 301 1184 -
314 1135 510 1200 Confirmatio
531 1135 677 1197 delinitur
698 1137 930 1198 Sacramentum
951 1155 1037 1202 novae
1059 1138 1149 1218 legiS,
1164 1159 1225 1221 ano
1241 1161 1296 1223 per
1310 1142 1405 1204 chris-

136 1229 228 1292 matis
249 1226 441 1300 unctionem,
459 1224 516 1286 suh
537 1229 618 1286 certa
636 1224 800 1288 verborum
818 1223 931 1300 forma,
955 1227 1047 1289 datur
1064 1229 1226 1309 baptizatis
1247 1231 1406 1312 plenitudo

136 1317 267 1398 Spiritus
281 1315 377 1378 sancti
392 1313 575 1386 adfirmiter
586 1313 785 1388 credendum,
802 1320 834 1375 et
847 1314 886 1376 ad
900 1313 1006 1378 Fidem
1025 1317 1175 1398 intrepide
1189 1319 1405 1384 confitendam.

177 1408 315 1478 Constat,
331 1402 603 1467 Confirmationem
621 1421 685 1465 esse
697 1421 806 1464 rerum
826 1406 1058 1468 Sacramentum
1081 1425 1100 1468 a
1120 1409 1278 1489 Baptismo
1297 1407 1408 1471 (listin-

138 1501 222 1557 ctum
244 1499 278 1556 1⁰
301 1511 338 1554 ex
356 1491 532 1554 delinitione
551 1491 700 1554 Ecclesia.
722 1491 770 1552 Sic
791 1490 876 1554 enim
889 1493 1047 1572 Eugenius
1061 1497 1101 1556 IV
1118 1496 1152 1558 in
1166 1499 1285 1560 Decreta
1303 1497 1406 1560 Fidei:

137 1583 199 1644 Per
211 1583 404 1663 Baptismam
419 1579 626 1662 spiritualiter
640 1583 835 1656 renascimur,
850 1599 908 1660 per
924 1580 1196 1658 Confirmataonem
1215 1605 1362 1666 oupemar
1376 1590 1410 1645 in

136 1673 258 1752 pratia,
285 1677 312 1730 et
337 1669 516 1729 roboramur
531 1671 563 1728 in
585 1668 726 1730 Fide-
751 1667 823 1728 Vide
843 1668 939 1728 etiam
960 1668 1059 1746 Trici,
1080 1691 1147 1731 sess.
1169 1675 1239 1746 Vll,
1255 1693 1320 1735 ean.
1341 1673 1412 1734 lde

139 1757 305 1838 Confirm.;
321 1761 355 1818 2⁰
379 1775 417 1818 ex
437 1775 471 1818 eo
496 1757 578 1836 quod
601 1756 800 1817 inveniantur
818 1754 852 1815 in
874 1773 908 1816 ea
922 1755 983 1816 tria
999 1758 1199 1820 essentialiter
1216 1760 1363 1841 requisita
1381 1767 1412 1822 et

138 1844 323 1908 sufficientia
337 1845 375 1906 ad
385 1861 475 1906 omne
489 1845 730 1914 Sacramentum,
743 1841 856 1905 scilicet
869 1843 950 1905 ritus
962 1845 1103 1920 exterior,
1118 1847 1280 1926 promissio
1292 1849 1410 1927 gratia,

137 1942 170 1998 et
182 1934 341 1996 institutio
357 1932 482 1996 Christi.
500 1931 623 1994 Etenim
639 1937 670 1994 l⁰
685 1931 766 1996 ritus
785 1932 915 1995 exterior
931 1932 1062 1996 habetur
1084 1934 1118 1997 in
1139 1937 1230 1999 rebus
1243 1943 1274 1999 et
1292 1938 1410 2013 verbis,

139 2041 195 2086 seu
209 2022 242 2084 in
255 2021 386 2084 materia
394 2029 425 2083 et
436 2020 548 2094 lorma;
560 2024 594 2082 2⁰
603 2019 765 2100 promissio
775 2025 806 2082 et
815 2020 932 2082 collatio
943 2022 1048 2100 gratiae
1058 2023 1188 2088 habetur
1198 2027 1267 2094 Act.
1282 2045 1348 2102 rur,
1362 2032 1410 2102 l'l,

139 2110 338 2186 ubidicitur,
363 2110 445 2190 quod
470 2112 577 2172 Petrus
600 2113 630 2170 et
653 2111 799 2182 loannes,
823 2107 911 2170 missi
937 2111 1107 2186 Samariam
1130 2114 1169 2176 ad
1192 2113 1413 2179 confirmandos

140 2201 242 2262 fideles
250 2202 317 2281 jam
332 2198 508 2280 baptizatos,
525 2196 720 2279 imponebant
732 2217 876 2279 sapereas
889 2217 1004 2268 manas,
1022 2210 1052 2261 et
1064 2197 1414 2284 arripiebantSpiritam

141 2297 278 2350 sanctam
284 2306 296 2366 ,·
310 2293 343 2352 30
357 2285 516 2350 institutio
531 2285 636 2348 divina
651 2285 726 2348 satis
743 2285 926 2366 intelligitur
939 2307 977 2349 ex
988 2288 1053 2369 ipsa
1067 2296 1226 2370 potestate,
1243 2311 1305 2373 qua
1319 2295 1413 2374 Apos-

141 2377 197 2440 toli
220 2383 290 2458 post
311 2375 504 2457 Baptismum
526 2393 578 2456 per
605 2373 834 2455 impositionem
857 2393 1010 2438 manuum
1039 2377 1234 2444 conferebant
1263 2381 1415 2463 Spiritum

142 2473 299 2542 sanctum3
316 2465 349 2528 id
363 2463 445 2527 enim
460 2483 497 2526 ex
511 2463 633 2545 propria
644 2463 761 2526 virtute
773 2482 835 2526 non
850 2470 999 2544 poterant.

184 2555 383 2629 Quandonam
404 2561 509 2616 autem
533 2552 716 2616 institutum
739 2551 832 2614 luerit
852 2553 909 2616 hoc
927 2557 1180 2633 Sacramentum,
1203 2577 1265 2622 non
1283 2567 1412 2624 constat.

143 2643 338 2705 Probabilins
359 2643 544 2705 institutum
567 2649 614 2705 est
636 2647 705 2721 post
729 2641 999 2717 resurrectionem,
1026 2647 1148 2726 quando
1173 2647 1315 2710 Christus
1336 2650 1417 2710 (lixit

144 2731 296 2812 Apostolis
310 2732 407 2812 (loan.
425 2749 475 2806 xx,
493 2731 543 2812 El)
555 2729 923 2816 :ISiratmisr‘tmeoivens
932 2730 1037 2807 Pater,
1054 2743 1080 2793 ct
1096 2753 1150 2816 epo
1165 2738 1251 2796 mitto
1265 2755 1330 2812 aaa,
1342 2743 1413 2812 eto,
1440 2758 1445 2766 ·

144 2820 259 2902 quibus
272 2819 394 2900 plenam
412 2825 595 2900 potestatem
611 2819 811 2899 episcopalem
830 2818 862 2880 in
882 2837 991 2899 corpus
1009 2821 1178 2903 mysticum
1196 2822 1335 2885 Ecclesia
1354 2824 1417 2887 illis

143 2908 285 2972 mntulit.
311 2911 405 2971 Juxta
429 2908 503 2971 alios
528 2907 667 2971 Christus
696 2905 836 2968 instituit
860 2909 1092 2971 Sacramentum
1113 2910 1362 2973 confirmationis
1382 2912 1418 2974 in

145 3015 230 3060 omna
243 3004 313 3078 post
326 2997 426 3078 ipsam
441 2995 641 3059 Eucharistiae
653 2995 894 3057 institutionem.

185 3086 347 3167 Aaronem
368 3092 400 3148 l⁰
420 3087 456 3147 de
479 3085 606 3147 materia
627 3089 658 3145 et
680 3082 777 3144 iorma
795 3084 1060 3162 confirmationis3
1078 3123 1116 3132 -
1134 3091 1168 3150 2⁰
1189 3090 1227 3150 de
1247 3090 1312 3170 ejus
1326 3090 1417 3152 llini-

146 3181 222 3252 stro;
239 3211 279 3220 —
295 3181 328 3240 3⁰
343 3175 379 3238 de
393 3174 528 3255 ejusdem
541 3172 685 3252 subjecto.

674 3409 851 3486 CAPUT
879 3411 895 3486 l

404 3608 450 3658 DE
476 3607 634 3657 MATERIA
660 3607 704 3656 ET
730 3605 852 3658 FORMA
877 3605 1176 3660 CONFIRMATIONIS

662 3778 874 3841 ARTIGULUS
898 3779 912 3839 I

549 3934 586 3978 oa
612 3932 749 3978 uernum
770 3932 1021 3978 oonrrnuarrours

190 4061 261 4120 ecl.
276 4091 317 4102 -
333 4057 357 4117 l.
373 4054 498 4120 Materia
512 4063 625 4116 remota
635 4051 882 4116 confirmationis
896 4059 943 4115 est
956 4053 1090 4116 chrisma
1104 4073 1141 4116 ex
1155 4055 1218 4119 oleo
1232 4056 1385 4122 olivarum
1394 4064 1425 4123 et

150 4145 287 4208 balsamo
308 4143 495 4216 conlectum,
515 4148 546 4205 et
569 4143 607 4204 ab
628 4141 774 4221 Episcopo
797 4141 1005 4204 benedictum.
1030 4177 1071 4188 -
1091 4141 1143 4204 Ita
1160 4151 1368 4222 conmuniter,
1391 4154 1425 4211 et

149 4239 328 4296 constater
349 4231 439 4295 Cone.
464 4231 614 4302 Floreat,
637 4233 670 4290 ia
687 4229 805 4291 decreto
825 4228 861 4290 dc
880 4227 1094 4292 sacramentis.
1116 4232 1180 4296 Ilici
1198 4235 1293 4298 aliam
1307 4241 1422 4317 potest,

152 4323 317 4384 materiam
331 4327 480 4384 remotam
493 4319 654 4401 partialem
668 4336 733 4380 esse
748 4335 879 4380 manum
891 4317 1030 4399 Episcopi
1044 4320 1219 4400 [annaliter
1229 4324 1332 4401 talem,
1349 4343 1424 4404 qun-

152 4415 246 4474 tenus
271 4409 384 4473 scilicet
404 4407 560 4489 impositio
584 4425 696 4470 manus
719 4411 764 4469 est
791 4405 920 4468 materia
948 4408 1087 4487 proxima
1117 4411 1272 4491 partialis,
1295 4417 1330 4475 ut
1353 4430 1427 4476 mox

151 4497 281 4563 dicetur.
