<?xml version="1.0" encoding="UTF-8"?>
<!DOCTYPE html PUBLIC "-//W3C//DTD XHTML 1.0 Transitional//EN"
    "http://www.w3.org/TR/xhtml1/DTD/xhtml1-transitional.dtd">
<html xmlns="http://www.w3.org/1999/xhtml" xml:lang="en" lang="en">
 <head>
  <title>
</title>
<meta http-equiv="Content-Type" content="text/html;charset=utf-8" />
  <meta name='ocr-system' content='tesseract 3.04.00' />
  <meta name='ocr-capabilities' content='ocr_page ocr_carea ocr_par ocr_line ocrx_word'/>
</head>
<body>
  <div class='ocr_page' id='page_1' title='image "./compendiumtheol03gurygoog_0018.png"; bbox 0 0 3198 5034; ppageno 0'>
   <div class='ocr_carea' id='block_1_1' title="bbox 445 191 1365 252">
    <p class='ocr_par' dir='ltr' id='par_1_1' title="bbox 445 191 1365 252">
     <span class='ocr_line' id='line_1_1' title="bbox 445 191 1365 252; baseline 0.004 -4"><span class='ocrx_word' id='word_1_1' title='bbox 445 204 489 248; x_wconf 84' lang='lat' dir='ltr'>na</span> <span class='ocrx_word' id='word_1_2' title='bbox 509 203 685 248; x_wconf 79' lang='lat' dir='ltr'>srarrnus</span> <span class='ocrx_word' id='word_1_3' title='bbox 705 203 1016 249; x_wconf 75' lang='lat' dir='ltr'>rauracuuanrnus</span> <span class='ocrx_word' id='word_1_4' title='bbox 1345 191 1365 252; x_wconf 74' lang='grc' dir='ltr'>Β</span> 
     </span>
    </p>
   </div>
   <div class='ocr_carea' id='block_1_2' title="bbox 82 314 1366 1902">
    <p class='ocr_par' dir='ltr' id='par_1_2' title="bbox 82 314 1366 839">
     <span class='ocr_line' id='line_1_2' title="bbox 82 314 1364 397; baseline 0.003 -20"><span class='ocrx_word' id='word_1_5' title='bbox 82 334 216 379; x_wconf 88' lang='lat' dir='ltr'>munere</span> <span class='ocrx_word' id='word_1_6' title='bbox 229 315 348 397; x_wconf 88' lang='lat' dir='ltr'>proprie</span> <span class='ocrx_word' id='word_1_7' title='bbox 361 315 510 395; x_wconf 90' lang='lat' dir='ltr'>gaudent,</span> <span class='ocrx_word' id='word_1_8' title='bbox 527 332 693 394; x_wconf 87' lang='lat' dir='ltr'>eorumque</span> <span class='ocrx_word' id='word_1_9' title='bbox 708 314 788 377; x_wconf 86' lang='lat' dir='ltr'>vices</span> <span class='ocrx_word' id='word_1_10' title='bbox 805 332 911 378; x_wconf 90' lang='lat' dir='ltr'>omnes</span> <span class='ocrx_word' id='word_1_11' title='bbox 925 321 1051 396; x_wconf 89' lang='lat' dir='ltr'>gerunt,</span> <span class='ocrx_word' id='word_1_12' title='bbox 1064 314 1148 376; x_wconf 90' lang='lat' dir='ltr'>haud</span> <span class='ocrx_word' id='word_1_13' title='bbox 1162 332 1248 376; x_wconf 89' lang='lat' dir='ltr'>secus</span> <span class='ocrx_word' id='word_1_14' title='bbox 1260 335 1294 378; x_wconf 91' lang='lat' dir='ltr'>ac</span> <span class='ocrx_word' id='word_1_15' title='bbox 1306 317 1364 381; x_wconf 89' lang='lat' dir='ltr'>sia</span> 
     </span>
     <span class='ocr_line' id='line_1_3' title="bbox 82 402 1365 485; baseline 0.001 -18"><span class='ocrx_word' id='word_1_16' title='bbox 82 403 210 485; x_wconf 87' lang='lat' dir='ltr'>publiea</span> <span class='ocrx_word' id='word_1_17' title='bbox 223 404 402 467; x_wconf 86' lang='lat' dir='ltr'>auctoritate</span> <span class='ocrx_word' id='word_1_18' title='bbox 420 403 519 466; x_wconf 81' lang='lat' dir='ltr'>forent</span> <span class='ocrx_word' id='word_1_19' title='bbox 540 403 701 484; x_wconf 85' lang='lat' dir='ltr'>designati.</span> <span class='ocrx_word' id='word_1_20' title='bbox 722 408 854 466; x_wconf 81' lang='lat' dir='ltr'>Possunt</span> <span class='ocrx_word' id='word_1_21' title='bbox 871 403 968 484; x_wconf 88' lang='lat' dir='ltr'>igitur</span> <span class='ocrx_word' id='word_1_22' title='bbox 986 420 1110 465; x_wconf 89' lang='lat' dir='ltr'>causam</span> <span class='ocrx_word' id='word_1_23' title='bbox 1125 402 1164 464; x_wconf 90' lang='lat' dir='ltr'>ad</span> <span class='ocrx_word' id='word_1_24' title='bbox 1183 419 1215 465; x_wconf 86' lang='lat' dir='ltr'>se</span> <span class='ocrx_word' id='word_1_25' title='bbox 1232 403 1365 468; x_wconf 87' lang='lat' dir='ltr'>delatam</span> 
     </span>
     <span class='ocr_line' id='line_1_4' title="bbox 83 491 1366 573; baseline 0.002 -19"><span class='ocrx_word' id='word_1_26' title='bbox 83 493 256 568; x_wconf 86' lang='lat' dir='ltr'>instruere,</span> <span class='ocrx_word' id='word_1_27' title='bbox 274 511 339 555; x_wconf 89' lang='lat' dir='ltr'>rem</span> <span class='ocrx_word' id='word_1_28' title='bbox 353 493 392 554; x_wconf 89' lang='lat' dir='ltr'>ad</span> <span class='ocrx_word' id='word_1_29' title='bbox 406 492 490 555; x_wconf 89' lang='lat' dir='ltr'>aliud</span> <span class='ocrx_word' id='word_1_30' title='bbox 504 499 626 572; x_wconf 84' lang='lat' dir='ltr'>tempus</span> <span class='ocrx_word' id='word_1_31' title='bbox 640 492 842 573; x_wconf 86' lang='lat' dir='ltr'>opportunius</span> <span class='ocrx_word' id='word_1_32' title='bbox 857 492 992 566; x_wconf 84' lang='lat' dir='ltr'>differre,</span> <span class='ocrx_word' id='word_1_33' title='bbox 1009 495 1099 554; x_wconf 86' lang='lat' dir='ltr'>testes</span> <span class='ocrx_word' id='word_1_34' title='bbox 1115 491 1235 566; x_wconf 88' lang='lat' dir='ltr'>audire,</span> <span class='ocrx_word' id='word_1_35' title='bbox 1252 500 1284 555; x_wconf 93' lang='lat' dir='ltr'>et</span> <span class='ocrx_word' id='word_1_36' title='bbox 1297 497 1366 556; x_wconf 88' lang='lat' dir='ltr'>tan-</span> 
     </span>
     <span class='ocr_line' id='line_1_5' title="bbox 85 579 1363 660; baseline 0 -16"><span class='ocrx_word' id='word_1_37' title='bbox 85 583 158 644; x_wconf 89' lang='lat' dir='ltr'>dem</span> <span class='ocrx_word' id='word_1_38' title='bbox 174 582 239 644; x_wconf 91' lang='lat' dir='ltr'>lata</span> <span class='ocrx_word' id='word_1_39' title='bbox 253 580 403 644; x_wconf 88' lang='lat' dir='ltr'>sententia</span> <span class='ocrx_word' id='word_1_40' title='bbox 417 580 504 642; x_wconf 81' lang='lat' dir='ltr'>litem</span> <span class='ocrx_word' id='word_1_41' title='bbox 519 579 656 643; x_wconf 83' lang='lat' dir='ltr'>absolute</span> <span class='ocrx_word' id='word_1_42' title='bbox 672 580 826 643; x_wconf 87' lang='lat' dir='ltr'>dirimere.</span> <span class='ocrx_word' id='word_1_43' title='bbox 843 583 988 644; x_wconf 80' lang='lat' dir='ltr'>attamen</span> <span class='ocrx_word' id='word_1_44' title='bbox 1002 599 1039 644; x_wconf 83' lang='lat' dir='ltr'>ex</span> <span class='ocrx_word' id='word_1_45' title='bbox 1053 579 1163 644; x_wconf 87' lang='lat' dir='ltr'>Gallica</span> <span class='ocrx_word' id='word_1_46' title='bbox 1182 580 1245 660; x_wconf 86' lang='lat' dir='ltr'>lege</span> <span class='ocrx_word' id='word_1_47' title='bbox 1264 580 1363 658; x_wconf 90' lang='lat' dir='ltr'>civili,</span> 
     </span>
     <span class='ocr_line' id='line_1_6' title="bbox 86 667 1364 749; baseline 0.002 -17"><span class='ocrx_word' id='word_1_48' title='bbox 86 673 122 732; x_wconf 85' lang='lat' dir='ltr'>ul</span> <span class='ocrx_word' id='word_1_49' title='bbox 136 669 210 732; x_wconf 87' lang='lat' dir='ltr'>talis</span> <span class='ocrx_word' id='word_1_50' title='bbox 222 669 374 732; x_wconf 88' lang='lat' dir='ltr'>sententia</span> <span class='ocrx_word' id='word_1_51' title='bbox 384 669 419 749; x_wconf 81' lang='lat' dir='ltr'>ip</span> <span class='ocrx_word' id='word_1_52' title='bbox 432 668 495 732; x_wconf 85' lang='lat' dir='ltr'>foro</span> <span class='ocrx_word' id='word_1_53' title='bbox 506 675 631 732; x_wconf 82' lang='lat' dir='ltr'>externo</span> <span class='ocrx_word' id='word_1_54' title='bbox 643 668 757 744; x_wconf 89' lang='lat' dir='ltr'>valeat,</span> <span class='ocrx_word' id='word_1_55' title='bbox 769 671 957 749; x_wconf 88' lang='lat' dir='ltr'>agnoscenda</span> <span class='ocrx_word' id='word_1_56' title='bbox 969 675 1015 732; x_wconf 91' lang='lat' dir='ltr'>est</span> <span class='ocrx_word' id='word_1_57' title='bbox 1027 688 1044 731; x_wconf 92' lang='lat' dir='ltr'>a</span> <span class='ocrx_word' id='word_1_58' title='bbox 1056 667 1187 732; x_wconf 88' lang='lat' dir='ltr'>Praeside</span> <span class='ocrx_word' id='word_1_59' title='bbox 1202 669 1364 734; x_wconf 89' lang='lat' dir='ltr'>tribunalis</span> 
     </span>
     <span class='ocr_line' id='line_1_7' title="bbox 82 757 892 839; baseline 0.004 -21"><span class='ocrx_word' id='word_1_60' title='bbox 82 758 194 839; x_wconf 75' lang='lat' dir='ltr'>prima</span> <span class='ocrx_word' id='word_1_61' title='bbox 210 759 366 822; x_wconf 78' lang='lat' dir='ltr'>instantior</span> <span class='ocrx_word' id='word_1_62' title='bbox 380 757 558 838; x_wconf 80' lang='lat' dir='ltr'>provincia,</span> <span class='ocrx_word' id='word_1_63' title='bbox 574 757 682 839; x_wconf 91' lang='lat' dir='ltr'>inqua</span> <span class='ocrx_word' id='word_1_64' title='bbox 694 758 757 820; x_wconf 88' lang='lat' dir='ltr'>lata</span> <span class='ocrx_word' id='word_1_65' title='bbox 769 759 821 820; x_wconf 88' lang='lat' dir='ltr'>illa</span> <span class='ocrx_word' id='word_1_66' title='bbox 835 765 892 822; x_wconf 90' lang='lat' dir='ltr'>est.</span> 
     </span>
    </p>

    <p class='ocr_par' dir='ltr' id='par_1_3' title="bbox 85 845 1365 1016">
     <span class='ocr_line' id='line_1_8' title="bbox 126 845 1365 929; baseline -0.001 -18"><span class='ocrx_word' id='word_1_67' title='bbox 126 851 158 911; x_wconf 89' lang='lat'>8.</span> <span class='ocrx_word' id='word_1_68' title='bbox 179 884 218 893; x_wconf 92' lang='lat'><em>-</em></span> <span class='ocrx_word' id='word_1_69' title='bbox 232 851 309 912; x_wconf 89' lang='lat' dir='ltr'>Cum</span> <span class='ocrx_word' id='word_1_70' title='bbox 323 845 432 910; x_wconf 75' lang='lat' dir='ltr'>arbitri</span> <span class='ocrx_word' id='word_1_71' title='bbox 445 846 589 910; x_wconf 89' lang='lat' dir='ltr'>Judicum</span> <span class='ocrx_word' id='word_1_72' title='bbox 608 864 736 910; x_wconf 87' lang='lat' dir='ltr'>munera</span> <span class='ocrx_word' id='word_1_73' title='bbox 754 847 955 927; x_wconf 72' lang='lat' dir='ltr'>adimpleant,</span> <span class='ocrx_word' id='word_1_74' title='bbox 970 849 1090 911; x_wconf 87' lang='lat' dir='ltr'>easdem</span> <span class='ocrx_word' id='word_1_75' title='bbox 1111 846 1230 910; x_wconf 75' lang='lat' dir='ltr'>circiter</span> <span class='ocrx_word' id='word_1_76' title='bbox 1251 848 1365 929; x_wconf 91' lang='lat' dir='ltr'>obliga-</span> 
     </span>
     <span class='ocr_line' id='line_1_9' title="bbox 85 935 1159 1016; baseline 0.003 -20"><span class='ocrx_word' id='word_1_77' title='bbox 85 935 203 1010; x_wconf 79' lang='lat' dir='ltr'>tiones,</span> <span class='ocrx_word' id='word_1_78' title='bbox 219 938 385 1016; x_wconf 83' lang='lat' dir='ltr'>eademque</span> <span class='ocrx_word' id='word_1_79' title='bbox 396 953 488 998; x_wconf 88' lang='lat' dir='ltr'>onera</span> <span class='ocrx_word' id='word_1_80' title='bbox 501 953 535 998; x_wconf 86' lang='lat' dir='ltr'>ac</span> <span class='ocrx_word' id='word_1_81' title='bbox 544 935 662 1016; x_wconf 86' lang='lat' dir='ltr'>judices</span> <span class='ocrx_word' id='word_1_82' title='bbox 676 935 819 998; x_wconf 91' lang='lat' dir='ltr'>subeunt.</span> <span class='ocrx_word' id='word_1_83' title='bbox 836 935 913 999; x_wconf 88' lang='lat' dir='ltr'>Hinc</span> <span class='ocrx_word' id='word_1_84' title='bbox 1157 1009 1159 1014; x_wconf 44' lang='grc'><strong>,</strong></span> 
     </span>
    </p>

    <p class='ocr_par' dir='ltr' id='par_1_4' title="bbox 86 1023 1364 1352">
     <span class='ocr_line' id='line_1_10' title="bbox 127 1023 1364 1107; baseline 0.003 -21"><span class='ocrx_word' id='word_1_85' title='bbox 127 1030 161 1086; x_wconf 78' lang='lat'>1⁰</span> <span class='ocrx_word' id='word_1_86' title='bbox 181 1028 248 1088; x_wconf 90' lang='lat' dir='ltr'>Non</span> <span class='ocrx_word' id='word_1_87' title='bbox 267 1025 380 1087; x_wconf 88' lang='lat' dir='ltr'>debent</span> <span class='ocrx_word' id='word_1_88' title='bbox 398 1023 547 1104; x_wconf 80' lang='lat' dir='ltr'>suscipere</span> <span class='ocrx_word' id='word_1_89' title='bbox 565 1024 654 1087; x_wconf 87' lang='lat' dir='ltr'>litem</span> <span class='ocrx_word' id='word_1_90' title='bbox 678 1024 726 1086; x_wconf 93' lang='lat' dir='ltr'>cui</span> <span class='ocrx_word' id='word_1_91' title='bbox 750 1024 952 1107; x_wconf 84' lang='lat' dir='ltr'>dijudicandae</span> <span class='ocrx_word' id='word_1_92' title='bbox 973 1025 1144 1089; x_wconf 88' lang='lat' dir='ltr'>doctrinam</span> <span class='ocrx_word' id='word_1_93' title='bbox 1165 1023 1364 1090; x_wconf 88' lang='lat' dir='ltr'>sufficientem</span> 
     </span>
     <span class='ocr_line' id='line_1_11' title="bbox 86 1112 1364 1195; baseline 0.003 -21"><span class='ocrx_word' id='word_1_94' title='bbox 86 1131 151 1174; x_wconf 93' lang='lat' dir='ltr'>non</span> <span class='ocrx_word' id='word_1_95' title='bbox 170 1112 303 1188; x_wconf 89' lang='lat' dir='ltr'>babent;</span> <span class='ocrx_word' id='word_1_96' title='bbox 325 1131 411 1175; x_wconf 88' lang='lat' dir='ltr'>secus</span> <span class='ocrx_word' id='word_1_97' title='bbox 428 1117 551 1192; x_wconf 86' lang='lat' dir='ltr'>peccant</span> <span class='ocrx_word' id='word_1_98' title='bbox 569 1119 674 1176; x_wconf 87' lang='lat' dir='ltr'>contra</span> <span class='ocrx_word' id='word_1_99' title='bbox 690 1113 847 1194; x_wconf 84' lang='lat' dir='ltr'>justitiam</span> <span class='ocrx_word' id='word_1_100' title='bbox 866 1113 1132 1189; x_wconf 80' lang='lat' dir='ltr'>commutativam,</span> <span class='ocrx_word' id='word_1_101' title='bbox 1152 1119 1197 1188; x_wconf 87' lang='lat' dir='ltr'>et,</span> <span class='ocrx_word' id='word_1_102' title='bbox 1214 1131 1285 1176; x_wconf 89' lang='lat' dir='ltr'>casu</span> <span class='ocrx_word' id='word_1_103' title='bbox 1303 1131 1364 1195; x_wconf 88' lang='lat' dir='ltr'>quo</span> 
     </span>
     <span class='ocr_line' id='line_1_12' title="bbox 86 1201 1364 1282; baseline 0.002 -19"><span class='ocrx_word' id='word_1_104' title='bbox 86 1202 241 1263; x_wconf 90' lang='lat' dir='ltr'>damnum</span> <span class='ocrx_word' id='word_1_105' title='bbox 255 1201 393 1282; x_wconf 88' lang='lat' dir='ltr'>partium</span> <span class='ocrx_word' id='word_1_106' title='bbox 412 1201 484 1263; x_wconf 91' lang='lat' dir='ltr'>inde</span> <span class='ocrx_word' id='word_1_107' title='bbox 502 1207 699 1264; x_wconf 87' lang='lat' dir='ltr'>consecutum</span> <span class='ocrx_word' id='word_1_108' title='bbox 716 1201 823 1276; x_wconf 78' lang='lat' dir='ltr'>buerit,</span> <span class='ocrx_word' id='word_1_109' title='bbox 840 1202 1044 1266; x_wconf 74' lang='lat' dir='ltr'>restitutionis</span> <span class='ocrx_word' id='word_1_110' title='bbox 1061 1201 1277 1282; x_wconf 82' lang='lat' dir='ltr'>obligationem</span> <span class='ocrx_word' id='word_1_111' title='bbox 1294 1221 1364 1265; x_wconf 92' lang='lat' dir='ltr'>con-</span> 
     </span>
     <span class='ocr_line' id='line_1_13' title="bbox 88 1289 230 1352; baseline -0.007 0"><span class='ocrx_word' id='word_1_112' title='bbox 88 1289 230 1352; x_wconf 84' lang='lat' dir='ltr'>trahunt.</span> 
     </span>
    </p>

    <p class='ocr_par' dir='ltr' id='par_1_5' title="bbox 87 1378 1365 1636">
     <span class='ocr_line' id='line_1_14' title="bbox 128 1378 1365 1461; baseline 0.002 -22"><span class='ocrx_word' id='word_1_113' title='bbox 128 1381 164 1439; x_wconf 75' lang='lat'>2⁰</span> <span class='ocrx_word' id='word_1_114' title='bbox 179 1378 298 1441; x_wconf 74' lang='lat' dir='ltr'>Arbitri</span> <span class='ocrx_word' id='word_1_115' title='bbox 314 1379 451 1460; x_wconf 88' lang='lat' dir='ltr'>judicare</span> <span class='ocrx_word' id='word_1_116' title='bbox 465 1384 610 1442; x_wconf 89' lang='lat' dir='ltr'>tenentur</span> <span class='ocrx_word' id='word_1_117' title='bbox 624 1383 713 1461; x_wconf 86' lang='lat' dir='ltr'>juxta</span> <span class='ocrx_word' id='word_1_118' title='bbox 734 1380 812 1459; x_wconf 88' lang='lat' dir='ltr'>leges</span> <span class='ocrx_word' id='word_1_119' title='bbox 830 1379 978 1460; x_wconf 79' lang='lat' dir='ltr'>regionis,</span> <span class='ocrx_word' id='word_1_120' title='bbox 995 1380 1056 1444; x_wconf 91' lang='lat' dir='ltr'>nisi</span> <span class='ocrx_word' id='word_1_121' title='bbox 1070 1384 1169 1460; x_wconf 84' lang='lat' dir='ltr'>partes</span> <span class='ocrx_word' id='word_1_122' title='bbox 1183 1378 1227 1442; x_wconf 90' lang='lat' dir='ltr'>eis</span> <span class='ocrx_word' id='word_1_123' title='bbox 1241 1378 1365 1442; x_wconf 88' lang='lat' dir='ltr'>faculta-</span> 
     </span>
     <span class='ocr_line' id='line_1_15' title="bbox 90 1467 1365 1549; baseline 0.003 -21"><span class='ocrx_word' id='word_1_124' title='bbox 90 1473 152 1528; x_wconf 84' lang='lat' dir='ltr'>tem</span> <span class='ocrx_word' id='word_1_125' title='bbox 169 1485 236 1528; x_wconf 87' lang='lat' dir='ltr'>rem</span> <span class='ocrx_word' id='word_1_126' title='bbox 248 1486 286 1529; x_wconf 84' lang='lat' dir='ltr'>ex</span> <span class='ocrx_word' id='word_1_127' title='bbox 297 1486 384 1549; x_wconf 85' lang='lat' dir='ltr'>aequo</span> <span class='ocrx_word' id='word_1_128' title='bbox 403 1471 432 1530; x_wconf 91' lang='lat' dir='ltr'>et</span> <span class='ocrx_word' id='word_1_129' title='bbox 445 1467 524 1530; x_wconf 93' lang='lat' dir='ltr'>bono</span> <span class='ocrx_word' id='word_1_130' title='bbox 537 1467 736 1548; x_wconf 88' lang='lat' dir='ltr'>componendi</span> <span class='ocrx_word' id='word_1_131' title='bbox 755 1467 971 1548; x_wconf 87' lang='lat' dir='ltr'>impertierint.</span> <span class='ocrx_word' id='word_1_132' title='bbox 987 1473 1074 1532; x_wconf 85' lang='lat' dir='ltr'>&#39;lunc</span> <span class='ocrx_word' id='word_1_133' title='bbox 1087 1467 1172 1532; x_wconf 90' lang='lat' dir='ltr'>enim</span> <span class='ocrx_word' id='word_1_134' title='bbox 1186 1487 1224 1530; x_wconf 82' lang='lat' dir='ltr'>ex</span> <span class='ocrx_word' id='word_1_135' title='bbox 1241 1467 1320 1540; x_wconf 88' lang='lat' dir='ltr'>bopo</span> <span class='ocrx_word' id='word_1_136' title='bbox 1334 1475 1365 1532; x_wconf 89' lang='lat' dir='ltr'>et</span> 
     </span>
     <span class='ocr_line' id='line_1_16' title="bbox 87 1555 996 1636; baseline 0 -19"><span class='ocrx_word' id='word_1_137' title='bbox 87 1573 175 1634; x_wconf 82' lang='lat' dir='ltr'>aquo</span> <span class='ocrx_word' id='word_1_138' title='bbox 190 1555 353 1636; x_wconf 85' lang='lat' dir='ltr'>utriusque</span> <span class='ocrx_word' id='word_1_139' title='bbox 367 1555 462 1636; x_wconf 89' lang='lat' dir='ltr'>partis</span> <span class='ocrx_word' id='word_1_140' title='bbox 475 1557 670 1619; x_wconf 87' lang='lat' dir='ltr'>commodmn</span> <span class='ocrx_word' id='word_1_141' title='bbox 684 1574 859 1636; x_wconf 86' lang='lat' dir='ltr'>promovere</span> <span class='ocrx_word' id='word_1_142' title='bbox 874 1557 996 1620; x_wconf 87' lang='lat' dir='ltr'>debent.</span> 
     </span>
    </p>

    <p class='ocr_par' dir='ltr' id='par_1_6' title="bbox 87 1644 1364 1902">
     <span class='ocr_line' id='line_1_17' title="bbox 126 1644 1362 1726; baseline 0 -19"><span class='ocrx_word' id='word_1_143' title='bbox 126 1649 159 1707; x_wconf 82' lang='lat'>3⁰</span> <span class='ocrx_word' id='word_1_144' title='bbox 173 1646 287 1707; x_wconf 80' lang='lat' dir='ltr'>Carere</span> <span class='ocrx_word' id='word_1_145' title='bbox 302 1662 493 1724; x_wconf 85' lang='lat' dir='ltr'>summopere</span> <span class='ocrx_word' id='word_1_146' title='bbox 508 1644 620 1708; x_wconf 83' lang='lat' dir='ltr'>debent</span> <span class='ocrx_word' id='word_1_147' title='bbox 636 1645 673 1708; x_wconf 87' lang='lat' dir='ltr'>ab</span> <span class='ocrx_word' id='word_1_148' title='bbox 686 1645 855 1725; x_wconf 81' lang='lat' dir='ltr'>acceptione</span> <span class='ocrx_word' id='word_1_149' title='bbox 868 1663 1083 1726; x_wconf 87' lang='lat' dir='ltr'>personarum,</span> <span class='ocrx_word' id='word_1_150' title='bbox 1099 1665 1138 1709; x_wconf 86' lang='lat' dir='ltr'>ne</span> <span class='ocrx_word' id='word_1_151' title='bbox 1155 1647 1269 1710; x_wconf 87' lang='lat' dir='ltr'>scilicet</span> <span class='ocrx_word' id='word_1_152' title='bbox 1283 1644 1362 1720; x_wconf 92' lang='lat' dir='ltr'>odio,</span> 
     </span>
     <span class='ocr_line' id='line_1_18' title="bbox 87 1731 1364 1816; baseline 0.002 -24"><span class='ocrx_word' id='word_1_153' title='bbox 87 1731 249 1794; x_wconf 83' lang='lat' dir='ltr'>aversione</span> <span class='ocrx_word' id='word_1_154' title='bbox 262 1736 317 1793; x_wconf 91' lang='lat' dir='ltr'>aut</span> <span class='ocrx_word' id='word_1_155' title='bbox 329 1732 426 1795; x_wconf 91' lang='lat' dir='ltr'>nimio</span> <span class='ocrx_word' id='word_1_156' title='bbox 440 1732 550 1794; x_wconf 85' lang='lat' dir='ltr'>affectu</span> <span class='ocrx_word' id='word_1_157' title='bbox 564 1732 725 1808; x_wconf 84' lang='lat' dir='ltr'>abstracti,</span> <span class='ocrx_word' id='word_1_158' title='bbox 746 1738 852 1795; x_wconf 90' lang='lat' dir='ltr'>contra</span> <span class='ocrx_word' id='word_1_159' title='bbox 870 1734 988 1812; x_wconf 90' lang='lat' dir='ltr'>regulas</span> <span class='ocrx_word' id='word_1_160' title='bbox 1007 1734 1162 1816; x_wconf 76' lang='lat' dir='ltr'>equitatis</span> <span class='ocrx_word' id='word_1_161' title='bbox 1177 1733 1364 1798; x_wconf 71' lang='lat' dir='ltr'>seuwntiam</span> 
     </span>
     <span class='ocr_line' id='line_1_19' title="bbox 88 1819 1360 1902; baseline 0 -21"><span class='ocrx_word' id='word_1_162' title='bbox 88 1819 198 1883; x_wconf 77' lang='lat' dir='ltr'>lerant.</span> <span class='ocrx_word' id='word_1_163' title='bbox 217 1820 319 1893; x_wconf 85' lang='lat' dir='ltr'>Quoad</span> <span class='ocrx_word' id='word_1_164' title='bbox 334 1827 455 1894; x_wconf 77' lang='lat' dir='ltr'>catera,</span> <span class='ocrx_word' id='word_1_165' title='bbox 472 1822 578 1883; x_wconf 88' lang='lat' dir='ltr'>cadem</span> <span class='ocrx_word' id='word_1_166' title='bbox 590 1821 717 1884; x_wconf 91' lang='lat' dir='ltr'>dicenda</span> <span class='ocrx_word' id='word_1_167' title='bbox 732 1825 806 1882; x_wconf 87' lang='lat' dir='ltr'>suut</span> <span class='ocrx_word' id='word_1_168' title='bbox 816 1822 854 1882; x_wconf 92' lang='lat' dir='ltr'>de</span> <span class='ocrx_word' id='word_1_169' title='bbox 870 1819 995 1884; x_wconf 87' lang='lat' dir='ltr'>arbitris</span> <span class='ocrx_word' id='word_1_170' title='bbox 1007 1839 1041 1882; x_wconf 89' lang='lat' dir='ltr'>ac</span> <span class='ocrx_word' id='word_1_171' title='bbox 1053 1822 1090 1884; x_wconf 91' lang='lat' dir='ltr'>de</span> <span class='ocrx_word' id='word_1_172' title='bbox 1102 1821 1178 1901; x_wconf 91' lang='lat' dir='ltr'>ipsis</span> <span class='ocrx_word' id='word_1_173' title='bbox 1193 1822 1360 1902; x_wconf 80' lang='lat' dir='ltr'>judicibus.</span> 
     </span>
    </p>
   </div>
   <div class='ocr_carea' id='block_1_3' title="bbox 606 2062 851 2138">
    <p class='ocr_par' dir='ltr' id='par_1_7' title="bbox 606 2062 851 2138">
     <span class='ocr_line' id='line_1_20' title="bbox 606 2062 851 2138; baseline -0.004 -1"><span class='ocrx_word' id='word_1_174' title='bbox 606 2063 781 2138; x_wconf 86' lang='lat' dir='ltr'>CAPUT</span> <span class='ocrx_word' id='word_1_175' title='bbox 813 2062 851 2136; x_wconf 92' lang='lat' dir='ltr'>ll</span> 
     </span>
    </p>
   </div>
   <div class='ocr_carea' id='block_1_4' title="bbox 262 2273 1190 2324">
    <p class='ocr_par' dir='ltr' id='par_1_8' title="bbox 262 2273 1190 2324">
     <span class='ocr_line' id='line_1_21' title="bbox 262 2273 1190 2324; baseline 0.001 -2"><span class='ocrx_word' id='word_1_176' title='bbox 262 2273 309 2322; x_wconf 88' lang='lat' dir='ltr'>DE</span> <span class='ocrx_word' id='word_1_177' title='bbox 335 2273 627 2324; x_wconf 78' lang='lat' dir='ltr'><strong>OBLIGATIONIBUS</strong></span> <span class='ocrx_word' id='word_1_178' title='bbox 653 2274 827 2324; x_wconf 81' lang='lat' dir='ltr'>ADVOCATl</span> <span class='ocrx_word' id='word_1_179' title='bbox 854 2274 899 2324; x_wconf 82' lang='lat' dir='ltr'>ET</span> <span class='ocrx_word' id='word_1_180' title='bbox 925 2273 1190 2324; x_wconf 75' lang='lat' dir='ltr'>puocuunronls</span> 
     </span>
    </p>
   </div>
   <div class='ocr_carea' id='block_1_5' title="bbox 216 2444 437 2525">
    <p class='ocr_par' dir='ltr' id='par_1_9' title="bbox 216 2444 437 2525">
     <span class='ocr_line' id='line_1_22' title="bbox 216 2444 437 2525; baseline -0.005 -16"><span class='ocrx_word' id='word_1_181' title='bbox 216 2444 437 2525; x_wconf 82' lang='lat' dir='ltr'>Principia.</span> 
     </span>
    </p>
   </div>
   <div class='ocr_carea' id='block_1_6' title="bbox 62 2614 1368 4552">
    <p class='ocr_par' dir='ltr' id='par_1_10' title="bbox 88 2614 1366 3050">
     <span class='ocr_line' id='line_1_23' title="bbox 128 2614 1366 2696; baseline 0.001 -20"><span class='ocrx_word' id='word_1_182' title='bbox 128 2619 160 2676; x_wconf 81' lang='grc'>9.</span> <span class='ocrx_word' id='word_1_183' title='bbox 178 2647 218 2658; x_wconf 89' lang='grc'>-</span> <span class='ocrx_word' id='word_1_184' title='bbox 232 2615 255 2674; x_wconf 94' lang='lat'>1.</span> <span class='ocrx_word' id='word_1_185' title='bbox 271 2614 418 2676; x_wconf 83' lang='lat' dir='ltr'>Advocati</span> <span class='ocrx_word' id='word_1_186' title='bbox 436 2620 467 2676; x_wconf 91' lang='lat' dir='ltr'>et</span> <span class='ocrx_word' id='word_1_187' title='bbox 480 2621 686 2695; x_wconf 87' lang='lat' dir='ltr'>procuratores</span> <span class='ocrx_word' id='word_1_188' title='bbox 704 2621 849 2678; x_wconf 55' lang='lat' dir='ltr'>‘tenentur</span> <span class='ocrx_word' id='word_1_189' title='bbox 863 2614 1034 2696; x_wconf 83' lang='lat' dir='ltr'>exjustitia</span> <span class='ocrx_word' id='word_1_190' title='bbox 1049 2614 1137 2696; x_wconf 87' lang='lat' dir='ltr'>legali</span> <span class='ocrx_word' id='word_1_191' title='bbox 1152 2633 1222 2696; x_wconf 86' lang='lat' dir='ltr'>erga</span> <span class='ocrx_word' id='word_1_192' title='bbox 1243 2615 1366 2678; x_wconf 88' lang='lat' dir='ltr'>societa-</span> 
     </span>
     <span class='ocr_line' id='line_1_24' title="bbox 90 2702 1366 2785; baseline 0.002 -21"><span class='ocrx_word' id='word_1_193' title='bbox 90 2710 170 2777; x_wconf 73' lang='lat' dir='ltr'>tum,</span> <span class='ocrx_word' id='word_1_194' title='bbox 190 2707 221 2764; x_wconf 86' lang='lat' dir='ltr'>et</span> <span class='ocrx_word' id='word_1_195' title='bbox 238 2702 416 2785; x_wconf 81' lang='lat' dir='ltr'>exjustitia</span> <span class='ocrx_word' id='word_1_196' title='bbox 436 2703 659 2766; x_wconf 69' lang='lat' dir='ltr'>commutatico</span> <span class='ocrx_word' id='word_1_197' title='bbox 677 2723 747 2784; x_wconf 88' lang='lat' dir='ltr'>erga</span> <span class='ocrx_word' id='word_1_198' title='bbox 770 2704 939 2785; x_wconf 84' lang='lat' dir='ltr'>litigantes,</span> <span class='ocrx_word' id='word_1_199' title='bbox 961 2703 1122 2766; x_wconf 85' lang='lat' dir='ltr'>scientiam</span> <span class='ocrx_word' id='word_1_200' title='bbox 1145 2707 1366 2784; x_wconf 82' lang='lat' dir='ltr'>competentem</span> 
     </span>
     <span class='ocr_line' id='line_1_25' title="bbox 89 2790 1366 2873; baseline 0 -21"><span class='ocrx_word' id='word_1_201' title='bbox 89 2790 217 2865; x_wconf 84' lang='lat' dir='ltr'>babere,</span> <span class='ocrx_word' id='word_1_202' title='bbox 239 2808 363 2854; x_wconf 87' lang='lat' dir='ltr'>causam</span> <span class='ocrx_word' id='word_1_203' title='bbox 384 2791 543 2872; x_wconf 81' lang='lat' dir='ltr'>diligentia</span> <span class='ocrx_word' id='word_1_204' title='bbox 558 2799 589 2855; x_wconf 89' lang='lat' dir='ltr'>et</span> <span class='ocrx_word' id='word_1_205' title='bbox 610 2792 712 2855; x_wconf 91' lang='lat' dir='ltr'>studio</span> <span class='ocrx_word' id='word_1_206' title='bbox 731 2793 833 2855; x_wconf 91' lang='lat' dir='ltr'>debito</span> <span class='ocrx_word' id='word_1_207' title='bbox 853 2792 1003 2873; x_wconf 87' lang='lat' dir='ltr'>suscipere</span> <span class='ocrx_word' id='word_1_208' title='bbox 1021 2810 1055 2853; x_wconf 87' lang='lat' dir='ltr'>ac</span> <span class='ocrx_word' id='word_1_209' title='bbox 1072 2791 1229 2872; x_wconf 85' lang='lat' dir='ltr'>persequi,</span> <span class='ocrx_word' id='word_1_210' title='bbox 1246 2795 1277 2853; x_wconf 85' lang='lat' dir='ltr'>et</span> <span class='ocrx_word' id='word_1_211' title='bbox 1289 2790 1366 2853; x_wconf 87' lang='lat' dir='ltr'>dila-</span> 
     </span>
     <span class='ocr_line' id='line_1_26' title="bbox 88 2878 1366 2962; baseline 0.001 -22"><span class='ocrx_word' id='word_1_212' title='bbox 88 2879 190 2942; x_wconf 88' lang='lat' dir='ltr'>tiones</span> <span class='ocrx_word' id='word_1_213' title='bbox 200 2878 396 2960; x_wconf 85' lang='lat' dir='ltr'>litigantibus</span> <span class='ocrx_word' id='word_1_214' title='bbox 409 2879 571 2943; x_wconf 88' lang='lat' dir='ltr'>damnosas</span> <span class='ocrx_word' id='word_1_215' title='bbox 585 2898 766 2961; x_wconf 77' lang='lat' dir='ltr'>precavere;</span> <span class='ocrx_word' id='word_1_216' title='bbox 785 2899 870 2944; x_wconf 75' lang='lat' dir='ltr'>secam</span> <span class='ocrx_word' id='word_1_217' title='bbox 881 2885 1023 2962; x_wconf 84' lang='lat' dir='ltr'>peccant,</span> <span class='ocrx_word' id='word_1_218' title='bbox 1039 2886 1071 2942; x_wconf 87' lang='lat' dir='ltr'>et</span> <span class='ocrx_word' id='word_1_219' title='bbox 1087 2878 1277 2943; x_wconf 89' lang='lat' dir='ltr'>restitutioni</span> <span class='ocrx_word' id='word_1_220' title='bbox 1292 2883 1366 2941; x_wconf 89' lang='lat' dir='ltr'>suut</span> 
     </span>
     <span class='ocr_line' id='line_1_27' title="bbox 88 2967 853 3050; baseline 0 -20"><span class='ocrx_word' id='word_1_221' title='bbox 88 2967 230 3042; x_wconf 85' lang='lat' dir='ltr'>obnoxii,</span> <span class='ocrx_word' id='word_1_222' title='bbox 248 2967 327 3030; x_wconf 90' lang='lat' dir='ltr'>sicut</span> <span class='ocrx_word' id='word_1_223' title='bbox 342 2986 433 3048; x_wconf 90' lang='lat' dir='ltr'>supra</span> <span class='ocrx_word' id='word_1_224' title='bbox 447 2970 483 3031; x_wconf 87' lang='lat' dir='ltr'>de</span> <span class='ocrx_word' id='word_1_225' title='bbox 494 2968 651 3050; x_wconf 86' lang='lat' dir='ltr'>judicibus</span> <span class='ocrx_word' id='word_1_226' title='bbox 665 2969 784 3032; x_wconf 86' lang='lat' dir='ltr'>dictum</span> <span class='ocrx_word' id='word_1_227' title='bbox 798 2974 853 3032; x_wconf 88' lang='lat' dir='ltr'>est.</span> 
     </span>
    </p>

    <p class='ocr_par' dir='ltr' id='par_1_11' title="bbox 87 3055 1368 3473">
     <span class='ocr_line' id='line_1_28' title="bbox 128 3055 1367 3140; baseline -0.001 -23"><span class='ocrx_word' id='word_1_228' title='bbox 128 3057 165 3117; x_wconf 87' lang='lat' dir='ltr'>ss.</span> <span class='ocrx_word' id='word_1_229' title='bbox 186 3057 222 3118; x_wconf 91' lang='lat' dir='ltr'>Iu</span> <span class='ocrx_word' id='word_1_230' title='bbox 237 3055 363 3118; x_wconf 87' lang='lat' dir='ltr'>materia</span> <span class='ocrx_word' id='word_1_231' title='bbox 382 3055 464 3120; x_wconf 91' lang='lat' dir='ltr'>civili</span> <span class='ocrx_word' id='word_1_232' title='bbox 484 3075 538 3119; x_wconf 87' lang='lat' dir='ltr'>nec</span> <span class='ocrx_word' id='word_1_233' title='bbox 556 3058 720 3121; x_wconf 80' lang='lat' dir='ltr'>advocatus</span> <span class='ocrx_word' id='word_1_234' title='bbox 739 3058 798 3132; x_wconf 88' lang='lat' dir='ltr'>rei,</span> <span class='ocrx_word' id='word_1_235' title='bbox 818 3077 873 3120; x_wconf 86' lang='lat' dir='ltr'>nec</span> <span class='ocrx_word' id='word_1_236' title='bbox 894 3059 1057 3120; x_wconf 89' lang='lat' dir='ltr'>advocatus</span> <span class='ocrx_word' id='word_1_237' title='bbox 1076 3055 1223 3140; x_wconf 86' lang='lat' dir='ltr'>generalis</span> <span class='ocrx_word' id='word_1_238' title='bbox 1242 3071 1367 3118; x_wconf 86' lang='lat' dir='ltr'>causam</span> 
     </span>
     <span class='ocr_line' id='line_1_29' title="bbox 87 3142 1368 3227; baseline -0.002 -20"><span class='ocrx_word' id='word_1_239' title='bbox 87 3151 169 3207; x_wconf 87' lang='lat' dir='ltr'>corto</span> <span class='ocrx_word' id='word_1_240' title='bbox 189 3144 338 3225; x_wconf 82' lang='lat' dir='ltr'>injustam</span> <span class='ocrx_word' id='word_1_241' title='bbox 359 3145 509 3208; x_wconf 89' lang='lat' dir='ltr'>sustinere</span> <span class='ocrx_word' id='word_1_242' title='bbox 532 3145 613 3208; x_wconf 89' lang='lat' dir='ltr'>licite</span> <span class='ocrx_word' id='word_1_243' title='bbox 633 3153 751 3226; x_wconf 88' lang='lat' dir='ltr'>potest;</span> <span class='ocrx_word' id='word_1_244' title='bbox 775 3146 801 3208; x_wconf 95' lang='lat' dir='ltr'>si</span> <span class='ocrx_word' id='word_1_245' title='bbox 820 3147 917 3227; x_wconf 88' lang='lat' dir='ltr'>igitur</span> <span class='ocrx_word' id='word_1_246' title='bbox 935 3164 1003 3208; x_wconf 90' lang='lat' dir='ltr'>eam</span> <span class='ocrx_word' id='word_1_247' title='bbox 1024 3145 1209 3210; x_wconf 78' lang='lat' dir='ltr'>defendendo</span> <span class='ocrx_word' id='word_1_248' title='bbox 1230 3142 1368 3206; x_wconf 89' lang='lat' dir='ltr'>obtineat</span> 
     </span>
     <span class='ocr_line' id='line_1_30' title="bbox 87 3230 1366 3316; baseline 0 -22"><span class='ocrx_word' id='word_1_249' title='bbox 87 3233 241 3314; x_wconf 82' lang='lat' dir='ltr'>injustam</span> <span class='ocrx_word' id='word_1_250' title='bbox 253 3234 453 3307; x_wconf 87' lang='lat' dir='ltr'>sententiam,</span> <span class='ocrx_word' id='word_1_251' title='bbox 470 3232 575 3295; x_wconf 89' lang='lat' dir='ltr'>omnia</span> <span class='ocrx_word' id='word_1_252' title='bbox 589 3233 702 3297; x_wconf 90' lang='lat' dir='ltr'>damna</span> <span class='ocrx_word' id='word_1_253' title='bbox 717 3235 790 3297; x_wconf 90' lang='lat' dir='ltr'>inde</span> <span class='ocrx_word' id='word_1_254' title='bbox 808 3235 966 3316; x_wconf 87' lang='lat' dir='ltr'>sequentia</span> <span class='ocrx_word' id='word_1_255' title='bbox 986 3253 1125 3315; x_wconf 86' lang='lat' dir='ltr'>reparare</span> <span class='ocrx_word' id='word_1_256' title='bbox 1138 3238 1270 3308; x_wconf 87' lang='lat' dir='ltr'>tenetur,</span> <span class='ocrx_word' id='word_1_257' title='bbox 1288 3230 1315 3294; x_wconf 89' lang='lat' dir='ltr'>si</span> <span class='ocrx_word' id='word_1_258' title='bbox 1328 3230 1366 3294; x_wconf 92' lang='lat' dir='ltr'>ab</span> 
     </span>
     <span class='ocr_line' id='line_1_31' title="bbox 87 3320 1366 3403; baseline -0.002 -19"><span class='ocrx_word' id='word_1_259' title='bbox 87 3321 127 3384; x_wconf 89' lang='lat' dir='ltr'>iis</span> <span class='ocrx_word' id='word_1_260' title='bbox 142 3339 207 3384; x_wconf 91' lang='lat' dir='ltr'>non</span> <span class='ocrx_word' id='word_1_261' title='bbox 219 3327 410 3402; x_wconf 88' lang='lat' dir='ltr'>reparentur,</span> <span class='ocrx_word' id='word_1_262' title='bbox 426 3321 461 3384; x_wconf 92' lang='lat' dir='ltr'>in</span> <span class='ocrx_word' id='word_1_263' title='bbox 475 3338 608 3401; x_wconf 85' lang='lat' dir='ltr'>quorum</span> <span class='ocrx_word' id='word_1_264' title='bbox 624 3325 754 3400; x_wconf 85' lang='lat' dir='ltr'>gratiam</span> <span class='ocrx_word' id='word_1_265' title='bbox 768 3323 885 3403; x_wconf 84' lang='lat' dir='ltr'>injusta</span> <span class='ocrx_word' id='word_1_266' title='bbox 899 3322 1052 3385; x_wconf 89' lang='lat' dir='ltr'>sententia</span> <span class='ocrx_word' id='word_1_267' title='bbox 1065 3321 1155 3386; x_wconf 91' lang='lat' dir='ltr'>cadit.</span> <span class='ocrx_word' id='word_1_268' title='bbox 1174 3357 1215 3368; x_wconf 89' lang='lat'><em>-</em></span> <span class='ocrx_word' id='word_1_269' title='bbox 1238 3321 1274 3382; x_wconf 89' lang='lat' dir='ltr'>S.</span> <span class='ocrx_word' id='word_1_270' title='bbox 1294 3320 1366 3400; x_wconf 74' lang='lat' dir='ltr'>Liy.</span> 
     </span>
     <span class='ocr_line' id='line_1_32' title="bbox 87 3413 262 3473; baseline 0.006 -3"><span class='ocrx_word' id='word_1_271' title='bbox 87 3430 173 3472; x_wconf 84' lang='lat' dir='ltr'>num.</span> <span class='ocrx_word' id='word_1_272' title='bbox 190 3413 262 3473; x_wconf 70' lang='lat'><strong>223.</strong></span> 
     </span>
    </p>

    <p class='ocr_par' dir='ltr' id='par_1_12' title="bbox 127 3495 1367 3580">
     <span class='ocr_line' id='line_1_33' title="bbox 127 3495 1367 3580; baseline -0.004 -20"><span class='ocrx_word' id='word_1_273' title='bbox 127 3501 155 3560; x_wconf 84' lang='grc' dir='ltr'><strong><em>Α</em></strong></span> <span class='ocrx_word' id='word_1_274' title='bbox 171 3499 297 3580; x_wconf 80' lang='lat' dir='ltr'>fortiori</span> <span class='ocrx_word' id='word_1_275' title='bbox 310 3498 344 3561; x_wconf 89' lang='lat' dir='ltr'>in</span> <span class='ocrx_word' id='word_1_276' title='bbox 358 3499 488 3561; x_wconf 88' lang='lat' dir='ltr'>materia</span> <span class='ocrx_word' id='word_1_277' title='bbox 501 3495 654 3561; x_wconf 91' lang='lat' dir='ltr'>criminali</span> <span class='ocrx_word' id='word_1_278' title='bbox 669 3514 723 3559; x_wconf 89' lang='lat' dir='ltr'>nec</span> <span class='ocrx_word' id='word_1_279' title='bbox 739 3497 902 3560; x_wconf 87' lang='lat' dir='ltr'>advocatus</span> <span class='ocrx_word' id='word_1_280' title='bbox 919 3497 1069 3578; x_wconf 90' lang='lat' dir='ltr'>suscipere</span> <span class='ocrx_word' id='word_1_281' title='bbox 1084 3501 1183 3577; x_wconf 86' lang='lat' dir='ltr'>potest</span> <span class='ocrx_word' id='word_1_282' title='bbox 1201 3500 1300 3578; x_wconf 85' lang='lat' dir='ltr'>partes</span> <span class='ocrx_word' id='word_1_283' title='bbox 1319 3509 1367 3556; x_wconf 74' lang='lat' dir='ltr'>aa</span> 
     </span>
    </p>

    <p class='ocr_par' dir='ltr' id='par_1_13' title="bbox 62 3583 1367 4285">
     <span class='ocr_line' id='line_1_34' title="bbox 86 3583 1367 3667; baseline -0.005 -19"><span class='ocrx_word' id='word_1_284' title='bbox 86 3586 238 3650; x_wconf 85' lang='lat' dir='ltr'>rnsatoris</span> <span class='ocrx_word' id='word_1_285' title='bbox 260 3587 417 3650; x_wconf 87' lang='lat' dir='ltr'>evidenter</span> <span class='ocrx_word' id='word_1_286' title='bbox 441 3585 567 3667; x_wconf 74' lang='lat' dir='ltr'>iniusti,</span> <span class='ocrx_word' id='word_1_287' title='bbox 596 3603 650 3648; x_wconf 88' lang='lat' dir='ltr'>nec</span> <span class='ocrx_word' id='word_1_288' title='bbox 677 3592 853 3666; x_wconf 89' lang='lat' dir='ltr'>procurator</span> <span class='ocrx_word' id='word_1_289' title='bbox 878 3584 1025 3664; x_wconf 86' lang='lat' dir='ltr'>generalis</span> <span class='ocrx_word' id='word_1_290' title='bbox 1050 3583 1165 3665; x_wconf 84' lang='lat' dir='ltr'>injuste</span> <span class='ocrx_word' id='word_1_291' title='bbox 1190 3587 1367 3645; x_wconf 86' lang='lat' dir='ltr'>accusatum</span> 
     </span>
     <span class='ocr_line' id='line_1_35' title="bbox 85 3667 1367 3758; baseline -0.003 -22"><span class='ocrx_word' id='word_1_292' title='bbox 85 3674 246 3756; x_wconf 85' lang='lat' dir='ltr'>persequi,</span> <span class='ocrx_word' id='word_1_293' title='bbox 263 3674 290 3738; x_wconf 89' lang='lat' dir='ltr'>si</span> <span class='ocrx_word' id='word_1_294' title='bbox 304 3678 370 3758; x_wconf 89' lang='lat' dir='ltr'>ejus</span> <span class='ocrx_word' id='word_1_295' title='bbox 384 3674 592 3738; x_wconf 85' lang='lat' dir='ltr'>innocentiam</span> <span class='ocrx_word' id='word_1_296' title='bbox 608 3673 721 3737; x_wconf 86' lang='lat' dir='ltr'>sivein</span> <span class='ocrx_word' id='word_1_297' title='bbox 738 3672 887 3756; x_wconf 88' lang='lat' dir='ltr'>principio</span> <span class='ocrx_word' id='word_1_298' title='bbox 903 3669 967 3734; x_wconf 85' lang='lat' dir='ltr'>sive</span> <span class='ocrx_word' id='word_1_299' title='bbox 986 3670 1022 3733; x_wconf 91' lang='lat' dir='ltr'>in</span> <span class='ocrx_word' id='word_1_300' title='bbox 1040 3671 1168 3732; x_wconf 88' lang='lat' dir='ltr'>decursu</span> <span class='ocrx_word' id='word_1_301' title='bbox 1185 3677 1241 3732; x_wconf 90' lang='lat' dir='ltr'>aut</span> <span class='ocrx_word' id='word_1_302' title='bbox 1258 3667 1292 3729; x_wconf 89' lang='lat' dir='ltr'>in</span> <span class='ocrx_word' id='word_1_303' title='bbox 1306 3667 1367 3732; x_wconf 88' lang='lat' dir='ltr'>fine</span> 
     </span>
     <span class='ocr_line' id='line_1_36' title="bbox 86 3760 1323 3845; baseline -0.005 -19"><span class='ocrx_word' id='word_1_304' title='bbox 86 3779 191 3826; x_wconf 79' lang='lat' dir='ltr'>causae</span> <span class='ocrx_word' id='word_1_305' title='bbox 203 3763 337 3845; x_wconf 85' lang='lat' dir='ltr'>detegat,</span> <span class='ocrx_word' id='word_1_306' title='bbox 354 3764 406 3826; x_wconf 89' lang='lat' dir='ltr'>sod</span> <span class='ocrx_word' id='word_1_307' title='bbox 419 3764 643 3827; x_wconf 84' lang='lat' dir='ltr'>accusationem</span> <span class='ocrx_word' id='word_1_308' title='bbox 662 3761 815 3844; x_wconf 89' lang='lat' dir='ltr'>inceptam</span> <span class='ocrx_word' id='word_1_309' title='bbox 830 3760 1037 3842; x_wconf 86' lang='lat' dir='ltr'>derelinquere</span> <span class='ocrx_word' id='word_1_310' title='bbox 1052 3765 1182 3840; x_wconf 87' lang='lat' dir='ltr'>uterque</span> <span class='ocrx_word' id='word_1_311' title='bbox 1192 3762 1323 3821; x_wconf 88' lang='lat' dir='ltr'>tenetur.</span> 
     </span>
     <span class='ocr_line' id='line_1_37' title="bbox 62 3846 1366 3932; baseline -0.002 -20"><span class='ocrx_word' id='word_1_312' title='bbox 62 3859 65 3864; x_wconf 73' lang='grc'>“</span> <span class='ocrx_word' id='word_1_313' title='bbox 129 3851 183 3912; x_wconf 90' lang='grc' dir='ltr'>ΠΙ.</span> <span class='ocrx_word' id='word_1_314' title='bbox 200 3853 372 3916; x_wconf 82' lang='lat' dir='ltr'>Advocatus</span> <span class='ocrx_word' id='word_1_315' title='bbox 387 3871 405 3914; x_wconf 87' lang='lat' dir='ltr'>a</span> <span class='ocrx_word' id='word_1_316' title='bbox 421 3851 528 3915; x_wconf 89' lang='lat' dir='ltr'>cliente</span> <span class='ocrx_word' id='word_1_317' title='bbox 539 3851 746 3932; x_wconf 83' lang='lat' dir='ltr'>interrogatus</span> <span class='ocrx_word' id='word_1_318' title='bbox 761 3851 849 3914; x_wconf 86' lang='lat' dir='ltr'>debet</span> <span class='ocrx_word' id='word_1_319' title='bbox 862 3853 928 3932; x_wconf 89' lang='lat' dir='ltr'>ejus</span> <span class='ocrx_word' id='word_1_320' title='bbox 942 3867 1065 3913; x_wconf 90' lang='lat' dir='ltr'>causam</span> <span class='ocrx_word' id='word_1_321' title='bbox 1080 3846 1172 3922; x_wconf 86' lang='lat' dir='ltr'>serio,</span> <span class='ocrx_word' id='word_1_322' title='bbox 1196 3851 1227 3910; x_wconf 89' lang='lat' dir='ltr'>et</span> <span class='ocrx_word' id='word_1_323' title='bbox 1245 3864 1279 3908; x_wconf 89' lang='lat' dir='ltr'>ea</span> <span class='ocrx_word' id='word_1_324' title='bbox 1297 3846 1366 3910; x_wconf 92' lang='lat' dir='ltr'>dili-</span> 
     </span>
     <span class='ocr_line' id='line_1_38' title="bbox 88 3934 1366 4021; baseline -0.005 -19"><span class='ocrx_word' id='word_1_325' title='bbox 88 3937 194 4020; x_wconf 91' lang='lat' dir='ltr'>gentia</span> <span class='ocrx_word' id='word_1_326' title='bbox 208 3957 304 4020; x_wconf 79' lang='lat' dir='ltr'>qrram</span> <span class='ocrx_word' id='word_1_327' title='bbox 316 3939 361 4002; x_wconf 91' lang='lat' dir='ltr'>rei</span> <span class='ocrx_word' id='word_1_328' title='bbox 375 3939 509 4020; x_wconf 81' lang='lat' dir='ltr'>gravitas</span> <span class='ocrx_word' id='word_1_329' title='bbox 521 3940 668 4021; x_wconf 89' lang='lat' dir='ltr'>postulat,</span> <span class='ocrx_word' id='word_1_330' title='bbox 683 3939 871 4015; x_wconf 82' lang='lat' dir='ltr'>examinare,</span> <span class='ocrx_word' id='word_1_331' title='bbox 886 3937 1063 4002; x_wconf 87' lang='lat' dir='ltr'>fidelitatem</span> <span class='ocrx_word' id='word_1_332' title='bbox 1075 3935 1120 3998; x_wconf 93' lang='lat' dir='ltr'>illi</span> <span class='ocrx_word' id='word_1_333' title='bbox 1131 3934 1366 4016; x_wconf 85' lang='lat' dir='ltr'>servare,justi-</span> 
     </span>
     <span class='ocr_line' id='line_1_39' title="bbox 87 4021 1367 4110; baseline -0.003 -21"><span class='ocrx_word' id='word_1_334' title='bbox 87 4027 167 4090; x_wconf 89' lang='lat' dir='ltr'>tiam</span> <span class='ocrx_word' id='word_1_335' title='bbox 181 4029 229 4091; x_wconf 89' lang='lat' dir='ltr'>vel</span> <span class='ocrx_word' id='word_1_336' title='bbox 245 4027 433 4110; x_wconf 90' lang='lat' dir='ltr'>injustitiam</span> <span class='ocrx_word' id='word_1_337' title='bbox 445 4028 576 4108; x_wconf 88' lang='lat' dir='ltr'>aperire,</span> <span class='ocrx_word' id='word_1_338' title='bbox 592 4035 624 4091; x_wconf 88' lang='lat' dir='ltr'>et</span> <span class='ocrx_word' id='word_1_339' title='bbox 637 4027 883 4108; x_wconf 88' lang='lat' dir='ltr'>probabilitatem</span> <span class='ocrx_word' id='word_1_340' title='bbox 897 4045 964 4089; x_wconf 87' lang='lat' dir='ltr'>earn</span> <span class='ocrx_word' id='word_1_341' title='bbox 982 4023 1141 4089; x_wconf 88' lang='lat' dir='ltr'>obtinendi</span> <span class='ocrx_word' id='word_1_342' title='bbox 1155 4031 1210 4087; x_wconf 90' lang='lat' dir='ltr'>aut</span> <span class='ocrx_word' id='word_1_343' title='bbox 1221 4021 1367 4105; x_wconf 88' lang='lat' dir='ltr'>perdendi</span> 
     </span>
     <span class='ocr_line' id='line_1_40' title="bbox 88 4111 1366 4197; baseline -0.004 -20"><span class='ocrx_word' id='word_1_344' title='bbox 88 4117 264 4197; x_wconf 86' lang='lat' dir='ltr'>scrupulose</span> <span class='ocrx_word' id='word_1_345' title='bbox 276 4116 426 4193; x_wconf 79' lang='lat' dir='ltr'>indicare3</span> <span class='ocrx_word' id='word_1_346' title='bbox 442 4115 625 4179; x_wconf 79' lang='lat' dir='ltr'>seouscnim</span> <span class='ocrx_word' id='word_1_347' title='bbox 640 4116 782 4178; x_wconf 89' lang='lat' dir='ltr'>clientem</span> <span class='ocrx_word' id='word_1_348' title='bbox 797 4119 991 4196; x_wconf 88' lang='lat' dir='ltr'>adsumptus</span> <span class='ocrx_word' id='word_1_349' title='bbox 1005 4113 1113 4176; x_wconf 87' lang='lat' dir='ltr'>inanes</span> <span class='ocrx_word' id='word_1_350' title='bbox 1127 4111 1273 4194; x_wconf 84' lang='lat' dir='ltr'>impellet,</span> <span class='ocrx_word' id='word_1_351' title='bbox 1289 4127 1366 4192; x_wconf 87' lang='lat' dir='ltr'>quos</span> 
     </span>
     <span class='ocr_line' id='line_1_41' title="bbox 88 4203 454 4285; baseline 0.003 -20"><span class='ocrx_word' id='word_1_352' title='bbox 88 4203 152 4285; x_wconf 88' lang='lat' dir='ltr'>ipse</span> <span class='ocrx_word' id='word_1_353' title='bbox 165 4204 312 4266; x_wconf 88' lang='lat' dir='ltr'>resarcire</span> <span class='ocrx_word' id='word_1_354' title='bbox 322 4210 454 4268; x_wconf 88' lang='lat' dir='ltr'>tenetur.</span> 
     </span>
    </p>

    <p class='ocr_par' dir='ltr' id='par_1_14' title="bbox 89 4287 1364 4552">
     <span class='ocr_line' id='line_1_42' title="bbox 127 4287 1364 4370; baseline -0.004 -16"><span class='ocrx_word' id='word_1_355' title='bbox 127 4294 164 4354; x_wconf 92' lang='lat' dir='ltr'>ln</span> <span class='ocrx_word' id='word_1_356' title='bbox 179 4310 271 4356; x_wconf 91' lang='lat' dir='ltr'>causa</span> <span class='ocrx_word' id='word_1_357' title='bbox 290 4300 394 4355; x_wconf 88' lang='lat' dir='ltr'>autem</span> <span class='ocrx_word' id='word_1_358' title='bbox 412 4293 539 4356; x_wconf 86' lang='lat' dir='ltr'>dicenda</span> <span class='ocrx_word' id='word_1_359' title='bbox 557 4311 661 4356; x_wconf 87' lang='lat' dir='ltr'>cavere</span> <span class='ocrx_word' id='word_1_360' title='bbox 679 4291 802 4356; x_wconf 85' lang='lat' dir='ltr'>debota</span> <span class='ocrx_word' id='word_1_361' title='bbox 820 4291 995 4366; x_wconf 82' lang='lat' dir='ltr'>fraudibus,</span> <span class='ocrx_word' id='word_1_362' title='bbox 1015 4289 1100 4354; x_wconf 88' lang='lat' dir='ltr'>lalsis</span> <span class='ocrx_word' id='word_1_363' title='bbox 1116 4287 1364 4370; x_wconf 87' lang='lat' dir='ltr'>probationibus,</span> 
     </span>
     <span class='ocr_line' id='line_1_43' title="bbox 89 4375 1364 4464; baseline -0.004 -22"><span class='ocrx_word' id='word_1_364' title='bbox 89 4379 197 4443; x_wconf 87' lang='lat' dir='ltr'>aliisve</span> <span class='ocrx_word' id='word_1_365' title='bbox 211 4379 323 4443; x_wconf 86' lang='lat' dir='ltr'>mediis</span> <span class='ocrx_word' id='word_1_366' title='bbox 336 4381 461 4464; x_wconf 81' lang='lat' dir='ltr'>injustis</span> <span class='ocrx_word' id='word_1_367' title='bbox 475 4388 579 4444; x_wconf 90' lang='lat' dir='ltr'>contra</span> <span class='ocrx_word' id='word_1_368' title='bbox 592 4389 711 4462; x_wconf 86' lang='lat' dir='ltr'>partem</span> <span class='ocrx_word' id='word_1_369' title='bbox 727 4383 900 4457; x_wconf 81' lang='lat' dir='ltr'>adversam3</span> <span class='ocrx_word' id='word_1_370' title='bbox 923 4397 1008 4442; x_wconf 90' lang='lat' dir='ltr'>secus</span> <span class='ocrx_word' id='word_1_371' title='bbox 1022 4377 1107 4442; x_wconf 89' lang='lat' dir='ltr'>enim</span> <span class='ocrx_word' id='word_1_372' title='bbox 1124 4379 1239 4459; x_wconf 87' lang='lat' dir='ltr'>pariter</span> <span class='ocrx_word' id='word_1_373' title='bbox 1259 4375 1364 4439; x_wconf 86' lang='lat' dir='ltr'>omrria</span> 
     </span>
     <span class='ocr_line' id='line_1_44' title="bbox 89 4467 848 4552; baseline 0 -20"><span class='ocrx_word' id='word_1_374' title='bbox 89 4469 207 4532; x_wconf 88' lang='lat' dir='ltr'>damna</span> <span class='ocrx_word' id='word_1_375' title='bbox 221 4467 293 4532; x_wconf 88' lang='lat' dir='ltr'>inde</span> <span class='ocrx_word' id='word_1_376' title='bbox 306 4469 463 4552; x_wconf 85' lang='lat' dir='ltr'>sequentia</span> <span class='ocrx_word' id='word_1_377' title='bbox 475 4488 668 4551; x_wconf 88' lang='lat' dir='ltr'>compensare</span> <span class='ocrx_word' id='word_1_378' title='bbox 682 4477 814 4533; x_wconf 86' lang='lat' dir='ltr'>tenetur.</span> <span class='ocrx_word' id='word_1_379' title='bbox 838 4505 848 4551; x_wconf 65' lang='lat'>3</span> 
     </span>
    </p>
   </div>
   <div class='ocr_carea' id='block_1_7' title="bbox 0 0 1606 5034">
    <p class='ocr_par' dir='ltr' id='par_1_15' title="bbox 0 0 1606 5034">
     <span class='ocr_line' id='line_1_45' title="bbox 0 0 1606 5034; baseline 0 0"><span class='ocrx_word' id='word_1_380' title='bbox 0 0 1606 5034; x_wconf 95' lang='lat' dir='ltr'> </span> 
     </span>
    </p>
   </div>
  </div>
 </body>
</html>
