<?xml version="1.0" encoding="UTF-8"?>
<!DOCTYPE html PUBLIC "-//W3C//DTD XHTML 1.0 Transitional//EN"
    "http://www.w3.org/TR/xhtml1/DTD/xhtml1-transitional.dtd">
<html xmlns="http://www.w3.org/1999/xhtml" xml:lang="en" lang="en">
 <head>
  <title>
</title>
<meta http-equiv="Content-Type" content="text/html;charset=utf-8" />
  <meta name='ocr-system' content='tesseract 3.04.00' />
  <meta name='ocr-capabilities' content='ocr_page ocr_carea ocr_par ocr_line ocrx_word'/>
</head>
<body>
  <div class='ocr_page' id='page_1' title='image "./compendiumtheol03gurygoog_0209.png"; bbox 0 0 3220 5042; ppageno 0'>
   <div class='ocr_carea' id='block_1_1' title="bbox 233 270 972 332">
    <p class='ocr_par' dir='ltr' id='par_1_1' title="bbox 233 270 972 332">
     <span class='ocr_line' id='line_1_1' title="bbox 233 270 972 332; baseline -0.009 0"><span class='ocrx_word' id='word_1_1' title='bbox 233 270 302 332; x_wconf 80' lang='lat' dir='ltr'>tao</span> <span class='ocrx_word' id='word_1_2' title='bbox 769 279 972 326; x_wconf 75' lang='lat' dir='ltr'>rnscrnrus</span> 
     </span>
    </p>
   </div>
   <div class='ocr_carea' id='block_1_2' title="bbox 231 390 1506 652">
    <p class='ocr_par' dir='ltr' id='par_1_2' title="bbox 231 390 1506 652">
     <span class='ocr_line' id='line_1_2' title="bbox 232 390 1504 478; baseline -0.002 -19"><span class='ocrx_word' id='word_1_3' title='bbox 232 400 419 478; x_wconf 73' lang='lat' dir='ltr'>preceptum</span> <span class='ocrx_word' id='word_1_4' title='bbox 435 392 631 456; x_wconf 88' lang='lat' dir='ltr'>confessionis</span> <span class='ocrx_word' id='word_1_5' title='bbox 647 409 774 464; x_wconf 73' lang='lat' dir='ltr'>annue,</span> <span class='ocrx_word' id='word_1_6' title='bbox 790 392 912 473; x_wconf 86' lang='lat' dir='ltr'>quando</span> <span class='ocrx_word' id='word_1_7' title='bbox 928 397 1016 471; x_wconf 83' lang='lat' dir='ltr'>urget</span> <span class='ocrx_word' id='word_1_8' title='bbox 1033 395 1220 471; x_wconf 71' lang='lat' dir='ltr'>preceptum</span> <span class='ocrx_word' id='word_1_9' title='bbox 1240 397 1327 452; x_wconf 87' lang='lat' dir='ltr'>actus</span> <span class='ocrx_word' id='word_1_10' title='bbox 1345 390 1504 468; x_wconf 77' lang='lat' dir='ltr'>Caritatis,</span> 
     </span>
     <span class='ocr_line' id='line_1_3' title="bbox 236 477 1506 565; baseline -0.002 -20"><span class='ocrx_word' id='word_1_11' title='bbox 236 484 360 565; x_wconf 89' lang='lat' dir='ltr'>quando</span> <span class='ocrx_word' id='word_1_12' title='bbox 374 480 444 564; x_wconf 92' lang='lat' dir='ltr'>quis</span> <span class='ocrx_word' id='word_1_13' title='bbox 457 499 529 544; x_wconf 91' lang='lat' dir='ltr'>reus</span> <span class='ocrx_word' id='word_1_14' title='bbox 541 483 653 561; x_wconf 89' lang='lat' dir='ltr'>peccati</span> <span class='ocrx_word' id='word_1_15' title='bbox 668 479 770 560; x_wconf 61' lang='lat' dir='ltr'>mavis</span> <span class='ocrx_word' id='word_1_16' title='bbox 786 482 1016 562; x_wconf 68' lang='lat' dir='ltr'><strong>Sacramentum</strong></span> <span class='ocrx_word' id='word_1_17' title='bbox 1031 484 1225 559; x_wconf 89' lang='lat' dir='ltr'>suscepturus</span> <span class='ocrx_word' id='word_1_18' title='bbox 1239 483 1295 540; x_wconf 90' lang='lat' dir='ltr'>aut</span> <span class='ocrx_word' id='word_1_19' title='bbox 1310 477 1506 543; x_wconf 89' lang='lat' dir='ltr'>ministratu-</span> 
     </span>
     <span class='ocr_line' id='line_1_4' title="bbox 231 565 1503 652; baseline -0.005 -16"><span class='ocrx_word' id='word_1_20' title='bbox 231 589 287 635; x_wconf 84' lang='lat' dir='ltr'>rus</span> <span class='ocrx_word' id='word_1_21' title='bbox 298 578 360 646; x_wconf 91' lang='lat' dir='ltr'>est,</span> <span class='ocrx_word' id='word_1_22' title='bbox 373 570 493 652; x_wconf 88' lang='lat' dir='ltr'>quoties</span> <span class='ocrx_word' id='word_1_23' title='bbox 502 568 649 650; x_wconf 77' lang='lat' dir='ltr'>recipitur</span> <span class='ocrx_word' id='word_1_24' title='bbox 658 573 890 634; x_wconf 84' lang='lat' dir='ltr'>Sacramentum</span> <span class='ocrx_word' id='word_1_25' title='bbox 900 567 1092 631; x_wconf 84' lang='lat' dir='ltr'>Poeuitentiae</span> <span class='ocrx_word' id='word_1_26' title='bbox 1100 617 1107 642; x_wconf 98' lang='lat'>,</span> <span class='ocrx_word' id='word_1_27' title='bbox 1116 567 1211 630; x_wconf 84' lang='lat' dir='ltr'>etiarn</span> <span class='ocrx_word' id='word_1_28' title='bbox 1220 565 1390 630; x_wconf 81' lang='lat' dir='ltr'>devotionis</span> <span class='ocrx_word' id='word_1_29' title='bbox 1401 585 1503 631; x_wconf 86' lang='lat' dir='ltr'>eausa.</span> 
     </span>
    </p>
   </div>
   <div class='ocr_carea' id='block_1_3' title="bbox 233 657 549 875">
    <p class='ocr_par' dir='ltr' id='par_1_3' title="bbox 233 657 549 875">
     <span class='ocr_line' id='line_1_5' title="bbox 233 657 523 742; baseline -0.01 -19"><span class='ocrx_word' id='word_1_30' title='bbox 233 696 273 707; x_wconf 92' lang='grc'><strong>-</strong></span> <span class='ocrx_word' id='word_1_31' title='bbox 295 659 332 723; x_wconf 87' lang='lat' dir='ltr'>S.</span> <span class='ocrx_word' id='word_1_32' title='bbox 347 659 431 742; x_wconf 71' lang='lat' dir='ltr'>Lip,</span> <span class='ocrx_word' id='word_1_33' title='bbox 448 657 523 720; x_wconf 77' lang='lat' dir='ltr'>ttid.</span> 
     </span>
     <span class='ocr_line' id='line_1_6' title="bbox 354 796 549 875; baseline -0.005 -14"><span class='ocrx_word' id='word_1_34' title='bbox 354 796 549 875; x_wconf 80' lang='lat' dir='ltr'>Quaestta.</span> 
     </span>
    </p>
   </div>
   <div class='ocr_carea' id='block_1_4' title="bbox 231 920 1605 1361">
    <p class='ocr_par' dir='ltr' id='par_1_4' title="bbox 232 920 1605 1097">
     <span class='ocr_line' id='line_1_7' title="bbox 273 920 1605 1006; baseline -0.003 -16"><span class='ocrx_word' id='word_1_35' title='bbox 273 931 343 990; x_wconf 95' lang='grc'><strong>444.</strong></span> <span class='ocrx_word' id='word_1_36' title='bbox 352 961 393 972; x_wconf 89' lang='grc'>-</span> <span class='ocrx_word' id='word_1_37' title='bbox 403 927 504 1001; x_wconf 76' lang='lat' dir='ltr'>Quas.</span> <span class='ocrx_word' id='word_1_38' title='bbox 517 929 550 986; x_wconf 85' lang='grc'>40</span> <span class='ocrx_word' id='word_1_39' title='bbox 563 923 613 984; x_wconf 84' lang='lat' dir='ltr'>An</span> <span class='ocrx_word' id='word_1_40' title='bbox 625 933 810 1006; x_wconf 76' lang='lat' dir='ltr'>praeceptum</span> <span class='ocrx_word' id='word_1_41' title='bbox 825 923 1017 984; x_wconf 69' lang='lat' dir='ltr'><em>contritionis</em></span> <span class='ocrx_word' id='word_1_42' title='bbox 1028 920 1141 1002; x_wconf 77' lang='lat' dir='ltr'>obliqet</span> <span class='ocrx_word' id='word_1_43' title='bbox 1153 922 1256 982; x_wconf 81' lang='lat' dir='ltr'>stotr&#39;m</span> <span class='ocrx_word' id='word_1_44' title='bbox 1267 930 1338 1004; x_wconf 88' lang='lat' dir='ltr'>post</span> <span class='ocrx_word' id='word_1_45' title='bbox 1344 933 1501 1006; x_wconf 77' lang='lat' dir='ltr'>patratum</span> <span class='ocrx_word' id='word_1_46' title='bbox 1604 965 1605 974; x_wconf 24' lang='grc' dir='ltr'><strong>κ</strong></span> 
     </span>
     <span class='ocr_line' id='line_1_8' title="bbox 232 1015 544 1097; baseline -0.01 -20"><span class='ocrx_word' id='word_1_47' title='bbox 232 1015 359 1077; x_wconf 81' lang='lat' dir='ltr'><em>mortale</em></span> <span class='ocrx_word' id='word_1_48' title='bbox 370 1015 544 1097; x_wconf 80' lang='lat' dir='ltr'>peccatum?</span> 
     </span>
    </p>

    <p class='ocr_par' dir='ltr' id='par_1_5' title="bbox 231 1098 1503 1361">
     <span class='ocr_line' id='line_1_9' title="bbox 272 1098 1502 1185; baseline 0 -20"><span class='ocrx_word' id='word_1_49' title='bbox 272 1103 361 1185; x_wconf 82' lang='lat' dir='ltr'>llcrp.</span> <span class='ocrx_word' id='word_1_50' title='bbox 379 1102 457 1184; x_wconf 74' lang='lat' dir='ltr'>Nep.</span> <span class='ocrx_word' id='word_1_51' title='bbox 476 1106 582 1164; x_wconf 89' lang='lat' dir='ltr'>contra</span> <span class='ocrx_word' id='word_1_52' title='bbox 597 1119 712 1183; x_wconf 86' lang='lat' dir='ltr'>pancos</span> <span class='ocrx_word' id='word_1_53' title='bbox 730 1099 933 1181; x_wconf 78' lang='lat' dir='ltr'>antiquiores,</span> <span class='ocrx_word' id='word_1_54' title='bbox 950 1099 1024 1181; x_wconf 90' lang='lat' dir='ltr'>quia</span> <span class='ocrx_word' id='word_1_55' title='bbox 1041 1105 1227 1180; x_wconf 72' lang='lat' dir='ltr'>preceptum</span> <span class='ocrx_word' id='word_1_56' title='bbox 1245 1098 1439 1162; x_wconf 74' lang='lat' dir='ltr'>contritionis</span> <span class='ocrx_word' id='word_1_57' title='bbox 1456 1108 1502 1165; x_wconf 88' lang='lat' dir='ltr'>est</span> 
     </span>
     <span class='ocr_line' id='line_1_10' title="bbox 231 1186 1503 1271; baseline -0.003 -15"><span class='ocrx_word' id='word_1_58' title='bbox 231 1191 468 1266; x_wconf 85' lang='lat' dir='ltr'>affirmativum,</span> <span class='ocrx_word' id='word_1_59' title='bbox 484 1207 610 1270; x_wconf 84' lang='lat' dir='ltr'>nempe,</span> <span class='ocrx_word' id='word_1_60' title='bbox 628 1190 848 1252; x_wconf 78' lang='lat' dir='ltr'>Ponitenticm</span> <span class='ocrx_word' id='word_1_61' title='bbox 866 1193 966 1271; x_wconf 60' lang='lat' dir='ltr'>apim</span> <span class='ocrx_word' id='word_1_62' title='bbox 980 1207 1068 1269; x_wconf 91' lang='lat' dir='ltr'>porro</span> <span class='ocrx_word' id='word_1_63' title='bbox 1084 1194 1269 1269; x_wconf 77' lang='lat' dir='ltr'>praeceptum</span> <span class='ocrx_word' id='word_1_64' title='bbox 1283 1186 1503 1252; x_wconf 84' lang='lat' dir='ltr'>affirmativum</span> 
     </span>
     <span class='ocr_line' id='line_1_11' title="bbox 231 1275 1501 1361; baseline -0.003 -16"><span class='ocrx_word' id='word_1_65' title='bbox 231 1299 296 1345; x_wconf 88' lang='lat' dir='ltr'>uon</span> <span class='ocrx_word' id='word_1_66' title='bbox 312 1279 427 1361; x_wconf 80' lang='lat' dir='ltr'>obligat</span> <span class='ocrx_word' id='word_1_67' title='bbox 444 1278 574 1360; x_wconf 82' lang='lat' dir='ltr'>singulis</span> <span class='ocrx_word' id='word_1_68' title='bbox 597 1277 788 1341; x_wconf 89' lang='lat' dir='ltr'>momentis:</span> <span class='ocrx_word' id='word_1_69' title='bbox 809 1295 880 1358; x_wconf 77' lang='lat' dir='ltr'>ergo</span> <span class='ocrx_word' id='word_1_70' title='bbox 898 1282 1084 1358; x_wconf 73' lang='lat' dir='ltr'>preceptum</span> <span class='ocrx_word' id='word_1_71' title='bbox 1105 1275 1298 1338; x_wconf 82' lang='lat' dir='ltr'>contritionis</span> <span class='ocrx_word' id='word_1_72' title='bbox 1317 1295 1379 1338; x_wconf 89' lang='lat' dir='ltr'>non</span> <span class='ocrx_word' id='word_1_73' title='bbox 1396 1277 1501 1342; x_wconf 88' lang='lat' dir='ltr'>statim</span> 
     </span>
    </p>
   </div>
   <div class='ocr_carea' id='block_1_5' title="bbox 230 1364 1605 1458">
    <p class='ocr_par' dir='ltr' id='par_1_6' title="bbox 230 1364 1605 1458">
     <span class='ocr_line' id='line_1_12' title="bbox 230 1364 1605 1458; baseline 0 -28"><span class='ocrx_word' id='word_1_74' title='bbox 230 1373 299 1450; x_wconf 91' lang='lat' dir='ltr'>post</span> <span class='ocrx_word' id='word_1_75' title='bbox 319 1372 476 1449; x_wconf 90' lang='lat' dir='ltr'>patratum</span> <span class='ocrx_word' id='word_1_76' title='bbox 494 1373 654 1447; x_wconf 87' lang='lat' dir='ltr'>peccatum</span> <span class='ocrx_word' id='word_1_77' title='bbox 672 1371 770 1446; x_wconf 85' lang='lat' dir='ltr'>urget.</span> <span class='ocrx_word' id='word_1_78' title='bbox 795 1369 921 1446; x_wconf 90' lang='lat' dir='ltr'>Insuper</span> <span class='ocrx_word' id='word_1_79' title='bbox 943 1365 986 1428; x_wconf 92' lang='lat' dir='ltr'>sic</span> <span class='ocrx_word' id='word_1_80' title='bbox 1010 1364 1289 1446; x_wconf 81' lang='lat' dir='ltr'>multiplicarentur</span> <span class='ocrx_word' id='word_1_81' title='bbox 1309 1371 1429 1446; x_wconf 85' lang='lat' dir='ltr'>peccate</span> <span class='ocrx_word' id='word_1_82' title='bbox 1450 1385 1501 1448; x_wconf 94' lang='lat' dir='ltr'>pro</span> <span class='ocrx_word' id='word_1_83' title='bbox 1604 1429 1605 1458; x_wconf 76' lang='lat'>,</span> 
     </span>
    </p>
   </div>
   <div class='ocr_carea' id='block_1_6' title="bbox 227 1452 1504 4638">
    <p class='ocr_par' dir='ltr' id='par_1_7' title="bbox 230 1452 1499 1624">
     <span class='ocr_line' id='line_1_13' title="bbox 230 1452 1499 1535; baseline -0.003 -15"><span class='ocrx_word' id='word_1_84' title='bbox 230 1473 361 1520; x_wconf 83' lang='lat' dir='ltr'>numero</span> <span class='ocrx_word' id='word_1_85' title='bbox 374 1453 562 1519; x_wconf 86' lang='lat' dir='ltr'>instantium</span> <span class='ocrx_word' id='word_1_86' title='bbox 575 1453 746 1530; x_wconf 88' lang='lat' dir='ltr'>dilationis;</span> <span class='ocrx_word' id='word_1_87' title='bbox 766 1454 847 1535; x_wconf 92' lang='lat' dir='ltr'>quod</span> <span class='ocrx_word' id='word_1_88' title='bbox 867 1453 971 1516; x_wconf 89' lang='lat' dir='ltr'>sensui</span> <span class='ocrx_word' id='word_1_89' title='bbox 985 1453 1143 1516; x_wconf 88' lang='lat' dir='ltr'>communi</span> <span class='ocrx_word' id='word_1_90' title='bbox 1158 1452 1295 1516; x_wconf 89' lang='lat' dir='ltr'>fidelium</span> <span class='ocrx_word' id='word_1_91' title='bbox 1311 1454 1499 1518; x_wconf 85' lang='lat' dir='ltr'>adversatur.</span> 
     </span>
     <span class='ocr_line' id='line_1_14' title="bbox 231 1542 1100 1624; baseline -0.006 -17"><span class='ocrx_word' id='word_1_92' title='bbox 231 1579 272 1590; x_wconf 87' lang='lat'>—</span> <span class='ocrx_word' id='word_1_93' title='bbox 283 1542 318 1607; x_wconf 88' lang='lat' dir='ltr'>S.</span> <span class='ocrx_word' id='word_1_94' title='bbox 331 1545 401 1624; x_wconf 72' lang='lat' dir='ltr'>tq.</span> <span class='ocrx_word' id='word_1_95' title='bbox 415 1564 446 1605; x_wconf 86' lang='lat' dir='ltr'>n.</span> <span class='ocrx_word' id='word_1_96' title='bbox 459 1542 530 1607; x_wconf 83' lang='grc'><strong>437.</strong></span> <span class='ocrx_word' id='word_1_97' title='bbox 545 1577 584 1589; x_wconf 91' lang='grc'>-</span> <span class='ocrx_word' id='word_1_98' title='bbox 598 1543 704 1618; x_wconf 77' lang='grc' dir='ltr'>Εἱὸθὶ,</span> <span class='ocrx_word' id='word_1_99' title='bbox 719 1563 749 1604; x_wconf 89' lang='lat' dir='ltr'>n.</span> <span class='ocrx_word' id='word_1_100' title='bbox 762 1547 811 1606; x_wconf 82' lang='grc'>54.</span> <span class='ocrx_word' id='word_1_101' title='bbox 822 1577 862 1587; x_wconf 88' lang='grc'>-</span> <span class='ocrx_word' id='word_1_102' title='bbox 876 1542 1026 1619; x_wconf 83' lang='lat' dir='ltr'>Btttoort,</span> <span class='ocrx_word' id='word_1_103' title='bbox 1044 1545 1100 1604; x_wconf 84' lang='lat' dir='ltr'>etc.</span> 
     </span>
    </p>

    <p class='ocr_par' dir='ltr' id='par_1_8' title="bbox 271 1629 1334 1711">
     <span class='ocr_line' id='line_1_15' title="bbox 271 1629 1334 1711; baseline -0.007 -14"><span class='ocrx_word' id='word_1_104' title='bbox 271 1634 372 1709; x_wconf 69' lang='lat' dir='ltr'>Quina.</span> <span class='ocrx_word' id='word_1_105' title='bbox 386 1637 420 1695; x_wconf 75' lang='lat'>2⁰</span> <span class='ocrx_word' id='word_1_106' title='bbox 434 1633 575 1708; x_wconf 74' lang='lat' dir='ltr'>Quaenam</span> <span class='ocrx_word' id='word_1_107' title='bbox 588 1631 694 1693; x_wconf 76' lang='lat' dir='ltr'>dilatio</span> <span class='ocrx_word' id='word_1_108' title='bbox 707 1632 897 1692; x_wconf 82' lang='lat' dir='ltr'>contritionis</span> <span class='ocrx_word' id='word_1_109' title='bbox 911 1640 1067 1710; x_wconf 83' lang='lat' dir='ltr'>peccatam</span> <span class='ocrx_word' id='word_1_110' title='bbox 1083 1649 1178 1711; x_wconf 73' lang='lat' dir='ltr'>prone</span> <span class='ocrx_word' id='word_1_111' title='bbox 1190 1629 1334 1692; x_wconf 81' lang='lat' dir='ltr'>inducat?</span> 
     </span>
    </p>

    <p class='ocr_par' dir='ltr' id='par_1_9' title="bbox 229 1718 1501 2332">
     <span class='ocr_line' id='line_1_16' title="bbox 271 1718 1501 1804; baseline 0 -20"><span class='ocrx_word' id='word_1_112' title='bbox 271 1720 361 1804; x_wconf 82' lang='lat' dir='ltr'>Resp.</span> <span class='ocrx_word' id='word_1_113' title='bbox 375 1747 386 1782; x_wconf 95' lang='lat'><em>:</em></span> <span class='ocrx_word' id='word_1_114' title='bbox 403 1725 470 1785; x_wconf 90' lang='lat' dir='ltr'>Non</span> <span class='ocrx_word' id='word_1_115' title='bbox 490 1719 678 1783; x_wconf 80' lang='lat' dir='ltr'>conveniunt</span> <span class='ocrx_word' id='word_1_116' title='bbox 697 1719 823 1799; x_wconf 82' lang='lat' dir='ltr'>theologi</span> <span class='ocrx_word' id='word_1_117' title='bbox 840 1739 847 1780; x_wconf 91' lang='lat'>:</span> <span class='ocrx_word' id='word_1_118' title='bbox 864 1718 1040 1782; x_wconf 85' lang='lat' dir='ltr'>admittitur</span> <span class='ocrx_word' id='word_1_119' title='bbox 1058 1718 1182 1798; x_wconf 90' lang='lat' dir='ltr'>quidem</span> <span class='ocrx_word' id='word_1_120' title='bbox 1203 1718 1418 1795; x_wconf 79' lang='lat' dir='ltr'>communiter,</span> <span class='ocrx_word' id='word_1_121' title='bbox 1434 1721 1501 1784; x_wconf 88' lang='lat' dir='ltr'>dari</span> 
     </span>
     <span class='ocr_line' id='line_1_17' title="bbox 230 1807 1500 1892; baseline -0.002 -18"><span class='ocrx_word' id='word_1_122' title='bbox 230 1827 355 1892; x_wconf 74' lang='lat' dir='ltr'>gravem</span> <span class='ocrx_word' id='word_1_123' title='bbox 374 1807 570 1873; x_wconf 84' lang='lat' dir='ltr'>contritionis</span> <span class='ocrx_word' id='word_1_124' title='bbox 585 1807 765 1871; x_wconf 88' lang='lat' dir='ltr'>dilationem</span> <span class='ocrx_word' id='word_1_125' title='bbox 784 1808 1021 1888; x_wconf 86' lang='lat' dir='ltr'>independenter</span> <span class='ocrx_word' id='word_1_126' title='bbox 1037 1826 1056 1869; x_wconf 94' lang='lat' dir='ltr'>a</span> <span class='ocrx_word' id='word_1_127' title='bbox 1070 1815 1218 1888; x_wconf 73' lang='lat' dir='ltr'>praecepto</span> <span class='ocrx_word' id='word_1_128' title='bbox 1234 1807 1429 1872; x_wconf 84' lang='lat' dir='ltr'>confessionis</span> <span class='ocrx_word' id='word_1_129' title='bbox 1446 1827 1500 1872; x_wconf 90' lang='lat' dir='ltr'>au·</span> 
     </span>
     <span class='ocr_line' id='line_1_18' title="bbox 229 1893 1500 1980; baseline -0.002 -18"><span class='ocrx_word' id='word_1_130' title='bbox 229 1917 316 1976; x_wconf 82' lang='lat' dir='ltr'>nuae;</span> <span class='ocrx_word' id='word_1_131' title='bbox 329 1904 446 1980; x_wconf 87' lang='lat' dir='ltr'>quante</span> <span class='ocrx_word' id='word_1_132' title='bbox 457 1902 562 1962; x_wconf 92' lang='lat' dir='ltr'>autem</span> <span class='ocrx_word' id='word_1_133' title='bbox 574 1897 681 1960; x_wconf 89' lang='lat' dir='ltr'>debeat</span> <span class='ocrx_word' id='word_1_134' title='bbox 693 1915 757 1959; x_wconf 90' lang='lat' dir='ltr'>esse</span> <span class='ocrx_word' id='word_1_135' title='bbox 766 1897 830 1960; x_wconf 81' lang='lat' dir='ltr'>hacc</span> <span class='ocrx_word' id='word_1_136' title='bbox 842 1895 956 1970; x_wconf 88' lang='lat' dir='ltr'>dilatio,</span> <span class='ocrx_word' id='word_1_137' title='bbox 966 1901 1002 1958; x_wconf 94' lang='lat' dir='ltr'>ut</span> <span class='ocrx_word' id='word_1_138' title='bbox 1014 1895 1115 1976; x_wconf 82' lang='lat' dir='ltr'>gravis</span> <span class='ocrx_word' id='word_1_139' title='bbox 1124 1902 1293 1972; x_wconf 90' lang='lat' dir='ltr'>censeatur,</span> <span class='ocrx_word' id='word_1_140' title='bbox 1304 1893 1500 1960; x_wconf 84' lang='lat' dir='ltr'>determinari</span> 
     </span>
     <span class='ocr_line' id='line_1_19' title="bbox 230 1983 1499 2067; baseline -0.001 -17"><span class='ocrx_word' id='word_1_141' title='bbox 230 1994 310 2050; x_wconf 87' lang='lat' dir='ltr'>certo</span> <span class='ocrx_word' id='word_1_142' title='bbox 324 2005 385 2050; x_wconf 92' lang='lat' dir='ltr'>uon</span> <span class='ocrx_word' id='word_1_143' title='bbox 401 1993 500 2067; x_wconf 89' lang='lat' dir='ltr'>potest</span> <span class='ocrx_word' id='word_1_144' title='bbox 512 2005 519 2048; x_wconf 92' lang='lat'>:</span> <span class='ocrx_word' id='word_1_145' title='bbox 533 1985 586 2048; x_wconf 90' lang='lat' dir='ltr'>alii</span> <span class='ocrx_word' id='word_1_146' title='bbox 600 1986 686 2048; x_wconf 89' lang='lat' dir='ltr'>illam</span> <span class='ocrx_word' id='word_1_147' title='bbox 699 1986 874 2065; x_wconf 89' lang='lat' dir='ltr'>producunt</span> <span class='ocrx_word' id='word_1_148' title='bbox 888 1986 926 2048; x_wconf 92' lang='lat' dir='ltr'>ad</span> <span class='ocrx_word' id='word_1_149' title='bbox 942 2003 1076 2060; x_wconf 91' lang='lat' dir='ltr'>annum;</span> <span class='ocrx_word' id='word_1_150' title='bbox 1090 1983 1143 2047; x_wconf 88' lang='lat' dir='ltr'>alii</span> <span class='ocrx_word' id='word_1_151' title='bbox 1156 1985 1196 2046; x_wconf 89' lang='lat' dir='ltr'>ad</span> <span class='ocrx_word' id='word_1_152' title='bbox 1211 2003 1263 2048; x_wconf 89' lang='lat' dir='ltr'>sex</span> <span class='ocrx_word' id='word_1_153' title='bbox 1277 2002 1414 2061; x_wconf 61' lang='lat' dir='ltr'>mensem</span> <span class='ocrx_word' id='word_1_154' title='bbox 1428 1986 1499 2061; x_wconf 91' lang='lat' dir='ltr'>alii,</span> 
     </span>
     <span class='ocr_line' id='line_1_20' title="bbox 229 2073 1501 2158; baseline 0.001 -19"><span class='ocrx_word' id='word_1_155' title='bbox 229 2093 301 2139; x_wconf 88' lang='lat' dir='ltr'>cum</span> <span class='ocrx_word' id='word_1_156' title='bbox 324 2076 361 2138; x_wconf 87' lang='lat' dir='ltr'>S.</span> <span class='ocrx_word' id='word_1_157' title='bbox 377 2075 460 2158; x_wconf 71' lang='lat' dir='ltr'>Lep,</span> <span class='ocrx_word' id='word_1_158' title='bbox 480 2075 519 2138; x_wconf 90' lang='lat' dir='ltr'>ad</span> <span class='ocrx_word' id='word_1_159' title='bbox 540 2091 688 2136; x_wconf 90' lang='lat' dir='ltr'>mensem.</span> <span class='ocrx_word' id='word_1_160' title='bbox 709 2077 898 2149; x_wconf 85' lang='lat' dir='ltr'>Peccatores,</span> <span class='ocrx_word' id='word_1_161' title='bbox 920 2073 1089 2154; x_wconf 73' lang='lat' dir='ltr'>pracsertim</span> <span class='ocrx_word' id='word_1_162' title='bbox 1113 2074 1218 2149; x_wconf 87' lang='lat' dir='ltr'>rudes,</span> <span class='ocrx_word' id='word_1_163' title='bbox 1240 2073 1278 2136; x_wconf 90' lang='lat' dir='ltr'>ab</span> <span class='ocrx_word' id='word_1_164' title='bbox 1301 2073 1359 2136; x_wconf 91' lang='lat' dir='ltr'>hoc</span> <span class='ocrx_word' id='word_1_165' title='bbox 1381 2081 1501 2153; x_wconf 84' lang='lat' dir='ltr'>peccato</span> 
     </span>
     <span class='ocr_line' id='line_1_21' title="bbox 230 2160 1501 2244; baseline -0.003 -16"><span class='ocrx_word' id='word_1_166' title='bbox 230 2164 332 2228; x_wconf 78' lang='lat' dir='ltr'>dilata</span> <span class='ocrx_word' id='word_1_167' title='bbox 357 2161 563 2244; x_wconf 72' lang='lat' dir='ltr'>poenitentias,</span> <span class='ocrx_word' id='word_1_168' title='bbox 586 2162 624 2224; x_wconf 88' lang='lat' dir='ltr'>ab</span> <span class='ocrx_word' id='word_1_169' title='bbox 646 2162 920 2235; x_wconf 89' lang='lat' dir='ltr'>inadverteutiam,</span> <span class='ocrx_word' id='word_1_170' title='bbox 943 2168 980 2224; x_wconf 92' lang='lat' dir='ltr'>ut</span> <span class='ocrx_word' id='word_1_171' title='bbox 1002 2160 1190 2242; x_wconf 88' lang='lat' dir='ltr'>plurimum,</span> <span class='ocrx_word' id='word_1_172' title='bbox 1212 2161 1276 2224; x_wconf 90' lang='lat' dir='ltr'>imo</span> <span class='ocrx_word' id='word_1_173' title='bbox 1298 2161 1361 2224; x_wconf 84' lang='lat' dir='ltr'>lere</span> <span class='ocrx_word' id='word_1_174' title='bbox 1383 2181 1501 2244; x_wconf 82' lang='lat' dir='ltr'>semper</span> 
     </span>
     <span class='ocr_line' id='line_1_22' title="bbox 229 2247 950 2332; baseline -0.008 -16"><span class='ocrx_word' id='word_1_175' title='bbox 229 2251 370 2316; x_wconf 72' lang='lat' dir='ltr'>excusari</span> <span class='ocrx_word' id='word_1_176' title='bbox 383 2256 530 2332; x_wconf 83' lang='lat' dir='ltr'>possunt,</span> <span class='ocrx_word' id='word_1_177' title='bbox 546 2254 582 2312; x_wconf 93' lang='lat' dir='ltr'>ut</span> <span class='ocrx_word' id='word_1_178' title='bbox 594 2248 669 2311; x_wconf 91' lang='lat' dir='ltr'>dicit</span> <span class='ocrx_word' id='word_1_179' title='bbox 682 2247 719 2312; x_wconf 88' lang='lat' dir='ltr'>S.</span> <span class='ocrx_word' id='word_1_180' title='bbox 733 2250 818 2328; x_wconf 68' lang='lat' dir='ltr'>Lip,</span> <span class='ocrx_word' id='word_1_181' title='bbox 832 2270 864 2312; x_wconf 87' lang='lat' dir='ltr'>n.</span> <span class='ocrx_word' id='word_1_182' title='bbox 880 2254 950 2314; x_wconf 79' lang='grc'><strong>437.</strong></span> 
     </span>
    </p>

    <p class='ocr_par' dir='ltr' id='par_1_10' title="bbox 228 2336 1501 2596">
     <span class='ocr_line' id='line_1_23' title="bbox 269 2336 1499 2421; baseline 0.001 -18"><span class='ocrx_word' id='word_1_183' title='bbox 269 2345 339 2403; x_wconf 80' lang='grc'><strong>445.</strong></span> <span class='ocrx_word' id='word_1_184' title='bbox 354 2373 391 2385; x_wconf 89' lang='grc'><strong>-</strong></span> <span class='ocrx_word' id='word_1_185' title='bbox 407 2341 511 2415; x_wconf 69' lang='lat' dir='ltr'>Quiza,</span> <span class='ocrx_word' id='word_1_186' title='bbox 528 2342 560 2400; x_wconf 92' lang='grc'>30</span> <span class='ocrx_word' id='word_1_187' title='bbox 574 2336 622 2398; x_wconf 85' lang='lat' dir='ltr'>An</span> <span class='ocrx_word' id='word_1_188' title='bbox 640 2336 708 2414; x_wconf 75' lang='lat' dir='ltr'>itte,</span> <span class='ocrx_word' id='word_1_189' title='bbox 728 2339 783 2419; x_wconf 84' lang='lat' dir='ltr'>qni</span> <span class='ocrx_word' id='word_1_190' title='bbox 798 2341 830 2398; x_wconf 85' lang='lat' dir='ltr'>in</span> <span class='ocrx_word' id='word_1_191' title='bbox 850 2337 979 2399; x_wconf 79' lang='lat' dir='ltr'>articulo</span> <span class='ocrx_word' id='word_1_192' title='bbox 997 2340 1106 2400; x_wconf 82' lang='lat' dir='ltr'>mortis</span> <span class='ocrx_word' id='word_1_193' title='bbox 1122 2339 1249 2421; x_wconf 75' lang='lat' dir='ltr'>suscepit</span> <span class='ocrx_word' id='word_1_194' title='bbox 1269 2337 1499 2404; x_wconf 75' lang='lat' dir='ltr'>Sacramentum</span> 
     </span>
     <span class='ocr_line' id='line_1_24' title="bbox 228 2427 1501 2508; baseline 0.002 -20"><span class='ocrx_word' id='word_1_195' title='bbox 228 2428 417 2490; x_wconf 80' lang='lat' dir='ltr'>Poenitentiae</span> <span class='ocrx_word' id='word_1_196' title='bbox 434 2445 499 2487; x_wconf 88' lang='lat' dir='ltr'>cnm</span> <span class='ocrx_word' id='word_1_197' title='bbox 518 2428 675 2488; x_wconf 81' lang='lat' dir='ltr'>attritione</span> <span class='ocrx_word' id='word_1_198' title='bbox 690 2427 825 2507; x_wconf 74' lang='lat' dir='ltr'>coquito,</span> <span class='ocrx_word' id='word_1_199' title='bbox 848 2436 986 2487; x_wconf 83' lang='lat' dir='ltr'>teneatur</span> <span class='ocrx_word' id='word_1_200' title='bbox 1002 2428 1123 2508; x_wconf 78' lang='lat' dir='ltr'>insuper</span> <span class='ocrx_word' id='word_1_201' title='bbox 1140 2427 1247 2489; x_wconf 83' lang='lat' dir='ltr'>elicere</span> <span class='ocrx_word' id='word_1_202' title='bbox 1268 2437 1368 2489; x_wconf 82' lang='lat' dir='ltr'>actum</span> <span class='ocrx_word' id='word_1_203' title='bbox 1386 2429 1501 2492; x_wconf 83' lang='lat' dir='ltr'>contri-</span> 
     </span>
     <span class='ocr_line' id='line_1_25' title="bbox 231 2509 878 2596; baseline -0.003 -20"><span class='ocrx_word' id='word_1_204' title='bbox 231 2515 319 2577; x_wconf 79' lang='lat' dir='ltr'>tionis</span> <span class='ocrx_word' id='word_1_205' title='bbox 329 2513 498 2596; x_wconf 78' lang='lat' dir='ltr'>perfecta?</span> <span class='ocrx_word' id='word_1_206' title='bbox 874 2509 878 2522; x_wconf 86' lang='lat'>&#39;</span> 
     </span>
    </p>

    <p class='ocr_par' dir='ltr' id='par_1_11' title="bbox 227 2601 1502 2860">
     <span class='ocr_line' id='line_1_26' title="bbox 269 2601 1502 2686; baseline 0.003 -20"><span class='ocrx_word' id='word_1_207' title='bbox 269 2601 358 2686; x_wconf 74' lang='lat' dir='ltr'>Hesp.</span> <span class='ocrx_word' id='word_1_208' title='bbox 374 2611 403 2666; x_wconf 86' lang='lat' dir='ltr'>t⁰</span> <span class='ocrx_word' id='word_1_209' title='bbox 417 2622 424 2665; x_wconf 91' lang='lat'><strong>:</strong></span> <span class='ocrx_word' id='word_1_210' title='bbox 440 2605 506 2666; x_wconf 88' lang='lat' dir='ltr'>Non</span> <span class='ocrx_word' id='word_1_211' title='bbox 519 2602 642 2666; x_wconf 86' lang='lat' dir='ltr'>ridetur</span> <span class='ocrx_word' id='word_1_212' title='bbox 654 2603 751 2665; x_wconf 87' lang='lat' dir='ltr'>teneri</span> <span class='ocrx_word' id='word_1_213' title='bbox 764 2604 803 2665; x_wconf 97' lang='grc'>44</span> <span class='ocrx_word' id='word_1_214' title='bbox 816 2609 918 2666; x_wconf 87' lang='lat' dir='ltr'>actum</span> <span class='ocrx_word' id='word_1_215' title='bbox 933 2602 1126 2668; x_wconf 88' lang='lat' dir='ltr'>contritionis</span> <span class='ocrx_word' id='word_1_216' title='bbox 1139 2604 1331 2686; x_wconf 84' lang='lat' dir='ltr'>explicitum,</span> <span class='ocrx_word' id='word_1_217' title='bbox 1347 2623 1421 2668; x_wconf 91' lang='lat' dir='ltr'>cum</span> <span class='ocrx_word' id='word_1_218' title='bbox 1438 2625 1502 2670; x_wconf 77' lang='lat' dir='ltr'>mc</span> 
     </span>
     <span class='ocr_line' id='line_1_27' title="bbox 227 2689 1500 2774; baseline 0.004 -21"><span class='ocrx_word' id='word_1_219' title='bbox 227 2690 334 2762; x_wconf 83' lang='lat' dir='ltr'>raliter</span> <span class='ocrx_word' id='word_1_220' title='bbox 351 2697 452 2756; x_wconf 88' lang='lat' dir='ltr'>certus</span> <span class='ocrx_word' id='word_1_221' title='bbox 474 2690 515 2754; x_wconf 89' lang='lat' dir='ltr'>sit</span> <span class='ocrx_word' id='word_1_222' title='bbox 534 2709 566 2754; x_wconf 92' lang='lat' dir='ltr'>se</span> <span class='ocrx_word' id='word_1_223' title='bbox 583 2689 678 2754; x_wconf 81' lang='lat' dir='ltr'>misse</span> <span class='ocrx_word' id='word_1_224' title='bbox 694 2691 899 2774; x_wconf 87' lang='lat' dir='ltr'>justificatum</span> <span class='ocrx_word' id='word_1_225' title='bbox 918 2710 971 2772; x_wconf 91' lang='lat' dir='ltr'>per</span> <span class='ocrx_word' id='word_1_226' title='bbox 984 2692 1081 2754; x_wconf 87' lang='lat' dir='ltr'>solam</span> <span class='ocrx_word' id='word_1_227' title='bbox 1095 2693 1288 2757; x_wconf 82' lang='lat' dir='ltr'>attritionem</span> <span class='ocrx_word' id='word_1_228' title='bbox 1306 2711 1378 2756; x_wconf 90' lang='lat' dir='ltr'>cum</span> <span class='ocrx_word' id='word_1_229' title='bbox 1397 2697 1500 2758; x_wconf 86' lang='lat' dir='ltr'>Sacra-</span> 
     </span>
     <span class='ocr_line' id='line_1_28' title="bbox 227 2779 1207 2860; baseline 0 -16"><span class='ocrx_word' id='word_1_230' title='bbox 227 2785 343 2846; x_wconf 80' lang='lat' dir='ltr'>menta.</span> <span class='ocrx_word' id='word_1_231' title='bbox 360 2817 399 2826; x_wconf 92' lang='lat'><em>-</em></span> <span class='ocrx_word' id='word_1_232' title='bbox 412 2781 463 2843; x_wconf 88' lang='lat' dir='ltr'>Ita</span> <span class='ocrx_word' id='word_1_233' title='bbox 476 2780 574 2860; x_wconf 73' lang='lat' dir='ltr'>Lupo,</span> <span class='ocrx_word' id='word_1_234' title='bbox 592 2789 620 2840; x_wconf 91' lang='lat' dir='ltr'>et</span> <span class='ocrx_word' id='word_1_235' title='bbox 634 2779 691 2841; x_wconf 81' lang='lat' dir='ltr'>clii</span> <span class='ocrx_word' id='word_1_236' title='bbox 705 2784 905 2842; x_wconf 75' lang='lat' dir='ltr'>communiter</span> <span class='ocrx_word' id='word_1_237' title='bbox 918 2787 1024 2844; x_wconf 89' lang='lat' dir='ltr'>contra</span> <span class='ocrx_word' id='word_1_238' title='bbox 1037 2781 1207 2844; x_wconf 78' lang='lat' dir='ltr'>nonnullos.</span> 
     </span>
    </p>

    <p class='ocr_par' dir='ltr' id='par_1_12' title="bbox 227 2867 1503 3392">
     <span class='ocr_line' id='line_1_29' title="bbox 268 2867 1503 2952; baseline 0.002 -20"><span class='ocrx_word' id='word_1_239' title='bbox 268 2867 360 2952; x_wconf 75' lang='lat' dir='ltr'>Hesp.</span> <span class='ocrx_word' id='word_1_240' title='bbox 375 2874 408 2934; x_wconf 73' lang='grc'>40</span> <span class='ocrx_word' id='word_1_241' title='bbox 423 2889 431 2931; x_wconf 92' lang='lat'><strong>:</strong></span> <span class='ocrx_word' id='word_1_242' title='bbox 447 2871 581 2931; x_wconf 86' lang='lat' dir='ltr'>&#39;leuetur</span> <span class='ocrx_word' id='word_1_243' title='bbox 595 2873 697 2931; x_wconf 90' lang='lat' dir='ltr'>autem</span> <span class='ocrx_word' id='word_1_244' title='bbox 714 2871 805 2950; x_wconf 83' lang='lat' dir='ltr'>juxta</span> <span class='ocrx_word' id='word_1_245' title='bbox 820 2870 968 2948; x_wconf 90' lang='lat' dir='ltr'>quosdam</span> <span class='ocrx_word' id='word_1_246' title='bbox 983 2889 1040 2948; x_wconf 85' lang='lat' dir='ltr'>per</span> <span class='ocrx_word' id='word_1_247' title='bbox 1053 2870 1208 2944; x_wconf 72' lang='lat' dir='ltr'>occidem,</span> <span class='ocrx_word' id='word_1_248' title='bbox 1225 2870 1251 2932; x_wconf 90' lang='lat' dir='ltr'>si</span> <span class='ocrx_word' id='word_1_249' title='bbox 1272 2877 1348 2932; x_wconf 91' lang='lat' dir='ltr'>tunc</span> <span class='ocrx_word' id='word_1_250' title='bbox 1364 2880 1503 2935; x_wconf 90' lang='lat' dir='ltr'>occurrat</span> 
     </span>
     <span class='ocr_line' id='line_1_30' title="bbox 228 2956 1499 3041; baseline 0 -18"><span class='ocrx_word' id='word_1_251' title='bbox 228 2957 377 3024; x_wconf 85' lang='lat' dir='ltr'>memoria</span> <span class='ocrx_word' id='word_1_252' title='bbox 390 2957 519 3039; x_wconf 88' lang='lat' dir='ltr'>peccati,</span> <span class='ocrx_word' id='word_1_253' title='bbox 531 2956 666 3030; x_wconf 89' lang='lat' dir='ltr'>ratione,</span> <span class='ocrx_word' id='word_1_254' title='bbox 678 2957 842 3038; x_wconf 86' lang='lat' dir='ltr'>inquiunt,</span> <span class='ocrx_word' id='word_1_255' title='bbox 857 2958 997 3038; x_wconf 72' lang='lat' dir='ltr'>praecepti</span> <span class='ocrx_word' id='word_1_256' title='bbox 1009 2958 1151 3022; x_wconf 82' lang='lat' dir='ltr'>Caritatis</span> <span class='ocrx_word' id='word_1_257' title='bbox 1165 2957 1302 3039; x_wconf 78' lang='lat' dir='ltr'>perfecta</span> <span class='ocrx_word' id='word_1_258' title='bbox 1316 2961 1398 3039; x_wconf 61' lang='lat' dir='ltr'>quod,</span> <span class='ocrx_word' id='word_1_259' title='bbox 1413 2967 1499 3041; x_wconf 80' lang='lat' dir='ltr'>urget</span> 
     </span>
     <span class='ocr_line' id='line_1_31' title="bbox 227 3043 1500 3128; baseline 0.002 -19"><span class='ocrx_word' id='word_1_260' title='bbox 227 3047 385 3128; x_wconf 88' lang='lat' dir='ltr'>imprimis</span> <span class='ocrx_word' id='word_1_261' title='bbox 401 3046 435 3108; x_wconf 92' lang='lat' dir='ltr'>in</span> <span class='ocrx_word' id='word_1_262' title='bbox 448 3045 577 3108; x_wconf 89' lang='lat' dir='ltr'>articulo</span> <span class='ocrx_word' id='word_1_263' title='bbox 590 3043 713 3120; x_wconf 89' lang='lat' dir='ltr'>mortis,</span> <span class='ocrx_word' id='word_1_264' title='bbox 730 3051 762 3107; x_wconf 90' lang='lat' dir='ltr'>et</span> <span class='ocrx_word' id='word_1_265' title='bbox 775 3045 823 3106; x_wconf 91' lang='lat' dir='ltr'>cui</span> <span class='ocrx_word' id='word_1_266' title='bbox 839 3046 1043 3108; x_wconf 89' lang='lat' dir='ltr'>moribundus</span> <span class='ocrx_word' id='word_1_267' title='bbox 1057 3065 1118 3109; x_wconf 92' lang='lat' dir='ltr'>uon</span> <span class='ocrx_word' id='word_1_268' title='bbox 1134 3045 1334 3122; x_wconf 88' lang='lat' dir='ltr'>satisfaceret,</span> <span class='ocrx_word' id='word_1_269' title='bbox 1351 3048 1376 3109; x_wconf 90' lang='lat' dir='ltr'>si</span> <span class='ocrx_word' id='word_1_270' title='bbox 1392 3067 1428 3111; x_wconf 84' lang='lat' dir='ltr'>ex</span> <span class='ocrx_word' id='word_1_271' title='bbox 1444 3053 1500 3112; x_wconf 83' lang='lat' dir='ltr'>Ga-</span> 
     </span>
     <span class='ocr_line' id='line_1_32' title="bbox 227 3134 1498 3217; baseline -0.001 -17"><span class='ocrx_word' id='word_1_272' title='bbox 227 3135 331 3200; x_wconf 85' lang='lat' dir='ltr'>ritatis</span> <span class='ocrx_word' id='word_1_273' title='bbox 349 3134 465 3198; x_wconf 86' lang='lat' dir='ltr'>motivo</span> <span class='ocrx_word' id='word_1_274' title='bbox 483 3138 641 3215; x_wconf 85' lang='lat' dir='ltr'>peccatum</span> <span class='ocrx_word' id='word_1_275' title='bbox 657 3151 749 3196; x_wconf 91' lang='lat' dir='ltr'>suum</span> <span class='ocrx_word' id='word_1_276' title='bbox 769 3151 831 3195; x_wconf 90' lang='lat' dir='ltr'>nou</span> <span class='ocrx_word' id='word_1_277' title='bbox 846 3135 1057 3197; x_wconf 87' lang='lat' dir='ltr'>detestaretur.</span> <span class='ocrx_word' id='word_1_278' title='bbox 1074 3134 1230 3216; x_wconf 89' lang='lat' dir='ltr'>Quidquid</span> <span class='ocrx_word' id='word_1_279' title='bbox 1249 3135 1304 3210; x_wconf 85' lang='lat' dir='ltr'>sit,</span> <span class='ocrx_word' id='word_1_280' title='bbox 1322 3136 1446 3217; x_wconf 80' lang='lat' dir='ltr'>expedit</span> <span class='ocrx_word' id='word_1_281' title='bbox 1463 3143 1498 3200; x_wconf 91' lang='lat' dir='ltr'>ut</span> 
     </span>
     <span class='ocr_line' id='line_1_33' title="bbox 227 3222 1499 3304; baseline 0.002 -17"><span class='ocrx_word' id='word_1_282' title='bbox 227 3223 406 3287; x_wconf 86' lang='lat' dir='ltr'>moribundi</span> <span class='ocrx_word' id='word_1_283' title='bbox 421 3222 606 3295; x_wconf 83' lang='lat' dir='ltr'>excitentur,</span> <span class='ocrx_word' id='word_1_284' title='bbox 623 3227 777 3302; x_wconf 88' lang='lat' dir='ltr'>qnantum</span> <span class='ocrx_word' id='word_1_285' title='bbox 792 3222 857 3284; x_wconf 86' lang='lat' dir='ltr'>fieri</span> <span class='ocrx_word' id='word_1_286' title='bbox 871 3227 982 3304; x_wconf 89' lang='lat' dir='ltr'>potest,</span> <span class='ocrx_word' id='word_1_287' title='bbox 999 3229 1069 3286; x_wconf 89' lang='lat' dir='ltr'>tum</span> <span class='ocrx_word' id='word_1_288' title='bbox 1083 3225 1121 3285; x_wconf 92' lang='lat' dir='ltr'>ad</span> <span class='ocrx_word' id='word_1_289' title='bbox 1135 3230 1239 3286; x_wconf 90' lang='lat' dir='ltr'>actum</span> <span class='ocrx_word' id='word_1_290' title='bbox 1252 3223 1413 3301; x_wconf 84' lang='lat' dir='ltr'>Caritatis,</span> <span class='ocrx_word' id='word_1_291' title='bbox 1431 3233 1499 3289; x_wconf 91' lang='lat' dir='ltr'>tum</span> 
     </span>
     <span class='ocr_line' id='line_1_34' title="bbox 228 3309 1076 3392; baseline -0.005 -15"><span class='ocrx_word' id='word_1_292' title='bbox 228 3314 268 3378; x_wconf 85' lang='lat' dir='ltr'>ad</span> <span class='ocrx_word' id='word_1_293' title='bbox 281 3318 386 3376; x_wconf 85' lang='lat' dir='ltr'>actum</span> <span class='ocrx_word' id='word_1_294' title='bbox 399 3310 592 3376; x_wconf 88' lang='lat' dir='ltr'>contritionis</span> <span class='ocrx_word' id='word_1_295' title='bbox 606 3309 752 3391; x_wconf 72' lang='lat' dir='ltr'>periectas.</span> <span class='ocrx_word' id='word_1_296' title='bbox 769 3347 808 3356; x_wconf 94' lang='lat'><em>-</em></span> <span class='ocrx_word' id='word_1_297' title='bbox 825 3311 860 3374; x_wconf 90' lang='lat' dir='ltr'>S.</span> <span class='ocrx_word' id='word_1_298' title='bbox 878 3313 946 3392; x_wconf 79' lang='lat' dir='ltr'>Lz&#39;p.</span> <span class='ocrx_word' id='word_1_299' title='bbox 962 3333 996 3373; x_wconf 90' lang='lat' dir='ltr'>n.</span> <span class='ocrx_word' id='word_1_300' title='bbox 1007 3317 1076 3375; x_wconf 83' lang='grc'><strong>437.</strong></span> 
     </span>
    </p>

    <p class='ocr_par' dir='ltr' id='par_1_13' title="bbox 228 3399 1501 3574">
     <span class='ocr_line' id='line_1_35' title="bbox 268 3399 1501 3483; baseline 0.002 -20"><span class='ocrx_word' id='word_1_301' title='bbox 268 3401 369 3477; x_wconf 74' lang='lat' dir='ltr'>Qrma.</span> <span class='ocrx_word' id='word_1_302' title='bbox 387 3405 420 3463; x_wconf 92' lang='grc'><strong>40</strong></span> <span class='ocrx_word' id='word_1_303' title='bbox 435 3403 501 3479; x_wconf 84' lang='lat' dir='ltr'>An,</span> <span class='ocrx_word' id='word_1_304' title='bbox 519 3399 560 3461; x_wconf 83' lang='lat' dir='ltr'>ad</span> <span class='ocrx_word' id='word_1_305' title='bbox 574 3400 805 3481; x_wconf 76' lang='lat' dir='ltr'>consequendam</span> <span class='ocrx_word' id='word_1_306' title='bbox 821 3402 954 3481; x_wconf 76' lang='lat' dir='ltr'>qratiam</span> <span class='ocrx_word' id='word_1_307' title='bbox 971 3405 1003 3462; x_wconf 86' lang='lat' dir='ltr'>in</span> <span class='ocrx_word' id='word_1_308' title='bbox 1016 3400 1225 3479; x_wconf 83' lang='lat' dir='ltr'>Sacramento,</span> <span class='ocrx_word' id='word_1_309' title='bbox 1238 3403 1501 3483; x_wconf 70' lang='lat' dir='ltr'>praesentatorem</span> 
     </span>
     <span class='ocr_line' id='line_1_36' title="bbox 228 3487 942 3574; baseline -0.004 -21"><span class='ocrx_word' id='word_1_310' title='bbox 228 3493 427 3574; x_wconf 72' lang='lat' dir='ltr'>requirantur</span> <span class='ocrx_word' id='word_1_311' title='bbox 441 3499 525 3552; x_wconf 83' lang='lat' dir='ltr'>actus</span> <span class='ocrx_word' id='word_1_312' title='bbox 539 3487 685 3570; x_wconf 75' lang='lat' dir='ltr'>expliciti</span> <span class='ocrx_word' id='word_1_313' title='bbox 700 3489 792 3550; x_wconf 82' lang='lat' dir='ltr'>Fidei</span> <span class='ocrx_word' id='word_1_314' title='bbox 803 3499 832 3550; x_wconf 85' lang='lat' dir='ltr'>et</span> <span class='ocrx_word' id='word_1_315' title='bbox 846 3488 870 3550; x_wconf 93' lang='lat' dir='ltr'><strong><em>S</em></strong></span> <span class='ocrx_word' id='word_1_316' title='bbox 870 3491 923 3570; x_wconf 80' lang='lat' dir='ltr'>poi</span> <span class='ocrx_word' id='word_1_317' title='bbox 928 3489 942 3549; x_wconf 87' lang='lat' dir='ltr'>l</span> 
     </span>
    </p>

    <p class='ocr_par' dir='ltr' id='par_1_14' title="bbox 228 3575 1503 4091">
     <span class='ocr_line' id='line_1_37' title="bbox 268 3575 1502 3661; baseline 0.003 -21"><span class='ocrx_word' id='word_1_318' title='bbox 268 3579 359 3661; x_wconf 80' lang='lat' dir='ltr'>Resp.</span> <span class='ocrx_word' id='word_1_319' title='bbox 371 3577 447 3661; x_wconf 74' lang='lat' dir='ltr'>Nep.</span> <span class='ocrx_word' id='word_1_320' title='bbox 462 3576 551 3642; x_wconf 83' lang='lat' dir='ltr'>Ratio</span> <span class='ocrx_word' id='word_1_321' title='bbox 564 3583 626 3652; x_wconf 88' lang='lat' dir='ltr'>est,</span> <span class='ocrx_word' id='word_1_322' title='bbox 638 3575 712 3656; x_wconf 93' lang='lat' dir='ltr'>quia</span> <span class='ocrx_word' id='word_1_323' title='bbox 726 3578 810 3640; x_wconf 90' lang='lat' dir='ltr'>nullo</span> <span class='ocrx_word' id='word_1_324' title='bbox 824 3577 972 3657; x_wconf 87' lang='lat' dir='ltr'>probabili</span> <span class='ocrx_word' id='word_1_325' title='bbox 986 3583 1167 3659; x_wconf 83' lang='lat' dir='ltr'>argumento</span> <span class='ocrx_word' id='word_1_326' title='bbox 1180 3579 1301 3660; x_wconf 87' lang='lat' dir='ltr'>probari</span> <span class='ocrx_word' id='word_1_327' title='bbox 1312 3585 1429 3660; x_wconf 87' lang='lat' dir='ltr'>potest,</span> <span class='ocrx_word' id='word_1_328' title='bbox 1443 3581 1502 3644; x_wconf 87' lang='lat' dir='ltr'>hos</span> 
     </span>
     <span class='ocr_line' id='line_1_38' title="bbox 229 3665 1501 3748; baseline 0.001 -17"><span class='ocrx_word' id='word_1_329' title='bbox 229 3674 316 3732; x_wconf 87' lang='lat' dir='ltr'>actus</span> <span class='ocrx_word' id='word_1_330' title='bbox 338 3666 477 3748; x_wconf 82' lang='lat' dir='ltr'>explicite</span> <span class='ocrx_word' id='word_1_331' title='bbox 496 3665 623 3746; x_wconf 85' lang='lat' dir='ltr'>requiri.</span> <span class='ocrx_word' id='word_1_332' title='bbox 646 3668 797 3728; x_wconf 79' lang='lat' dir='ltr'>catorum</span> <span class='ocrx_word' id='word_1_333' title='bbox 819 3665 969 3746; x_wconf 73' lang='lat' dir='ltr'>penitens</span> <span class='ocrx_word' id='word_1_334' title='bbox 990 3666 1112 3730; x_wconf 89' lang='lat' dir='ltr'>eliciens</span> <span class='ocrx_word' id='word_1_335' title='bbox 1131 3674 1233 3730; x_wconf 89' lang='lat' dir='ltr'>actum</span> <span class='ocrx_word' id='word_1_336' title='bbox 1255 3669 1382 3740; x_wconf 89' lang='lat' dir='ltr'>doloris,</span> <span class='ocrx_word' id='word_1_337' title='bbox 1403 3668 1501 3732; x_wconf 89' lang='lat' dir='ltr'>etiam</span> 
     </span>
     <span class='ocr_line' id='line_1_39' title="bbox 228 3754 1502 3839; baseline 0 -17"><span class='ocrx_word' id='word_1_338' title='bbox 228 3757 371 3839; x_wconf 71' lang='lat' dir='ltr'>ceptione</span> <span class='ocrx_word' id='word_1_339' title='bbox 382 3755 484 3836; x_wconf 89' lang='lat' dir='ltr'>aliquo</span> <span class='ocrx_word' id='word_1_340' title='bbox 495 3754 585 3816; x_wconf 89' lang='lat' dir='ltr'>modo</span> <span class='ocrx_word' id='word_1_341' title='bbox 597 3758 627 3814; x_wconf 91' lang='lat' dir='ltr'>et</span> <span class='ocrx_word' id='word_1_342' title='bbox 640 3757 768 3815; x_wconf 75' lang='lat' dir='ltr'>exercite</span> <span class='ocrx_word' id='word_1_343' title='bbox 781 3755 836 3816; x_wconf 86' lang='lat' dir='ltr'>bos</span> <span class='ocrx_word' id='word_1_344' title='bbox 849 3761 934 3815; x_wconf 89' lang='lat' dir='ltr'>actus</span> <span class='ocrx_word' id='word_1_345' title='bbox 946 3755 1042 3828; x_wconf 88' lang='lat' dir='ltr'>elicit,</span> <span class='ocrx_word' id='word_1_346' title='bbox 1056 3755 1115 3818; x_wconf 91' lang='lat' dir='ltr'>etsi</span> <span class='ocrx_word' id='word_1_347' title='bbox 1126 3775 1188 3818; x_wconf 90' lang='lat' dir='ltr'>non</span> <span class='ocrx_word' id='word_1_348' title='bbox 1200 3757 1325 3839; x_wconf 79' lang='lat' dir='ltr'>reflece,</span> <span class='ocrx_word' id='word_1_349' title='bbox 1337 3759 1411 3838; x_wconf 91' lang='lat' dir='ltr'>quia</span> <span class='ocrx_word' id='word_1_350' title='bbox 1427 3765 1502 3822; x_wconf 85' lang='lat' dir='ltr'>cunc</span> 
     </span>
     <span class='ocr_line' id='line_1_40' title="bbox 230 3841 1499 3924; baseline 0.002 -16"><span class='ocrx_word' id='word_1_351' title='bbox 230 3845 296 3908; x_wconf 85' lang='lat' dir='ltr'>sine</span> <span class='ocrx_word' id='word_1_352' title='bbox 315 3843 409 3908; x_wconf 91' lang='lat' dir='ltr'>dubio</span> <span class='ocrx_word' id='word_1_353' title='bbox 427 3842 523 3906; x_wconf 90' lang='lat' dir='ltr'>credit</span> <span class='ocrx_word' id='word_1_354' title='bbox 543 3845 689 3919; x_wconf 70' lang='lat' dir='ltr'>exercite,</span> <span class='ocrx_word' id='word_1_355' title='bbox 710 3847 740 3903; x_wconf 91' lang='lat' dir='ltr'>et</span> <span class='ocrx_word' id='word_1_356' title='bbox 762 3849 863 3923; x_wconf 87' lang='lat' dir='ltr'>sperat</span> <span class='ocrx_word' id='word_1_357' title='bbox 882 3841 940 3904; x_wconf 89' lang='lat' dir='ltr'>sibi</span> <span class='ocrx_word' id='word_1_358' title='bbox 962 3859 1023 3924; x_wconf 50' lang='lat' dir='ltr'>per*</span> <span class='ocrx_word' id='word_1_359' title='bbox 1036 3845 1267 3909; x_wconf 85' lang='lat' dir='ltr'>Sacramentum</span> <span class='ocrx_word' id='word_1_360' title='bbox 1290 3846 1499 3922; x_wconf 77' lang='lat' dir='ltr'>Poeniteutiee,</span> 
     </span>
     <span class='ocr_line' id='line_1_41' title="bbox 228 3928 1503 4016; baseline 0.002 -21"><span class='ocrx_word' id='word_1_361' title='bbox 228 3933 345 3998; x_wconf 79' lang='lat' dir='ltr'>virtute</span> <span class='ocrx_word' id='word_1_362' title='bbox 358 3933 541 3997; x_wconf 88' lang='lat' dir='ltr'>meritorum</span> <span class='ocrx_word' id='word_1_363' title='bbox 555 3928 686 4004; x_wconf 82' lang='lat' dir='ltr'>Christi,</span> <span class='ocrx_word' id='word_1_364' title='bbox 702 3938 821 4010; x_wconf 87' lang='lat' dir='ltr'>peccata</span> <span class='ocrx_word' id='word_1_365' title='bbox 835 3931 1019 3994; x_wconf 89' lang='lat' dir='ltr'>remittenda</span> <span class='ocrx_word' id='word_1_366' title='bbox 1033 3950 1107 3996; x_wconf 89' lang='lat' dir='ltr'>esse.</span> <span class='ocrx_word' id='word_1_367' title='bbox 1125 3969 1164 3979; x_wconf 93' lang='lat'>-</span> <span class='ocrx_word' id='word_1_368' title='bbox 1178 3935 1214 3996; x_wconf 86' lang='lat' dir='ltr'>S.</span> <span class='ocrx_word' id='word_1_369' title='bbox 1231 3934 1312 4016; x_wconf 62' lang='lat' dir='ltr'>Lty„</span> <span class='ocrx_word' id='word_1_370' title='bbox 1330 3957 1361 4016; x_wconf 86' lang='lat' dir='ltr'>n.</span> <span class='ocrx_word' id='word_1_371' title='bbox 1377 3941 1455 4013; x_wconf 82' lang='grc'><strong>439,</strong></span> <span class='ocrx_word' id='word_1_372' title='bbox 1472 3945 1503 3998; x_wconf 85' lang='lat' dir='ltr'>et</span> 
     </span>
     <span class='ocr_line' id='line_1_42' title="bbox 229 4019 1354 4091; baseline -0.005 -11"><span class='ocrx_word' id='word_1_373' title='bbox 229 4019 285 4081; x_wconf 76' lang='lat' dir='ltr'>atti</span> <span class='ocrx_word' id='word_1_374' title='bbox 300 4023 496 4082; x_wconf 78' lang='lat' dir='ltr'>communiter</span> <span class='ocrx_word' id='word_1_375' title='bbox 509 4025 613 4082; x_wconf 85' lang='lat' dir='ltr'>contra</span> <span class='ocrx_word' id='word_1_376' title='bbox 628 4019 757 4091; x_wconf 80' lang='lat' dir='ltr'>aliquos.</span> <span class='ocrx_word' id='word_1_377' title='bbox 1307 4075 1310 4084; x_wconf 71' lang='grc'><strong>,</strong></span> <span class='ocrx_word' id='word_1_378' title='bbox 1351 4075 1354 4084; x_wconf 81' lang='grc'><strong>,</strong></span> 
     </span>
    </p>

    <p class='ocr_par' dir='ltr' id='par_1_15' title="bbox 270 4109 1452 4193">
     <span class='ocr_line' id='line_1_43' title="bbox 270 4109 1452 4193; baseline 0.003 -22"><span class='ocrx_word' id='word_1_379' title='bbox 270 4113 339 4172; x_wconf 86' lang='grc'><strong>446.</strong></span> <span class='ocrx_word' id='word_1_380' title='bbox 352 4145 389 4156; x_wconf 91' lang='lat'><em>-</em></span> <span class='ocrx_word' id='word_1_381' title='bbox 403 4111 505 4185; x_wconf 74' lang='lat' dir='ltr'>Qomn.</span> <span class='ocrx_word' id='word_1_382' title='bbox 517 4111 551 4172; x_wconf 81' lang='grc'>50</span> <span class='ocrx_word' id='word_1_383' title='bbox 562 4111 612 4170; x_wconf 85' lang='lat' dir='ltr'>An</span> <span class='ocrx_word' id='word_1_384' title='bbox 624 4117 723 4188; x_wconf 80' lang='lat' dir='ltr'>peccet</span> <span class='ocrx_word' id='word_1_385' title='bbox 732 4109 788 4190; x_wconf 82' lang='lat' dir='ltr'>qni</span> <span class='ocrx_word' id='word_1_386' title='bbox 802 4109 964 4190; x_wconf 80' lang='lat' dir='ltr'>confitetor</span> <span class='ocrx_word' id='word_1_387' title='bbox 977 4111 1095 4172; x_wconf 81' lang='lat' dir='ltr'>veniale</span> <span class='ocrx_word' id='word_1_388' title='bbox 1109 4112 1235 4193; x_wconf 75' lang='lat' dir='ltr'>aliquod</span> <span class='ocrx_word' id='word_1_389' title='bbox 1246 4116 1311 4174; x_wconf 82' lang='lat' dir='ltr'>stne</span> <span class='ocrx_word' id='word_1_390' title='bbox 1326 4111 1452 4175; x_wconf 82' lang='lat' dir='ltr'>dolore?</span> 
     </span>
    </p>

    <p class='ocr_par' dir='ltr' id='par_1_16' title="bbox 227 4196 1504 4638">
     <span class='ocr_line' id='line_1_44' title="bbox 270 4196 1504 4281; baseline 0.005 -22"><span class='ocrx_word' id='word_1_391' title='bbox 270 4197 358 4279; x_wconf 85' lang='lat' dir='ltr'>llerp.</span> <span class='ocrx_word' id='word_1_392' title='bbox 375 4197 453 4278; x_wconf 80' lang='lat' dir='ltr'>lt&#39;ep.</span> <span class='ocrx_word' id='word_1_393' title='bbox 467 4196 673 4278; x_wconf 78' lang='lat' dir='ltr'>protattttos,</span> <span class='ocrx_word' id='word_1_394' title='bbox 689 4197 780 4259; x_wconf 90' lang='lat' dir='ltr'>modo</span> <span class='ocrx_word' id='word_1_395' title='bbox 795 4196 878 4262; x_wconf 91' lang='lat' dir='ltr'>dolcr</span> <span class='ocrx_word' id='word_1_396' title='bbox 892 4197 970 4260; x_wconf 91' lang='lat' dir='ltr'>eirca</span> <span class='ocrx_word' id='word_1_397' title='bbox 984 4199 1044 4262; x_wconf 89' lang='lat' dir='ltr'>alia</span> <span class='ocrx_word' id='word_1_398' title='bbox 1057 4207 1176 4281; x_wconf 91' lang='lat' dir='ltr'>peccata</span> <span class='ocrx_word' id='word_1_399' title='bbox 1194 4200 1314 4280; x_wconf 79' lang='lat' dir='ltr'>gravia,</span> <span class='ocrx_word' id='word_1_400' title='bbox 1331 4202 1379 4264; x_wconf 86' lang='lat' dir='ltr'>vel</span> <span class='ocrx_word' id='word_1_401' title='bbox 1394 4201 1504 4264; x_wconf 87' lang='lat' dir='ltr'>saltem</span> 
     </span>
     <span class='ocr_line' id='line_1_45' title="bbox 229 4284 1503 4370; baseline -0.001 -16"><span class='ocrx_word' id='word_1_402' title='bbox 229 4285 308 4354; x_wconf 78' lang='lat' dir='ltr'>circa</span> <span class='ocrx_word' id='word_1_403' title='bbox 326 4302 428 4348; x_wconf 90' lang='lat' dir='ltr'>unum</span> <span class='ocrx_word' id='word_1_404' title='bbox 445 4291 602 4366; x_wconf 89' lang='lat' dir='ltr'>peccatum</span> <span class='ocrx_word' id='word_1_405' title='bbox 621 4284 649 4348; x_wconf 90' lang='lat' dir='ltr'>si</span> <span class='ocrx_word' id='word_1_406' title='bbox 669 4284 800 4350; x_wconf 78' lang='lat' dir='ltr'>venialia</span> <span class='ocrx_word' id='word_1_407' title='bbox 814 4289 936 4349; x_wconf 83' lang='lat' dir='ltr'>tantum</span> <span class='ocrx_word' id='word_1_408' title='bbox 950 4287 1114 4364; x_wconf 88' lang='lat' dir='ltr'>habentur,</span> <span class='ocrx_word' id='word_1_409' title='bbox 1130 4306 1193 4351; x_wconf 91' lang='lat' dir='ltr'>non</span> <span class='ocrx_word' id='word_1_410' title='bbox 1206 4288 1343 4364; x_wconf 86' lang='lat' dir='ltr'>deficiat,</span> <span class='ocrx_word' id='word_1_411' title='bbox 1358 4297 1391 4352; x_wconf 96' lang='grc'>44</span> <span class='ocrx_word' id='word_1_412' title='bbox 1403 4289 1503 4370; x_wconf 73' lang='lat' dir='ltr'>poeni-</span> 
     </span>
     <span class='ocr_line' id='line_1_46' title="bbox 228 4373 1504 4458; baseline 0.001 -18"><span class='ocrx_word' id='word_1_413' title='bbox 228 4381 298 4440; x_wconf 86' lang='lat' dir='ltr'>tens</span> <span class='ocrx_word' id='word_1_414' title='bbox 313 4391 374 4437; x_wconf 91' lang='lat' dir='ltr'>non</span> <span class='ocrx_word' id='word_1_415' title='bbox 386 4373 528 4454; x_wconf 88' lang='lat' dir='ltr'>subjiciat</span> <span class='ocrx_word' id='word_1_416' title='bbox 540 4374 669 4438; x_wconf 89' lang='lat' dir='ltr'>scienter</span> <span class='ocrx_word' id='word_1_417' title='bbox 679 4379 851 4454; x_wconf 90' lang='lat' dir='ltr'>peccatum,</span> <span class='ocrx_word' id='word_1_418' title='bbox 866 4377 902 4438; x_wconf 92' lang='lat' dir='ltr'>de</span> <span class='ocrx_word' id='word_1_419' title='bbox 917 4395 977 4457; x_wconf 90' lang='lat' dir='ltr'>quc</span> <span class='ocrx_word' id='word_1_420' title='bbox 990 4395 1051 4439; x_wconf 87' lang='lat' dir='ltr'>non</span> <span class='ocrx_word' id='word_1_421' title='bbox 1066 4377 1161 4452; x_wconf 89' lang='lat' dir='ltr'>dolet,</span> <span class='ocrx_word' id='word_1_422' title='bbox 1174 4383 1322 4458; x_wconf 88' lang='lat' dir='ltr'>tanquam</span> <span class='ocrx_word' id='word_1_423' title='bbox 1339 4377 1504 4441; x_wconf 88' lang='lat' dir='ltr'>materiam</span> 
     </span>
     <span class='ocr_line' id='line_1_47' title="bbox 228 4461 1504 4543; baseline 0 -15"><span class='ocrx_word' id='word_1_424' title='bbox 228 4461 439 4530; x_wconf 82' lang='lat' dir='ltr'>absolutionis.</span> <span class='ocrx_word' id='word_1_425' title='bbox 460 4461 549 4526; x_wconf 84' lang='lat' dir='ltr'>Ratio</span> <span class='ocrx_word' id='word_1_426' title='bbox 567 4469 629 4537; x_wconf 89' lang='lat' dir='ltr'>est,</span> <span class='ocrx_word' id='word_1_427' title='bbox 648 4467 681 4524; x_wconf 86' lang='lat' dir='ltr'>t⁰</span> <span class='ocrx_word' id='word_1_428' title='bbox 699 4462 772 4543; x_wconf 91' lang='lat' dir='ltr'>quia</span> <span class='ocrx_word' id='word_1_429' title='bbox 794 4463 912 4526; x_wconf 89' lang='lat' dir='ltr'>ratione</span> <span class='ocrx_word' id='word_1_430' title='bbox 936 4463 1103 4527; x_wconf 84' lang='lat' dir='ltr'>validitatis</span> <span class='ocrx_word' id='word_1_431' title='bbox 1125 4467 1311 4530; x_wconf 76' lang='lat' dir='ltr'>sacramenti</span> <span class='ocrx_word' id='word_1_432' title='bbox 1332 4466 1445 4530; x_wconf 87' lang='lat' dir='ltr'>sufficit</span> <span class='ocrx_word' id='word_1_433' title='bbox 1465 4471 1504 4528; x_wconf 90' lang='lat' dir='ltr'>ut</span> 
     </span>
     <span class='ocr_line' id='line_1_48' title="bbox 227 4550 1501 4638; baseline -0.004 -19"><span class='ocrx_word' id='word_1_434' title='bbox 227 4553 401 4638; x_wconf 74' lang='lat' dir='ltr'>prebeatur</span> <span class='ocrx_word' id='word_1_435' title='bbox 420 4551 524 4634; x_wconf 85' lang='lat' dir='ltr'>aliqua</span> <span class='ocrx_word' id='word_1_436' title='bbox 546 4550 675 4614; x_wconf 88' lang='lat' dir='ltr'>materia</span> <span class='ocrx_word' id='word_1_437' title='bbox 692 4559 790 4628; x_wconf 92' lang='lat' dir='ltr'>certa,</span> <span class='ocrx_word' id='word_1_438' title='bbox 814 4571 922 4633; x_wconf 89' lang='lat' dir='ltr'>nempe</span> <span class='ocrx_word' id='word_1_439' title='bbox 940 4560 977 4615; x_wconf 91' lang='lat' dir='ltr'>ut</span> <span class='ocrx_word' id='word_1_440' title='bbox 994 4553 1074 4616; x_wconf 87' lang='lat' dir='ltr'>adsit</span> <span class='ocrx_word' id='word_1_441' title='bbox 1092 4555 1176 4618; x_wconf 91' lang='lat' dir='ltr'>dolor</span> <span class='ocrx_word' id='word_1_442' title='bbox 1195 4556 1232 4620; x_wconf 92' lang='lat' dir='ltr'>de</span> <span class='ocrx_word' id='word_1_443' title='bbox 1246 4556 1349 4638; x_wconf 88' lang='lat' dir='ltr'>aliquo</span> <span class='ocrx_word' id='word_1_444' title='bbox 1368 4553 1501 4628; x_wconf 83' lang='lat' dir='ltr'>veniali,</span> 
     </span>
    </p>
   </div>
   <div class='ocr_carea' id='block_1_7' title="bbox 0 0 1614 5042">
    <p class='ocr_par' dir='ltr' id='par_1_17' title="bbox 0 0 1614 5042">
     <span class='ocr_line' id='line_1_49' title="bbox 0 0 1614 5042; baseline 0 0"><span class='ocrx_word' id='word_1_445' title='bbox 0 0 1614 5042; x_wconf 95' lang='lat' dir='ltr'> </span> 
     </span>
    </p>
   </div>
  </div>
 </body>
</html>
