3180 5040
202 224 271 284 too
735 215 942 266 reuertens

203 347 349 412 ineundo.
367 342 445 406 Hinc
459 344 566 420 raptus
587 352 678 397 verus
695 331 756 394 dici
774 327 897 408 nequit,
915 324 941 386 si
960 323 1011 386 vir
1027 341 1065 385 en
1081 322 1220 385 condicto
1238 323 1413 388 mulierem
1431 327 1504 391 sine
1576 354 1578 387 r

205 438 272 502 dolo
287 431 412 500 abducit
426 431 465 492 ad
480 427 640 490 vitandam
655 427 820 503 parentum
834 413 1070 496 oppositionem.
1577 392 1578 477 Ῑ

244 530 277 588 2⁰
295 523 327 586 Si
350 519 462 582 mulier
479 514 603 579 insidiis
624 518 655 574 et
676 507 788 572 dolosis
809 500 1093 574 sollicitationibus,
1115 499 1211 564 etiam
1231 501 1330 564 solius
1351 502 1498 566 hbrdrms
1577 488 1578 495 ἵ

205 612 362 694 explendae
376 613 543 689 pretextu,
563 601 615 664 sed
630 617 699 662 rere
713 591 903 662 Matrimonii
923 588 1125 654 contrahendi
1137 607 1248 664 causa,
1267 590 1453 655 abducatur
1467 600 1496 656 et

205 703 238 767 vi
252 701 433 771 retineatur,
450 694 581 756 hahetur
594 692 702 769 raptus
716 686 755 748 ad
769 688 907 746 mentem
919 677 1106 742 Tridentini.

246 795 279 854 3ο
293 791 361 851 Non
374 786 455 847 solus
473 777 592 861 raptor,
604 778 657 840 sed
673 793 779 838 omnes
799 769 974 850 complices
991 773 1215 846 cooperatores,
1231 773 1264 831 et
1282 775 1393 850 raptus
1408 789 1496 832 exse·

207 883 325 942 autores
339 866 650 938 excommunicationi
666 864 834 944 subjacent.

247 964 462 1031 omittendum
476 965 580 1022 autem
591 973 653 1016 non
665 958 725 1026 est,
737 951 819 1032 quod
833 948 952 1010 addunt
965 949 1069 1008 Patres
1082 945 1277 1020 Tridentini,
1290 965 1422 1028 nempe:
1438 949 1492 1009 Te-

208 1067 318 1118 ncotur
334 1061 481 1134 praetereo
500 1053 607 1127 raptor
626 1042 782 1108 mulierem
801 1047 939 1118 raptam,
955 1037 1016 1098 siue
1036 1053 1101 1096 eum
1119 1053 1250 1098 oaorem
1269 1036 1409 1110 duxerit,
1425 1038 1494 1096 sine

208 1165 269 1205 non
286 1140 424 1213 duxerit,
441 1137 581 1198 decenter
595 1131 723 1192 arbitrio
731 1127 851 1209 judicis
865 1125 979 1187 dotare.

838 1305 879 1362 lV

752 1413 944 1476 Tridentino.

244 1547 375 1620 Praecipit
389 1541 632 1614 sanctasynodus
647 1537 796 1604 omnibus,
812 1535 1020 1606 cuiuscumque
1039 1531 1158 1602 gradus,
1176 1530 1316 1600 dignitatis
1329 1531 1359 1586 at
1374 1533 1489 1588 condi-

209 1631 297 1689 tionis
314 1627 470 1692 exsistant,
491 1622 545 1680 sub
564 1617 756 1678 anathematis
771 1631 870 1690 poena,
886 1629 972 1685 quam
990 1614 1053 1686 ipso
1069 1611 1142 1669 facto
1153 1612 1305 1678 merserant,
1319 1626 1356 1666 ne
1373 1613 1490 1682 quovis
1578 1623 1579 1666 r

211 1711 294 1770 modo
303 1708 412 1764 directe
424 1703 471 1760 rel
483 1702 622 1758 indirecte
636 1699 766 1757 subditos
778 1711 846 1753 suos
859 1693 904 1750 rel
914 1708 1112 1766 quoscumque
1122 1691 1190 1749 alios
1199 1691 1315 1762 cogant,
1324 1691 1492 1762 quominus

212 1792 303 1848 libere
319 1784 500 1848 Matrimonia
514 1781 692 1840 contrahant.

814 1847 904 1921 (Sese.
919 1846 1020 1915 XXIV,
1036 1859 1102 1918 cap.
1119 1859 1163 1914 rx,
1174 1845 1210 1902 de
1224 1843 1289 1918 lies.
1305 1843 1399 1900 Matr.

253 2017 343 2080 tort.
360 2013 510 2086 -Qumtt
530 2004 734 2082 ositremont
749 2002 800 2084 qai
815 2001 997 2082 subjaceant
1014 1999 1084 2060 duic
1099 2000 1255 2060 cerasurae?
1578 2045 1579 2066 ᾖ

253 2104 343 2184 Resp.
360 2097 557 2181 probabilius
571 2113 620 2158 eos
636 2093 714 2156 solos
728 2109 808 2166 esse,
822 2088 877 2171 qui
889 2086 1064 2152 dominium
1078 2088 1243 2168 temporale
1256 2091 1288 2150 et
1298 2085 1489 2167 jurisdictio·
1578 2095 1579 2176 ξ

212 2209 283 2253 nem
296 2189 479 2252 exteriorem
492 2186 621 2258 habent;
637 2200 710 2244 nam
725 2183 762 2242 de
775 2179 815 2242 iis
830 2185 954 2240 tantum
969 2176 1085 2239 mentio
1100 2176 1136 2238 fit
1149 2175 1183 2238 in
1199 2181 1304 2238 textus
1316 2175 1400 2236 illius
1413 2193 1488 2254 pree-
1578 2179 1579 2226 t

212 2280 341 2354 fatione,
362 2294 430 2358 quae
449 2274 599 2355 particula
618 2271 733 2335 causali
752 2287 848 2350 quare
867 2265 1064 2346 conjungitur
1081 2283 1151 2326 curn
1172 2265 1274 2327 uerbis
1297 2264 1416 2334 citatis,
1434 2263 1488 2324 hoc
1578 2241 1579 2292 ³

216 2371 306 2431 modo
322 2387 328 2428 :
347 2367 445 2440 (ruore
461 2364 601 2444 precipit
615 2361 650 2421 S.
667 2359 823 2440 Synodas,
841 2362 898 2418 etc.
916 2359 954 2417 Et
972 2359 1114 2434 preterea
1129 2353 1204 2414 satis
1218 2346 1324 2431 aperte
1344 2351 1489 2414 innuitur
1578 2347 1579 2370 ³

218 2454 417 2534 sequentibus
437 2451 537 2510 verbis
553 2469 560 2509 ε
574 2468 611 2508 ne
628 2447 731 2528 quovis
750 2446 838 2506 modo
853 2443 987 2505 subditos
1000 2462 1066 2502 saos
1079 2449 1197 2520 cogent,
1214 2475 1255 2484 -
1268 2441 1370 2502 Aliter
1383 2445 1490 2502 tamen
1578 2445 1579 2496 t

219 2541 359 2603 sentiunt
374 2539 490 2598 Suerez
503 2543 532 2597 et
549 2535 685 2611 Filium,
700 2534 754 2614 qui
766 2550 929 2596 censuram
940 2533 978 2594 ad
989 2546 1088 2594 omnes
1097 2527 1372 2590 indiscriminatim
1385 2535 1495 2590 exten·

213 2631 301 2692 darni,
316 2663 355 2672 —
370 2625 498 2702 Bonae,
517 2625 546 2686 d.
564 2643 603 2696 n,
621 2643 649 2704 q.
664 2627 700 2694 i,
716 2643 747 2704 p.
764 2627 800 2701 6,
816 2643 847 2684 n.
863 2626 893 2685 5.

253 2716 372 2781 coactio
389 2713 508 2797 proprie
522 2731 585 2777 non
600 2719 662 2789 est,
679 2712 734 2774 uhi
748 2729 810 2774 non
825 2705 991 2774 intervenit
1002 2703 1142 2772 uiolentia
1153 2703 1203 2766 vel
1214 2701 1342 2783 iniuria.

841 2889 865 2946 V

761 2999 951 3056 Tridentino.

250 3122 431 3180 inathemati
446 3121 691 3194 sanctasynodus
711 3121 829 3192 subjicit
843 3136 943 3176 omnes
964 3121 993 3174 et
1013 3117 1144 3190 singerico
1162 3127 1314 3188 personas,
1334 3113 1491 3182 cujuscum-

215 3223 269 3278 que
285 3203 433 3276 qualitatis
449 3203 494 3258 vel
508 3204 682 3260 conditionis
697 3203 819 3270 fuerint,
837 3203 896 3258 tam
914 3201 1040 3258 Clerieos
1058 3211 1144 3272 quam
1159 3196 1263 3262 laicos,
1278 3191 1433 3250 mutares
1446 3190 1490 3246 ref

214 3286 376 3376 regulares,
392 3286 477 3357 atquo
491 3284 578 3340 etiarn
594 3283 721 3356 quelibet
735 3281 877 3353 dignitate
890 3281 1057 3352 fungentes,
1076 3279 1103 3334 si
1123 3273 1333 3349 quomodolibet
1348 3272 1493 3342 coegerint

215 3365 342 3457 aliquam
359 3367 498 3436 virginem
512 3364 557 3420 vel
574 3365 704 3430 viduam,
720 3363 879 3419 autetiam
897 3375 1107 3434 quamcumque
1122 3356 1284 3422 mulierem,
1299 3355 1491 3425 preterquam

216 3462 245 3501 in
263 3445 378 3536 casibus
395 3447 425 3501 in
437 3447 502 3517 jure
518 3443 680 3518 expressis,
695 3443 732 3500 ad
750 3441 971 3515 ingrediendum
990 3439 1213 3505 monasterium,
1228 3435 1271 3492 rel
1282 3433 1316 3489 ad
1330 3429 1495 3503 suscipien-

216 3527 428 3618 dumuhlabrtum
441 3530 647 3597 cuiuscumque
662 3524 832 3596 tteligionis,
846 3523 892 3580 rel
906 3522 941 3579 ad
954 3519 1142 3577 emittendam
1156 3515 1374 3590 professionem,
1384 3510 1492 3584 quique

215 3607 385 3697 eonsilium,
410 3606 550 3661 auxilium
571 3605 617 3661 vel
642 3606 766 3660 favorem
787 3604 933 3672 dederint,
953 3601 1060 3674 quique
1083 3597 1208 3656 scientes
1233 3587 1295 3650 eam
1317 3607 1374 3648 non
1395 3593 1492 3663 sponte

216 3687 326 3757 ingredi
336 3686 540 3778 ¹ltonesterium
553 3689 603 3742 ant
616 3684 746 3742 habitum
762 3685 924 3758 suscipere,
938 3686 987 3740 aut
1000 3679 1209 3754 professionem
1223 3675 1368 3741 emittere,
1385 3686 1492 3743 qnoque
1578 3709 1579 3732 r

216 3768 299 3858 modo
317 3768 410 3858 erdem
432 3766 508 3820 actui
529 3765 573 3820 ref
589 3766 771 3838 praesentiam
788 3765 832 3820 vel
848 3777 1019 3820 consensum
1036 3760 1083 3818 rel
1100 3757 1298 3816 auctoritatem
1318 3754 1494 3825 interposue-
1578 3767 1579 3822 ᾗ

216 3849 286 3938 ιηηι.Ι
300 3847 393 3904 Simili
406 3861 517 3918 quoque
530 3845 705 3902 anathemati
718 3845 836 3916 subjicit
845 3860 909 3914 eos,
926 3844 975 3918 qui
987 3843 1152 3898 sanctarum
1162 3837 1307 3910 virginum
1317 3833 1364 3889 vel
1374 3831 1492 3888 aliarum
1578 3825 1579 3842 ¹

216 3926 370 3984 mulierum
380 3928 556 3982 voluntatem
571 3924 628 3982 reli
642 3925 802 4000 aecipiendi
815 3921 862 3983 rel
876 3924 935 3982 voti
952 3920 1103 3980 emittendi
1118 3932 1231 3992 quoquo
1244 3914 1329 3972 modo
1342 3912 1408 3970 sine
1419 3913 1494 3986 Justa

217 4019 304 4060 causa
315 4007 508 4080 impedierint.

870 4076 960 4149 (Sese.
974 4074 1062 4142 XXV,
1078 4087 1145 4144 cap.
1161 4083 1244 4136 xrrn,
1259 4067 1297 4124 de
1310 4063 1427 4138 Regni.)

258 4225 347 4287 tota.
364 4257 402 4270 -
415 4225 493 4285 Cum
507 4223 556 4286 his
570 4223 741 4288 Concilium
755 4224 788 4285 in
802 4241 858 4285 suo
870 4223 988 4285 decreto
1003 4223 1142 4282 accurate
1156 4216 1220 4278 hec
1231 4209 1499 4276 triadiscrirnina-

217 4313 296 4377 verit
312 4333 321 4376 τ
340 4311 459 4392 ingredi
476 4313 717 4388 ,monasterium
739 4313 883 4376 habitum
904 4310 1072 4392 suscipere,
1095 4303 1316 4388 professionem
1340 4299 1496 4364 emittm·

217 4399 376 4500 fatendum
388 4406 433 4466 est
446 4401 797 4502 excommunicationem
811 4401 850 4464 ab
864 4400 917 4464 illo
929 4395 1070 4464 contrahi
1082 4392 1200 4478 quiret
1214 4392 1254 4458 ad
1265 4391 1370 4456 solum
1383 4388 1499 4470 ingras-

218 4504 289 4546 sum
299 4489 460 4552 muherem
471 4495 565 4566 cogit,
580 4489 650 4552 licet
660 4489 726 4569 ipsa
737 4490 936 4570 postmodum
950 4505 1052 4570 neque
1062 4482 1210 4550 habitum
1221 4477 1388 4560 suscipiat,
1402 4493 1501 4557 milli
