3206 5042
631 265 674 306 nn
694 263 925 308 1111111111
1349 257 1413 318 371

144 379 234 440 habet
252 373 437 439 domicilium
459 373 492 434 in
514 373 574 434 loco
593 371 647 433 abi
663 381 813 454 receptum
831 381 874 434 est
892 373 1043 435 decretam
1066 375 1158 437 Cone.
1177 376 1274 453 Trici,
1290 388 1319 440 et
1337 380 1417 444 aiios

144 468 197 530 ubi
209 487 270 528 non
283 475 326 527 est
336 465 509 544 receptam?

184 558 272 636 Reap.
292 561 325 618 10
340 551 520 634 Affirm.,si
540 551 722 614 contrahant
740 550 775 612 in
793 551 855 612 leco
876 551 930 614 uhi
952 557 1076 615 nonest
1092 557 1417 634 receptumtridanti-

144 663 221 708 num
236 645 402 706 decretum.
419 641 507 706 Ratio
521 647 581 716 est,
597 640 671 720 quia
693 658 824 719 sponsus
843 639 915 719 loci,
931 641 984 703 ubi
1003 641 1090 702 Trici.
1107 661 1170 704 non
1184 649 1231 705 est
1242 651 1414 725 receptum,

144 734 207 813 lege
221 731 348 796 Concilii
367 749 429 794 non
447 735 578 803 tenetur,
593 736 625 790 et
638 728 835 809 privilegium
854 749 947 791 sirum
966 729 1053 792 alteri
1070 733 1278 795 communicat
1296 742 1418 815 propter

144 821 397 884 individuitatem
411 823 641 885 contractus.-
652 819 701 879 Ita
714 819 826 878 Benaci.
841 818 893 879 XI
901 819 933 896 V,
946 819 983 880 de
998 820 1131 900 Syriaco,
1145 823 1416 898 1111111111,

145 919 174 972 et
191 909 326 972 Clemens
341 908 442 982 XllI,
459 928 530 968 cna.
550 909 839 987 1767,11111,11111
854 906 894 968 aci
908 907 1052 990 Archiep.
1069 910 1210 971 Mechlin.

185 1000 274 1080 Recp.
295 1003 328 1062 2⁰
346 997 438 1078 Nep,
459 996 487 1057 si
508 995 691 1057 contrahant
715 994 748 1055 in
770 995 832 1058 loco
856 994 912 1057 ubi
936 995 1018 1074 viget
1040 998 1195 1060 decretum
1221 999 1308 1060 Trici.
1331 1001 1418 1066 Ratio

145 1089 250 1151 cadem
264 1093 310 1148 est
324 1105 358 1148 11
372 1086 407 1147 iu
421 1083 552 1159 Quaesito
568 1083 708 1144 secundo.

185 1180 334 1252 111110
349 1175 398 1234 An
412 1182 533 1234 erraret
547 1172 586 1234 ab
603 1171 814 1252 impedimento
833 1172 1083 1235 clandestinitatis
1101 1178 1281 1257 impotentia
1296 1176 1337 1240 od
1347 1171 1419 1259 pro-

144 1267 251 1346 priam
264 1263 432 1326 Porocltnm
447 1263 494 1322 nel
504 1261 691 1342 Episcopum
704 1261 900 1322 rocamendi?

189 1354 278 1434 Hesp.
294 1359 326 1414 10
341 1352 481 1432 Affirnr,
501 1351 527 1412 si
548 1350 599 1412 illa
623 1349 806 1429 impotentia
825 1350 866 1412 sit
881 1350 1053 1412 communis
1074 1351 1106 1412 in
1126 1351 1228 1432 aliqua
1246 1355 1418 1434 provincia,

147 1463 177 1504 v.
196 1461 254 1522 gr,
265 1443 395 1504 durante
408 1439 638 1521 perturbatione
653 1437 754 1518 aliqua
772 1439 893 1518 pehtica
908 1445 939 1501 et
956 1439 1105 1520 religiosa.
1121 1442 1210 1505 Ratio
1229 1451 1290 1516 est,
1307 1442 1422 1524 quiesi

147 1532 196 1593 lex
209 1531 356 1609 obligaret
369 1530 403 1591 in
419 1528 473 1590 tali
488 1547 574 1604 casu,
593 1533 670 1589 esset
689 1527 768 1590 hono
787 1529 946 1590 communi
967 1528 1089 1604 nociva,
1106 1537 1137 1592 et
1151 1530 1185 1592 in
1199 1531 1421 1594 detrimentum

148 1619 300 1682 societatis
314 1622 460 1698 vergeret.
478 1620 624 1680 Preteree
643 1615 796 1678 evincitur
810 1635 846 1679 ex
859 1617 1065 1680 Declaratione
1084 1619 1120 1680 S.
1138 1618 1253 1700 Conpr.
1270 1621 1350 1700 apud
1367 1619 1422 1683 Be

147 1709 215 1769 ned.
227 1707 316 1782 XIV,
332 1707 368 1768 de
383 1705 514 1786 Spaod,
533 1705 553 1766 l.
570 1707 639 1778 ΧΗ,
657 1725 682 1764 1.
699 1724 731 1779 1,
743 1725 775 1764 n,
790 1709 824 1777 5,
840 1723 957 1766 necnon
975 1723 1013 1766 ex
1031 1705 1160 1768 diversis
1177 1707 1224 1768 Pii
1239 1710 1279 1768 Vl
1292 1706 1422 1770 Decisio-

148 1797 253 1859 uibus.

190 1885 279 1963 Resp.
295 1885 328 1944 10
338 1883 428 1962 Nep,
446 1880 473 1942 si
487 1879 669 1961 impotentia
683 1898 770 1942 casus
784 1878 981 1958 particulares
995 1880 1128 1959 respicit,
1143 1881 1218 1962 quia
1234 1883 1282 1946 lex
1296 1883 1423 1948 irritans

149 1989 212 2034 non
227 1974 322 2033 cessat
337 1971 374 2032 oh
393 1964 624 2032 incommodum
638 1968 807 2048 privatum.
821 2003 861 2014 -
877 1967 986 2029 Recole
1007 1969 1103 2043 dicta,
1116 1990 1148 2031 n.
1165 1977 1236 2048 787,
1255 1975 1285 2034 11
1306 1983 1377 2036 tom.
1392 1976 1421 2052 Ι,

149 2079 181 2120 n.
199 2064 273 2136 136,
292 2060 445 2134 0111130.

190 2153 313 2212 111-
327 2151 428 2223 Qomt.
445 2153 478 2212 50
491 2149 543 2209 Aa
557 2155 734 2208 censeantur
755 2145 856 2208 calida
877 2146 1078 2208 Matrimonia
1096 2148 1287 2210 clandestino
1301 2150 1425 2212 lacereti-

150 2257 265 2312 corum,
281 2237 425 2318 anticipet
440 2236 489 2298 ier
504 2234 705 2297 Tridentino?
816 2281 818 2290 ,

192 2327 283 2408 Besp.
295 2346 308 2387 .·
321 2325 578 2389 Controvertitur.
602 2325 705 2386 Plures
729 2323 899 2399 affirmant,
918 2324 992 2404 quia
1012 2325 1065 2406 (ut
1085 2324 1190 2408 aiunt)
1211 2329 1342 2392 Ecclesia
1362 2347 1426 2392 uon

152 2423 292 2478 censetur
305 2415 392 2488 vella,
408 2421 445 2477 ut
459 2421 505 2476 tot
516 2412 712 2478 Matrimonia
724 2413 788 2474 sint
802 2412 948 2476 inrahda.
966 2415 1024 2476 Sed
1038 2416 1164 2478 omniuo
1177 2419 1353 2495 negandum
1362 2435 1426 2480 esse

152 2504 275 2568 ridetur
286 2505 324 2567 oh
338 2509 499 2586 sequentes
512 2503 645 2565 rationes
658 2521 665 2564 :

193 2599 227 2655 10
241 2595 318 2670 Quia
331 2593 387 2656 uhi
401 2594 451 2655 lex
464 2591 711 2672 Tridpuhlicata
729 2597 786 2664 est,
803 2608 910 2654 omnes
924 2590 1199 2656 indiscriminatim
1213 2594 1342 2674 ohligct;
1358 2613 1426 2675 crgo

152 2689 242 2762 urget
264 2683 436 2756 haereticos,
452 2681 533 2744 sicut
553 2686 585 2742 et
606 2679 783 2754 catholiam,
798 2695 871 2742 cum
889 2680 984 2741 etiam
1000 2680 1046 2742 illi
1064 2681 1203 2745 Ecclesiae
1216 2683 1427 2763 jurisdictioni

153 2771 339 2832 suh'aceant.

194 2791 315 2929 MQuia
329 2855 356 2914 si
370 2854 506 2914 haretici
521 2855 559 2914 ab
573 2855 625 2913 illa
639 2854 701 2931 lege
714 2855 845 2930 generali
856 2853 992 2914 Ecclesiae
1002 2854 1221 2930 eximerentur,
1231 2857 1427 2921 commodum

154 2963 193 3006 ex
207 2941 369 3004 rebellione
383 2959 439 3002 sua
451 2946 654 3020 reportarent;
670 2941 751 3018 quod
766 2958 838 3001 sane
852 2940 1022 3002 absurdum
1037 2949 1093 3004 est.

196 3038 228 3096 30
243 3030 321 3106 Quia
335 3029 455 3091 eruitur
475 3047 512 3090 ex
534 3027 738 3089 Declarationc
758 3028 868 3089 Bened.
886 3029 953 3090 XIV
968 3029 1046 3092 circa
1062 3033 1259 3094 Matrimonia
1272 3034 1428 3097 heretico-

154 3140 243 3190 rum,
261 3120 308 3180 rel
326 3117 522 3182 Matrimonia
541 3115 640 3177 mixta
660 3115 694 3176 in
715 3114 884 3177 Hellandia.
902 3117 1041 3179 Pontifex
1064 3119 1148 3180 enim
1170 3123 1349 3194 declaravit,
1365 3123 1429 3185 haec

154 3207 351 3275 Matrimonia
363 3225 430 3268 esse
443 3205 557 3278 valida,
573 3203 643 3264 licet
661 3204 858 3266 clandestina.
877 3207 954 3283 Ergo
969 3205 1035 3268 siue
1049 3207 1101 3268 illc
1116 3210 1322 3271 Declaratiene
1339 3211 1430 3274 irrita

154 3299 267 3372 forent,
291 3303 327 3358 ut
349 3295 461 3374 sepius
483 3313 501 3356 a
527 3297 557 3357 S.
580 3295 724 3372 Congreg.
746 3293 931 3355 declaratum
954 3297 1008 3355 est.
1033 3296 1177 3375 Exceptio
1200 3301 1303 3358 autem
1327 3298 1430 3361 firmat

154 3387 262 3466 legem.
1254 3439 1258 3446 .

194 3481 228 3538 10
245 3475 323 3551 Quia
336 3479 455 3537 constat
469 3491 505 3536 ex
519 3469 659 3552 pluribus
673 3467 883 3532 Decisionihus
898 3473 929 3534 S.
946 3474 1104 3553 congreg,
1121 3480 1158 3535 11
1172 3473 1274 3537 ridere
1289 3481 1335 3538 est
1349 3479 1430 3556 apud

154 3565 194 3626 P.
211 3565 360 3640 Pmrone,
376 3563 412 3624 de
431 3561 628 3623 Matrimonia
643 3559 826 3631 christiano,
842 3568 864 3620 t.
882 3563 923 3632 11,
941 3559 962 3620 l.
977 3562 1018 3636 ΙΙ,
1035 3571 1104 3622 sect.
1120 3579 1147 3637 r,
1167 3581 1250 3624 111.

195 3653 237 3716 Iis
247 3661 352 3716 autem
364 3652 398 3714 in
413 3651 501 3726 locis,
515 3651 550 3713 in
564 3648 678 3731 quibus
694 3653 782 3712 Gonu.
800 3648 884 3710 Trid.
903 3649 1074 3725 decretum,
1091 3652 1139 3714 rel
1152 3670 1314 3732 utinquam
1328 3654 1429 3734 puhli-

156 3749 260 3806 catum
275 3743 346 3816 luit,
363 3740 411 3804 vel
426 3757 588 3821 nunquam
602 3739 799 3800 observatum
815 3743 963 3819 tanquam
976 3741 1112 3821 ejusdem
1126 3741 1251 3803 Concilii
1261 3742 1428 3819 decretum,

155 3833 204 3894 rel
218 3832 245 3893 si
260 3833 382 3912 quando
397 3831 594 3893 observatum
612 3827 687 3902 fuit,
704 3828 793 3908 longo
814 3827 886 3890 dein
907 3828 1430 3908 111111111111111111116111111-

156 3920 262 3982 dinem
278 3920 370 3993 abiit,
386 3926 440 3982 aut
456 3919 491 3981 in
505 3919 620 4000 quibus
633 3917 716 3996 viget
732 3917 929 3980 Benedictina
942 3917 1106 3981 Declaratio
1119 3937 1192 3981 ann.
1209 3920 1431 3994 1711111111-

157 4008 240 4071 stina
262 4007 476 4070 hereticorum
501 4007 700 4071 Matrimonia
727 4013 794 4069 rata
817 4013 848 4068 et
870 4005 961 4068 firma
982 4007 1146 4069 consistere
1171 4011 1287 4070 certum
1310 4016 1371 4083 cst,
1395 4015 1433 4073 ut

156 4111 295 4177 expresse
317 4097 400 4157 docet
424 4094 482 4156 SS.
500 4095 539 4156 D.
556 4095 594 4156 P.
613 4095 690 4156 Pius
714 4095 776 4157 Vl!
790 4095 823 4155 in
840 4095 950 4156 litteris
972 4093 1016 4156 cd
1032 4095 1179 4177 Archiep.
1203 4097 1430 4180 Mopoatinom,

157 4190 176 4250 8
194 4185 257 4246 Oct.
273 4189 362 4247 1863.

197 4279 266 4338 811.
285 4309 324 4318 -
335 4275 438 4348 Quian.
455 4277 489 4335 60
506 4273 558 4333 Aa
573 4271 725 4332 decretum
744 4269 830 4332 Trici.
849 4272 951 4354 cipere
967 4281 1121 4335 censeatur
1135 4273 1167 4334 in
1181 4273 1319 4336 Ecclesia
1333 4293 1435 4336 recen·

158 4373 205 4426 tor
216 4364 349 4443 formato
363 4359 616 4443 apnd.iorreticos
632 4359 678 4420 nei
691 4359 848 4440 infideles?

198 4453 287 4535 Itesp.
309 4451 450 4534 elifii-m,
474 4450 501 4512 si
524 4450 680 4511 decretum
700 4447 784 4510 rric.
807 4447 926 4511 inillis
949 4450 1089 4530 parcentis
1112 4452 1303 4533 publicatum
1327 4452 1431 4516 licerit.

158 4537 861 4620 111111111111111111111111611111111
876 4539 1064 4620 promulgari
1081 4541 1201 4618 debeat,
1219 4542 1310 4606 sicuti
1331 4539 1434 4622 publi-
