<?xml version="1.0" encoding="UTF-8"?>
<!DOCTYPE html PUBLIC "-//W3C//DTD XHTML 1.0 Transitional//EN"
    "http://www.w3.org/TR/xhtml1/DTD/xhtml1-transitional.dtd">
<html xmlns="http://www.w3.org/1999/xhtml" xml:lang="en" lang="en">
 <head>
  <title>
</title>
<meta http-equiv="Content-Type" content="text/html;charset=utf-8" />
  <meta name='ocr-system' content='tesseract 3.04.00' />
  <meta name='ocr-capabilities' content='ocr_page ocr_carea ocr_par ocr_line ocrx_word'/>
</head>
<body>
  <div class='ocr_page' id='page_1' title='image "./compendiumtheol03gurygoog_0425.png"; bbox 0 0 3206 5042; ppageno 0'>
   <div class='ocr_carea' id='block_1_1' title="bbox 191 333 933 394">
    <p class='ocr_par' dir='ltr' id='par_1_1' title="bbox 191 333 933 394">
     <span class='ocr_line' id='line_1_1' title="bbox 191 333 933 394; baseline -0.011 -10"><span class='ocrx_word' id='word_1_1' title='bbox 191 335 260 394; x_wconf 68' lang='lat' dir='ltr'><em>m</em></span> <span class='ocrx_word' id='word_1_2' title='bbox 724 333 933 380; x_wconf 64' lang='lat' dir='ltr'>calcamus</span> 
     </span>
    </p>
   </div>
   <div class='ocr_carea' id='block_1_2' title="bbox 314 511 498 593">
    <p class='ocr_par' dir='ltr' id='par_1_2' title="bbox 314 511 498 593">
     <span class='ocr_line' id='line_1_2' title="bbox 314 511 498 593; baseline -0.033 -15"><span class='ocrx_word' id='word_1_3' title='bbox 314 511 498 593; x_wconf 76' lang='lat' dir='ltr'>Regulos.</span> 
     </span>
    </p>
   </div>
   <div class='ocr_carea' id='block_1_3' title="bbox 235 654 1484 742">
    <p class='ocr_par' dir='ltr' id='par_1_3' title="bbox 235 654 1484 742">
     <span class='ocr_line' id='line_1_3' title="bbox 235 654 1484 742; baseline -0.009 -9"><span class='ocrx_word' id='word_1_4' title='bbox 235 674 305 733; x_wconf 84' lang='grc'><strong>913.</strong></span> <span class='ocrx_word' id='word_1_5' title='bbox 322 702 363 714; x_wconf 91' lang='lat'><em>-</em></span> <span class='ocrx_word' id='word_1_6' title='bbox 379 673 411 730; x_wconf 97' lang='grc'>10</span> <span class='ocrx_word' id='word_1_7' title='bbox 424 669 574 728; x_wconf 76' lang='lat' dir='ltr'>censuras</span> <span class='ocrx_word' id='word_1_8' title='bbox 591 661 708 742; x_wconf 81' lang='lat' dir='ltr'>dejure</span> <span class='ocrx_word' id='word_1_9' title='bbox 724 656 882 720; x_wconf 81' lang='lat' dir='ltr'>ordinario</span> <span class='ocrx_word' id='word_1_10' title='bbox 903 654 981 716; x_wconf 90' lang='lat' dir='ltr'>ferre</span> <span class='ocrx_word' id='word_1_11' title='bbox 1004 659 1134 733; x_wconf 88' lang='lat' dir='ltr'>possunt</span> <span class='ocrx_word' id='word_1_12' title='bbox 1155 659 1235 736; x_wconf 90' lang='lat' dir='ltr'>Papa</span> <span class='ocrx_word' id='word_1_13' title='bbox 1254 663 1285 718; x_wconf 89' lang='lat' dir='ltr'>et</span> <span class='ocrx_word' id='word_1_14' title='bbox 1304 658 1484 722; x_wconf 84' lang='lat' dir='ltr'>Concilium</span> 
     </span>
    </p>
   </div>
   <div class='ocr_carea' id='block_1_4' title="bbox 194 741 1593 840">
    <p class='ocr_par' dir='ltr' id='par_1_4' title="bbox 194 741 1593 840">
     <span class='ocr_line' id='line_1_4' title="bbox 194 741 1593 840; baseline -0.011 -18"><span class='ocrx_word' id='word_1_15' title='bbox 194 757 332 840; x_wconf 86' lang='lat' dir='ltr'>generale</span> <span class='ocrx_word' id='word_1_16' title='bbox 346 759 486 834; x_wconf 86' lang='lat' dir='ltr'>respectu</span> <span class='ocrx_word' id='word_1_17' title='bbox 502 751 654 813; x_wconf 81' lang='lat' dir='ltr'>universa</span> <span class='ocrx_word' id='word_1_18' title='bbox 668 746 821 820; x_wconf 48' lang='lat' dir='ltr'>Ecclesiam</span> <span class='ocrx_word' id='word_1_19' title='bbox 836 741 1061 822; x_wconf 84' lang='lat' dir='ltr'>Archiepiscopi</span> <span class='ocrx_word' id='word_1_20' title='bbox 1075 748 1144 804; x_wconf 87' lang='lat' dir='ltr'>tum</span> <span class='ocrx_word' id='word_1_21' title='bbox 1159 744 1194 804; x_wconf 91' lang='lat' dir='ltr'>in</span> <span class='ocrx_word' id='word_1_22' title='bbox 1206 743 1391 810; x_wconf 70' lang='lat' dir='ltr'>dioecesibus</span> <span class='ocrx_word' id='word_1_23' title='bbox 1408 767 1482 828; x_wconf 77' lang='lat' dir='ltr'>pro</span> <span class='ocrx_word' id='word_1_24' title='bbox 1592 791 1593 822; x_wconf 63' lang='grc'><strong>.</strong></span> 
     </span>
    </p>
   </div>
   <div class='ocr_carea' id='block_1_5' title="bbox 194 831 1593 1902">
    <p class='ocr_par' dir='ltr' id='par_1_5' title="bbox 194 831 1593 1902">
     <span class='ocr_line' id='line_1_5' title="bbox 194 831 1481 928; baseline -0.008 -19"><span class='ocrx_word' id='word_1_25' title='bbox 194 846 364 928; x_wconf 54' lang='grc'><strong>1111111111</strong></span> <span class='ocrx_word' id='word_1_26' title='bbox 381 844 416 905; x_wconf 90' lang='lat' dir='ltr'>in</span> <span class='ocrx_word' id='word_1_27' title='bbox 429 839 611 905; x_wconf 80' lang='lat' dir='ltr'>dicecesihus</span> <span class='ocrx_word' id='word_1_28' title='bbox 624 838 887 915; x_wconf 87' lang='lat' dir='ltr'>suffraganeorum</span> <span class='ocrx_word' id='word_1_29' title='bbox 899 838 1036 911; x_wconf 87' lang='lat' dir='ltr'>tempore</span> <span class='ocrx_word' id='word_1_30' title='bbox 1048 831 1253 908; x_wconf 85' lang='lat' dir='ltr'>visitationis,</span> <span class='ocrx_word' id='word_1_31' title='bbox 1271 853 1389 898; x_wconf 89' lang='lat' dir='ltr'>necnon</span> <span class='ocrx_word' id='word_1_32' title='bbox 1404 855 1481 900; x_wconf 91' lang='lat' dir='ltr'>cum</span> 
     </span>
     <span class='ocr_line' id='line_1_6' title="bbox 195 920 1478 1016; baseline -0.009 -17"><span class='ocrx_word' id='word_1_33' title='bbox 195 937 297 1016; x_wconf 88' lang='lat' dir='ltr'>agitur</span> <span class='ocrx_word' id='word_1_34' title='bbox 314 935 351 996; x_wconf 94' lang='lat' dir='ltr'>de</span> <span class='ocrx_word' id='word_1_35' title='bbox 366 951 457 995; x_wconf 89' lang='lat' dir='ltr'>causa</span> <span class='ocrx_word' id='word_1_36' title='bbox 471 931 509 992; x_wconf 88' lang='lat' dir='ltr'>ad</span> <span class='ocrx_word' id='word_1_37' title='bbox 524 945 630 990; x_wconf 88' lang='lat' dir='ltr'>corum</span> <span class='ocrx_word' id='word_1_38' title='bbox 645 925 783 987; x_wconf 89' lang='lat' dir='ltr'>tribunal</span> <span class='ocrx_word' id='word_1_39' title='bbox 797 923 906 996; x_wconf 89' lang='lat' dir='ltr'>delata,</span> <span class='ocrx_word' id='word_1_40' title='bbox 919 920 992 1002; x_wconf 88' lang='lat' dir='ltr'>quia</span> <span class='ocrx_word' id='word_1_41' title='bbox 1002 926 1077 982; x_wconf 86' lang='lat' dir='ltr'>tunc</span> <span class='ocrx_word' id='word_1_42' title='bbox 1084 921 1302 1002; x_wconf 88' lang='lat' dir='ltr'>jurisdictione</span> <span class='ocrx_word' id='word_1_43' title='bbox 1316 923 1350 985; x_wconf 89' lang='lat' dir='ltr'>in</span> <span class='ocrx_word' id='word_1_44' title='bbox 1365 925 1478 988; x_wconf 87' lang='lat' dir='ltr'>suffra-</span> 
     </span>
     <span class='ocr_line' id='line_1_7' title="bbox 199 1009 1477 1106; baseline -0.009 -19"><span class='ocrx_word' id='word_1_45' title='bbox 199 1043 309 1106; x_wconf 90' lang='lat' dir='ltr'>ganeos</span> <span class='ocrx_word' id='word_1_46' title='bbox 321 1023 450 1103; x_wconf 81' lang='lat' dir='ltr'>pollent;</span> <span class='ocrx_word' id='word_1_47' title='bbox 468 1015 607 1097; x_wconf 82' lang='lat' dir='ltr'>Episcopi</span> <span class='ocrx_word' id='word_1_48' title='bbox 624 1018 761 1094; x_wconf 87' lang='lat' dir='ltr'>respectu</span> <span class='ocrx_word' id='word_1_49' title='bbox 775 1010 903 1091; x_wconf 80' lang='lat' dir='ltr'>propria</span> <span class='ocrx_word' id='word_1_50' title='bbox 925 1009 1077 1084; x_wconf 83' lang='lat' dir='ltr'>dioecesis,</span> <span class='ocrx_word' id='word_1_51' title='bbox 1094 1010 1186 1071; x_wconf 91' lang='lat' dir='ltr'>modo</span> <span class='ocrx_word' id='word_1_52' title='bbox 1206 1011 1293 1074; x_wconf 88' lang='lat' dir='ltr'>electi</span> <span class='ocrx_word' id='word_1_53' title='bbox 1314 1031 1348 1074; x_wconf 92' lang='lat' dir='ltr'>ac</span> <span class='ocrx_word' id='word_1_54' title='bbox 1366 1015 1477 1076; x_wconf 88' lang='lat' dir='ltr'>coufir-</span> 
     </span>
     <span class='ocr_line' id='line_1_8' title="bbox 198 1097 1475 1184; baseline -0.007 -9"><span class='ocrx_word' id='word_1_55' title='bbox 198 1112 274 1176; x_wconf 90' lang='lat' dir='ltr'>mati</span> <span class='ocrx_word' id='word_1_56' title='bbox 298 1112 376 1184; x_wconf 91' lang='lat' dir='ltr'>sint,</span> <span class='ocrx_word' id='word_1_57' title='bbox 393 1115 457 1170; x_wconf 90' lang='lat' dir='ltr'>esto</span> <span class='ocrx_word' id='word_1_58' title='bbox 478 1124 541 1168; x_wconf 92' lang='lat' dir='ltr'>non</span> <span class='ocrx_word' id='word_1_59' title='bbox 562 1102 743 1177; x_wconf 80' lang='lat' dir='ltr'>consecrati3</span> <span class='ocrx_word' id='word_1_60' title='bbox 761 1099 873 1162; x_wconf 88' lang='lat' dir='ltr'>Vicarii</span> <span class='ocrx_word' id='word_1_61' title='bbox 889 1097 1040 1179; x_wconf 79' lang='lat' dir='ltr'>generales</span> <span class='ocrx_word' id='word_1_62' title='bbox 1056 1097 1296 1179; x_wconf 89' lang='lat' dir='ltr'>Episcoporum:</span> <span class='ocrx_word' id='word_1_63' title='bbox 1313 1121 1387 1164; x_wconf 89' lang='lat' dir='ltr'>uam</span> <span class='ocrx_word' id='word_1_64' title='bbox 1401 1122 1475 1166; x_wconf 89' lang='lat' dir='ltr'>cum</span> 
     </span>
     <span class='ocr_line' id='line_1_9' title="bbox 198 1186 1471 1282; baseline -0.007 -20"><span class='ocrx_word' id='word_1_65' title='bbox 198 1201 273 1282; x_wconf 88' lang='lat' dir='ltr'>ipsis</span> <span class='ocrx_word' id='word_1_66' title='bbox 295 1197 450 1278; x_wconf 90' lang='lat' dir='ltr'>Episcopis</span> <span class='ocrx_word' id='word_1_67' title='bbox 471 1213 572 1258; x_wconf 78' lang='lat' dir='ltr'>uncam</span> <span class='ocrx_word' id='word_1_68' title='bbox 587 1191 724 1255; x_wconf 87' lang='lat' dir='ltr'>tribunal</span> <span class='ocrx_word' id='word_1_69' title='bbox 738 1189 949 1255; x_wconf 83' lang='lat' dir='ltr'>constituunt:</span> <span class='ocrx_word' id='word_1_70' title='bbox 963 1187 1067 1266; x_wconf 88' lang='lat' dir='ltr'>Legati</span> <span class='ocrx_word' id='word_1_71' title='bbox 1083 1186 1116 1248; x_wconf 89' lang='lat' dir='ltr'>in</span> <span class='ocrx_word' id='word_1_72' title='bbox 1133 1187 1288 1251; x_wconf 87' lang='lat' dir='ltr'>territorio</span> <span class='ocrx_word' id='word_1_73' title='bbox 1302 1191 1471 1270; x_wconf 85' lang='lat' dir='ltr'>legationis,</span> 
     </span>
     <span class='ocr_line' id='line_1_10' title="bbox 198 1275 1473 1362; baseline -0.008 -11"><span class='ocrx_word' id='word_1_74' title='bbox 198 1293 228 1351; x_wconf 89' lang='lat' dir='ltr'>et</span> <span class='ocrx_word' id='word_1_75' title='bbox 241 1288 414 1352; x_wconf 85' lang='lat' dir='ltr'>Gardinales</span> <span class='ocrx_word' id='word_1_76' title='bbox 429 1287 463 1347; x_wconf 93' lang='lat' dir='ltr'>in</span> <span class='ocrx_word' id='word_1_77' title='bbox 478 1283 608 1362; x_wconf 80' lang='lat' dir='ltr'>Ecclesia</span> <span class='ocrx_word' id='word_1_78' title='bbox 623 1279 736 1361; x_wconf 89' lang='lat' dir='ltr'>proprii</span> <span class='ocrx_word' id='word_1_79' title='bbox 750 1277 849 1353; x_wconf 85' lang='lat' dir='ltr'>tituli;</span> <span class='ocrx_word' id='word_1_80' title='bbox 867 1275 1000 1340; x_wconf 85' lang='lat' dir='ltr'>Concilio</span> <span class='ocrx_word' id='word_1_81' title='bbox 1013 1275 1212 1356; x_wconf 81' lang='lat' dir='ltr'>provincialia</span> <span class='ocrx_word' id='word_1_82' title='bbox 1225 1276 1260 1340; x_wconf 92' lang='lat' dir='ltr'>in</span> <span class='ocrx_word' id='word_1_83' title='bbox 1272 1278 1336 1341; x_wconf 86' lang='lat' dir='ltr'>suis</span> <span class='ocrx_word' id='word_1_84' title='bbox 1348 1281 1473 1360; x_wconf 92' lang='lat' dir='ltr'>provin-</span> 
     </span>
     <span class='ocr_line' id='line_1_11' title="bbox 197 1365 1475 1453; baseline -0.007 -13"><span class='ocrx_word' id='word_1_85' title='bbox 197 1379 268 1453; x_wconf 90' lang='lat' dir='ltr'>ciis;</span> <span class='ocrx_word' id='word_1_86' title='bbox 286 1375 457 1448; x_wconf 85' lang='lat' dir='ltr'>Generales,</span> <span class='ocrx_word' id='word_1_87' title='bbox 477 1370 694 1444; x_wconf 75' lang='lat' dir='ltr'>provinciales,</span> <span class='ocrx_word' id='word_1_88' title='bbox 716 1374 746 1430; x_wconf 91' lang='lat' dir='ltr'>et</span> <span class='ocrx_word' id='word_1_89' title='bbox 767 1366 941 1447; x_wconf 85' lang='lat' dir='ltr'>Superiores</span> <span class='ocrx_word' id='word_1_90' title='bbox 962 1365 1068 1427; x_wconf 86' lang='lat' dir='ltr'>locales</span> <span class='ocrx_word' id='word_1_91' title='bbox 1088 1365 1242 1428; x_wconf 88' lang='lat' dir='ltr'>Ordinum</span> <span class='ocrx_word' id='word_1_92' title='bbox 1262 1367 1475 1447; x_wconf 89' lang='lat' dir='ltr'>religiosorum</span> 
     </span>
     <span class='ocr_line' id='line_1_12' title="bbox 199 1455 1473 1546; baseline -0.009 -19"><span class='ocrx_word' id='word_1_93' title='bbox 199 1485 252 1546; x_wconf 90' lang='lat' dir='ltr'>pro</span> <span class='ocrx_word' id='word_1_94' title='bbox 267 1464 361 1527; x_wconf 89' lang='lat' dir='ltr'>variis</span> <span class='ocrx_word' id='word_1_95' title='bbox 376 1481 481 1525; x_wconf 88' lang='lat' dir='ltr'>eorum</span> <span class='ocrx_word' id='word_1_96' title='bbox 496 1459 638 1534; x_wconf 88' lang='lat' dir='ltr'>statutis,</span> <span class='ocrx_word' id='word_1_97' title='bbox 655 1460 745 1520; x_wconf 89' lang='lat' dir='ltr'>modo</span> <span class='ocrx_word' id='word_1_98' title='bbox 762 1476 793 1519; x_wconf 90' lang='lat' dir='ltr'>sc</span> <span class='ocrx_word' id='word_1_99' title='bbox 812 1455 1001 1518; x_wconf 85' lang='lat' dir='ltr'>conforment</span> <span class='ocrx_word' id='word_1_100' title='bbox 1020 1455 1136 1517; x_wconf 89' lang='lat' dir='ltr'>decreto</span> <span class='ocrx_word' id='word_1_101' title='bbox 1150 1455 1312 1518; x_wconf 82' lang='lat' dir='ltr'>Clementis</span> <span class='ocrx_word' id='word_1_102' title='bbox 1327 1459 1392 1518; x_wconf 86' lang='lat' dir='ltr'>Vlll</span> <span class='ocrx_word' id='word_1_103' title='bbox 1405 1456 1473 1534; x_wconf 78' lang='lat' dir='ltr'>(su-</span> 
     </span>
     <span class='ocr_line' id='line_1_13' title="bbox 196 1544 1470 1635; baseline -0.005 -21"><span class='ocrx_word' id='word_1_104' title='bbox 196 1575 269 1635; x_wconf 83' lang='lat' dir='ltr'>pro,</span> <span class='ocrx_word' id='word_1_105' title='bbox 281 1575 312 1614; x_wconf 81' lang='lat' dir='ltr'>a.</span> <span class='ocrx_word' id='word_1_106' title='bbox 330 1553 512 1628; x_wconf 60' lang='grc'><strong>57191111.</strong></span> <span class='ocrx_word' id='word_1_107' title='bbox 530 1551 575 1631; x_wconf 89' lang='lat'>6),</span> <span class='ocrx_word' id='word_1_108' title='bbox 590 1549 681 1630; x_wconf 85' lang='lat' dir='ltr'>quod,</span> <span class='ocrx_word' id='word_1_109' title='bbox 701 1566 737 1610; x_wconf 85' lang='grc'>111</span> <span class='ocrx_word' id='word_1_110' title='bbox 749 1545 904 1609; x_wconf 86' lang='lat' dir='ltr'>Decisione</span> <span class='ocrx_word' id='word_1_111' title='bbox 917 1547 947 1607; x_wconf 87' lang='lat' dir='ltr'>S.</span> <span class='ocrx_word' id='word_1_112' title='bbox 964 1549 997 1607; x_wconf 81' lang='lat' dir='ltr'>C.</span> <span class='ocrx_word' id='word_1_113' title='bbox 1010 1549 1056 1618; x_wconf 70' lang='lat' dir='ltr'>G,</span> <span class='ocrx_word' id='word_1_114' title='bbox 1070 1549 1088 1606; x_wconf 82' lang='lat' dir='ltr'>&#39;l</span> <span class='ocrx_word' id='word_1_115' title='bbox 1104 1544 1164 1606; x_wconf 91' lang='lat' dir='ltr'>Jul.</span> <span class='ocrx_word' id='word_1_116' title='bbox 1175 1547 1259 1617; x_wconf 80' lang='grc'><strong>1617,</strong></span> <span class='ocrx_word' id='word_1_117' title='bbox 1271 1545 1308 1605; x_wconf 89' lang='lat' dir='ltr'>ad</span> <span class='ocrx_word' id='word_1_118' title='bbox 1322 1562 1470 1607; x_wconf 87' lang='lat' dir='ltr'>censuras</span> 
     </span>
     <span class='ocr_line' id='line_1_14' title="bbox 200 1633 1471 1719; baseline -0.007 -15"><span class='ocrx_word' id='word_1_119' title='bbox 200 1642 296 1704; x_wconf 88' lang='lat' dir='ltr'>etiaur</span> <span class='ocrx_word' id='word_1_120' title='bbox 312 1641 456 1716; x_wconf 88' lang='lat' dir='ltr'>refertur;</span> <span class='ocrx_word' id='word_1_121' title='bbox 473 1639 649 1719; x_wconf 77' lang='lat' dir='ltr'>Capitulum</span> <span class='ocrx_word' id='word_1_122' title='bbox 671 1636 809 1700; x_wconf 78' lang='lat' dir='ltr'>Ecclesia</span> <span class='ocrx_word' id='word_1_123' title='bbox 828 1634 1024 1708; x_wconf 85' lang='lat' dir='ltr'>cathedralis,</span> <span class='ocrx_word' id='word_1_124' title='bbox 1040 1635 1108 1695; x_wconf 88' lang='lat' dir='ltr'>sede</span> <span class='ocrx_word' id='word_1_125' title='bbox 1127 1637 1260 1706; x_wconf 87' lang='lat' dir='ltr'>vacante,</span> <span class='ocrx_word' id='word_1_126' title='bbox 1273 1637 1303 1694; x_wconf 89' lang='lat' dir='ltr'>et</span> <span class='ocrx_word' id='word_1_127' title='bbox 1320 1639 1392 1694; x_wconf 90' lang='lat' dir='ltr'>ante</span> <span class='ocrx_word' id='word_1_128' title='bbox 1405 1633 1471 1695; x_wconf 89' lang='lat' dir='ltr'>ele-</span> 
     </span>
     <span class='ocr_line' id='line_1_15' title="bbox 201 1720 1593 1826; baseline -0.006 -33"><span class='ocrx_word' id='word_1_129' title='bbox 201 1731 332 1793; x_wconf 90' lang='lat' dir='ltr'>ctionem</span> <span class='ocrx_word' id='word_1_130' title='bbox 345 1729 459 1792; x_wconf 76' lang='grc'><strong>1111111</strong></span> <span class='ocrx_word' id='word_1_131' title='bbox 474 1727 664 1810; x_wconf 77' lang='lat' dir='ltr'>capitulariS,</span> <span class='ocrx_word' id='word_1_132' title='bbox 682 1727 737 1808; x_wconf 88' lang='lat' dir='ltr'>qui</span> <span class='ocrx_word' id='word_1_133' title='bbox 758 1725 811 1788; x_wconf 89' lang='lat' dir='ltr'>tali</span> <span class='ocrx_word' id='word_1_134' title='bbox 832 1727 979 1805; x_wconf 74' lang='lat' dir='ltr'>potestate</span> <span class='ocrx_word' id='word_1_135' title='bbox 996 1723 1136 1802; x_wconf 87' lang='lat' dir='ltr'>deinceps</span> <span class='ocrx_word' id='word_1_136' title='bbox 1151 1720 1297 1784; x_wconf 80' lang='lat' dir='ltr'>exclusive</span> <span class='ocrx_word' id='word_1_137' title='bbox 1311 1720 1471 1802; x_wconf 81' lang='lat' dir='ltr'>gaudebit.</span> <span class='ocrx_word' id='word_1_138' title='bbox 1592 1773 1593 1826; x_wconf 61' lang='lat' dir='ltr'>p</span> 
     </span>
     <span class='ocr_line' id='line_1_16' title="bbox 199 1819 1593 1902; baseline -0.009 -19"><span class='ocrx_word' id='word_1_139' title='bbox 199 1820 290 1882; x_wconf 81' lang='lat' dir='ltr'>-S.</span> <span class='ocrx_word' id='word_1_140' title='bbox 306 1820 389 1902; x_wconf 67' lang='lat' dir='ltr'>Lip„</span> <span class='ocrx_word' id='word_1_141' title='bbox 406 1819 482 1880; x_wconf 81' lang='lat' dir='ltr'>ibid.</span> <span class='ocrx_word' id='word_1_142' title='bbox 1592 1827 1593 1844; x_wconf 64' lang='lat'>¹</span> 
     </span>
    </p>
   </div>
   <div class='ocr_carea' id='block_1_6' title="bbox 241 1899 1593 1988">
    <p class='ocr_par' dir='ltr' id='par_1_6' title="bbox 241 1899 1593 1988">
     <span class='ocr_line' id='line_1_17' title="bbox 241 1899 1593 1988; baseline -0.008 -16"><span class='ocrx_word' id='word_1_143' title='bbox 241 1914 274 1972; x_wconf 73' lang='lat'>2⁰</span> <span class='ocrx_word' id='word_1_144' title='bbox 290 1908 414 1970; x_wconf 90' lang='lat' dir='ltr'>Parochi</span> <span class='ocrx_word' id='word_1_145' title='bbox 436 1928 497 1972; x_wconf 88' lang='lat' dir='ltr'>non</span> <span class='ocrx_word' id='word_1_146' title='bbox 517 1912 646 1988; x_wconf 90' lang='lat' dir='ltr'>possunt</span> <span class='ocrx_word' id='word_1_147' title='bbox 666 1907 701 1967; x_wconf 88' lang='lat' dir='ltr'>de</span> <span class='ocrx_word' id='word_1_148' title='bbox 715 1906 791 1987; x_wconf 83' lang='lat' dir='ltr'>jore</span> <span class='ocrx_word' id='word_1_149' title='bbox 812 1904 968 1966; x_wconf 81' lang='lat' dir='ltr'>ordinario</span> <span class='ocrx_word' id='word_1_150' title='bbox 987 1901 1064 1963; x_wconf 90' lang='lat' dir='ltr'>ferre</span> <span class='ocrx_word' id='word_1_151' title='bbox 1085 1919 1243 1974; x_wconf 79' lang='lat' dir='ltr'>censurae,</span> <span class='ocrx_word' id='word_1_152' title='bbox 1259 1901 1332 1982; x_wconf 86' lang='lat' dir='ltr'>quia</span> <span class='ocrx_word' id='word_1_153' title='bbox 1350 1899 1478 1982; x_wconf 84' lang='lat' dir='ltr'>jurisdi-</span> <span class='ocrx_word' id='word_1_154' title='bbox 1592 1903 1593 1926; x_wconf 69' lang='lat'>³</span> 
     </span>
    </p>
   </div>
   <div class='ocr_carea' id='block_1_7' title="bbox 201 1988 1475 2256">
    <p class='ocr_par' dir='ltr' id='par_1_7' title="bbox 201 1988 1475 2256">
     <span class='ocr_line' id='line_1_18' title="bbox 201 1988 1475 2073; baseline -0.009 -13"><span class='ocrx_word' id='word_1_155' title='bbox 201 1998 334 2060; x_wconf 88' lang='lat' dir='ltr'>ctionem</span> <span class='ocrx_word' id='word_1_156' title='bbox 358 2017 421 2061; x_wconf 90' lang='lat' dir='ltr'>non</span> <span class='ocrx_word' id='word_1_157' title='bbox 448 1999 563 2061; x_wconf 86' lang='lat' dir='ltr'>hahent</span> <span class='ocrx_word' id='word_1_158' title='bbox 590 1997 623 2058; x_wconf 92' lang='lat' dir='ltr'>in</span> <span class='ocrx_word' id='word_1_159' title='bbox 651 1995 714 2058; x_wconf 91' lang='lat' dir='ltr'>foro</span> <span class='ocrx_word' id='word_1_160' title='bbox 739 2001 865 2057; x_wconf 80' lang='lat' dir='ltr'>externo</span> <span class='ocrx_word' id='word_1_161' title='bbox 890 1996 921 2054; x_wconf 88' lang='lat' dir='ltr'>et</span> <span class='ocrx_word' id='word_1_162' title='bbox 942 1989 1100 2073; x_wconf 90' lang='lat' dir='ltr'>judiciali,</span> <span class='ocrx_word' id='word_1_163' title='bbox 1122 1991 1173 2052; x_wconf 89' lang='lat' dir='ltr'>sed</span> <span class='ocrx_word' id='word_1_164' title='bbox 1193 1997 1319 2052; x_wconf 86' lang='lat' dir='ltr'>tantum</span> <span class='ocrx_word' id='word_1_165' title='bbox 1344 1988 1475 2051; x_wconf 86' lang='lat' dir='ltr'>admini-</span> 
     </span>
     <span class='ocr_line' id='line_1_19' title="bbox 203 2078 1475 2166; baseline -0.006 -19"><span class='ocrx_word' id='word_1_166' title='bbox 203 2087 383 2150; x_wconf 89' lang='lat' dir='ltr'>strationem</span> <span class='ocrx_word' id='word_1_167' title='bbox 405 2089 442 2150; x_wconf 88' lang='lat' dir='ltr'>ad</span> <span class='ocrx_word' id='word_1_168' title='bbox 463 2094 581 2150; x_wconf 90' lang='lat' dir='ltr'>rectum</span> <span class='ocrx_word' id='word_1_169' title='bbox 602 2085 750 2166; x_wconf 79' lang='lat' dir='ltr'>parochia</span> <span class='ocrx_word' id='word_1_170' title='bbox 774 2083 924 2147; x_wconf 87' lang='lat' dir='ltr'>ordinem.</span> <span class='ocrx_word' id='word_1_171' title='bbox 946 2117 985 2126; x_wconf 95' lang='lat'>—</span> <span class='ocrx_word' id='word_1_172' title='bbox 1013 2079 1049 2141; x_wconf 85' lang='lat' dir='ltr'>S.</span> <span class='ocrx_word' id='word_1_173' title='bbox 1073 2078 1191 2158; x_wconf 62' lang='lat' dir='ltr'>Thoar,</span> <span class='ocrx_word' id='word_1_174' title='bbox 1214 2081 1246 2141; x_wconf 83' lang='lat' dir='ltr'>ia</span> <span class='ocrx_word' id='word_1_175' title='bbox 1272 2085 1307 2155; x_wconf 82' lang='lat' dir='ltr'>l,</span> <span class='ocrx_word' id='word_1_176' title='bbox 1329 2079 1398 2140; x_wconf 83' lang='lat' dir='ltr'>dist.</span> <span class='ocrx_word' id='word_1_177' title='bbox 1421 2081 1475 2150; x_wconf 84' lang='grc'>18,</span> 
     </span>
     <span class='ocr_line' id='line_1_20' title="bbox 203 2181 407 2256; baseline -0.015 -16"><span class='ocrx_word' id='word_1_178' title='bbox 203 2196 232 2256; x_wconf 87' lang='lat' dir='ltr'>q.</span> <span class='ocrx_word' id='word_1_179' title='bbox 251 2181 285 2249; x_wconf 89' lang='lat'>3,</span> <span class='ocrx_word' id='word_1_180' title='bbox 302 2187 362 2237; x_wconf 86' lang='lat' dir='ltr'>ort.</span> <span class='ocrx_word' id='word_1_181' title='bbox 378 2182 407 2239; x_wconf 90' lang='lat'>3.</span> 
     </span>
    </p>
   </div>
   <div class='ocr_carea' id='block_1_8' title="bbox 203 2255 1593 2434">
    <p class='ocr_par' dir='ltr' id='par_1_8' title="bbox 203 2255 1593 2434">
     <span class='ocr_line' id='line_1_21' title="bbox 243 2255 1593 2340; baseline -0.01 -12"><span class='ocrx_word' id='word_1_182' title='bbox 243 2268 276 2328; x_wconf 85' lang='lat'>3⁰</span> <span class='ocrx_word' id='word_1_183' title='bbox 291 2264 374 2326; x_wconf 91' lang='lat' dir='ltr'>Laici</span> <span class='ocrx_word' id='word_1_184' title='bbox 395 2273 425 2328; x_wconf 90' lang='lat' dir='ltr'>et</span> <span class='ocrx_word' id='word_1_185' title='bbox 449 2266 603 2340; x_wconf 88' lang='lat' dir='ltr'>mulieres,</span> <span class='ocrx_word' id='word_1_186' title='bbox 619 2262 825 2328; x_wconf 87' lang='lat' dir='ltr'>communiter</span> <span class='ocrx_word' id='word_1_187' title='bbox 848 2261 1011 2340; x_wconf 85' lang='lat' dir='ltr'>loquendo,</span> <span class='ocrx_word' id='word_1_188' title='bbox 1029 2277 1068 2320; x_wconf 89' lang='lat' dir='ltr'>ne</span> <span class='ocrx_word' id='word_1_189' title='bbox 1084 2277 1122 2320; x_wconf 82' lang='grc'>11</span> <span class='ocrx_word' id='word_1_190' title='bbox 1136 2255 1321 2337; x_wconf 77' lang='lat' dir='ltr'>delepctioae</span> <span class='ocrx_word' id='word_1_191' title='bbox 1335 2255 1474 2337; x_wconf 89' lang='lat' dir='ltr'>quidem,</span> <span class='ocrx_word' id='word_1_192' title='bbox 1592 2283 1593 2290; x_wconf 70' lang='lat'>.</span> 
     </span>
     <span class='ocr_line' id='line_1_22' title="bbox 203 2343 1593 2434; baseline -0.006 -20"><span class='ocrx_word' id='word_1_193' title='bbox 203 2371 346 2416; x_wconf 89' lang='lat' dir='ltr'>censuras</span> <span class='ocrx_word' id='word_1_194' title='bbox 359 2353 435 2416; x_wconf 90' lang='lat' dir='ltr'>ferre</span> <span class='ocrx_word' id='word_1_195' title='bbox 450 2360 588 2434; x_wconf 86' lang='lat' dir='ltr'>possunt.</span> <span class='ocrx_word' id='word_1_196' title='bbox 600 2355 728 2416; x_wconf 90' lang='lat' dir='ltr'>Proinde</span> <span class='ocrx_word' id='word_1_197' title='bbox 740 2349 911 2414; x_wconf 84' lang='lat' dir='ltr'>Abbatissae</span> <span class='ocrx_word' id='word_1_198' title='bbox 925 2347 1106 2413; x_wconf 90' lang='lat' dir='ltr'>Monialium</span> <span class='ocrx_word' id='word_1_199' title='bbox 1121 2353 1280 2426; x_wconf 90' lang='lat' dir='ltr'>nequeunt</span> <span class='ocrx_word' id='word_1_200' title='bbox 1291 2344 1413 2426; x_wconf 88' lang='lat' dir='ltr'>propria</span> <span class='ocrx_word' id='word_1_201' title='bbox 1424 2363 1479 2406; x_wconf 88' lang='lat' dir='ltr'>au·</span> <span class='ocrx_word' id='word_1_202' title='bbox 1592 2343 1593 2384; x_wconf 63' lang='lat'><em>³</em></span> 
     </span>
    </p>
   </div>
   <div class='ocr_carea' id='block_1_9' title="bbox 204 2435 1478 2602">
    <p class='ocr_par' dir='ltr' id='par_1_9' title="bbox 204 2435 1478 2602">
     <span class='ocr_line' id='line_1_23' title="bbox 204 2435 1478 2518; baseline -0.005 -17"><span class='ocrx_word' id='word_1_203' title='bbox 204 2443 343 2503; x_wconf 88' lang='lat' dir='ltr'>ctoritate</span> <span class='ocrx_word' id='word_1_204' title='bbox 362 2462 412 2503; x_wconf 90' lang='lat' dir='ltr'>eas</span> <span class='ocrx_word' id='word_1_205' title='bbox 433 2441 525 2518; x_wconf 89' lang='grc'><strong>11111,</strong></span> <span class='ocrx_word' id='word_1_206' title='bbox 542 2443 593 2503; x_wconf 91' lang='lat' dir='ltr'>sed</span> <span class='ocrx_word' id='word_1_207' title='bbox 612 2447 737 2502; x_wconf 88' lang='lat' dir='ltr'>tantum</span> <span class='ocrx_word' id='word_1_208' title='bbox 756 2442 914 2502; x_wconf 88' lang='lat' dir='ltr'>decretum</span> <span class='ocrx_word' id='word_1_209' title='bbox 928 2437 1064 2499; x_wconf 86' lang='lat' dir='ltr'>obtinere</span> <span class='ocrx_word' id='word_1_210' title='bbox 1082 2440 1224 2516; x_wconf 88' lang='lat' dir='ltr'>possunt,</span> <span class='ocrx_word' id='word_1_211' title='bbox 1239 2453 1301 2513; x_wconf 92' lang='lat' dir='ltr'>quo</span> <span class='ocrx_word' id='word_1_212' title='bbox 1316 2435 1374 2496; x_wconf 91' lang='lat' dir='ltr'>sub</span> <span class='ocrx_word' id='word_1_213' title='bbox 1389 2450 1478 2514; x_wconf 79' lang='lat' dir='ltr'>poena</span> 
     </span>
     <span class='ocr_line' id='line_1_24' title="bbox 204 2523 1478 2602; baseline -0.003 -13"><span class='ocrx_word' id='word_1_214' title='bbox 204 2545 340 2590; x_wconf 77' lang='lat' dir='ltr'>censura</span> <span class='ocrx_word' id='word_1_215' title='bbox 355 2529 502 2590; x_wconf 88' lang='lat' dir='ltr'>mandata</span> <span class='ocrx_word' id='word_1_216' title='bbox 516 2547 571 2590; x_wconf 91' lang='lat' dir='ltr'>sua</span> <span class='ocrx_word' id='word_1_217' title='bbox 586 2527 700 2590; x_wconf 90' lang='lat' dir='ltr'>servari</span> <span class='ocrx_word' id='word_1_218' title='bbox 717 2528 856 2590; x_wconf 83' lang='lat' dir='ltr'>debeant.</span> <span class='ocrx_word' id='word_1_219' title='bbox 872 2531 950 2590; x_wconf 87' lang='lat' dir='ltr'>Gum</span> <span class='ocrx_word' id='word_1_220' title='bbox 962 2533 1066 2587; x_wconf 84' lang='grc'><strong>11111111</strong></span> <span class='ocrx_word' id='word_1_221' title='bbox 1078 2525 1141 2586; x_wconf 80' lang='lat' dir='ltr'>hac</span> <span class='ocrx_word' id='word_1_222' title='bbox 1152 2523 1350 2602; x_wconf 86' lang='lat' dir='ltr'>incapacitas,</span> <span class='ocrx_word' id='word_1_223' title='bbox 1369 2523 1478 2585; x_wconf 87' lang='lat' dir='ltr'>saltem</span> 
     </span>
    </p>
   </div>
   <div class='ocr_carea' id='block_1_10' title="bbox 203 2609 1593 2788">
    <p class='ocr_par' dir='ltr' id='par_1_10' title="bbox 203 2609 1593 2788">
     <span class='ocr_line' id='line_1_25' title="bbox 203 2609 1593 2697; baseline -0.004 -21"><span class='ocrx_word' id='word_1_224' title='bbox 203 2616 304 2694; x_wconf 88' lang='lat' dir='ltr'>quoad</span> <span class='ocrx_word' id='word_1_225' title='bbox 319 2615 419 2692; x_wconf 91' lang='lat' dir='ltr'>laicos,</span> <span class='ocrx_word' id='word_1_226' title='bbox 434 2635 471 2678; x_wconf 82' lang='lat' dir='ltr'>ex</span> <span class='ocrx_word' id='word_1_227' title='bbox 487 2618 548 2679; x_wconf 92' lang='lat' dir='ltr'>solo</span> <span class='ocrx_word' id='word_1_228' title='bbox 559 2619 628 2697; x_wconf 87' lang='lat' dir='ltr'>jure</span> <span class='ocrx_word' id='word_1_229' title='bbox 639 2617 777 2680; x_wconf 89' lang='lat' dir='ltr'>humano</span> <span class='ocrx_word' id='word_1_230' title='bbox 791 2617 919 2691; x_wconf 89' lang='lat' dir='ltr'>oriatur,</span> <span class='ocrx_word' id='word_1_231' title='bbox 930 2621 1031 2695; x_wconf 92' lang='lat' dir='ltr'>posset</span> <span class='ocrx_word' id='word_1_232' title='bbox 1042 2614 1073 2676; x_wconf 93' lang='lat' dir='ltr'>in</span> <span class='ocrx_word' id='word_1_233' title='bbox 1087 2631 1119 2673; x_wconf 89' lang='lat' dir='ltr'>ea</span> <span class='ocrx_word' id='word_1_234' title='bbox 1133 2609 1271 2670; x_wconf 81' lang='lat' dir='ltr'>Pontifex</span> <span class='ocrx_word' id='word_1_235' title='bbox 1283 2610 1476 2688; x_wconf 87' lang='lat' dir='ltr'>dispensare.</span> <span class='ocrx_word' id='word_1_236' title='bbox 1592 2649 1593 2660; x_wconf 75' lang='lat'>.</span> 
     </span>
     <span class='ocr_line' id='line_1_26' title="bbox 203 2695 1593 2788; baseline -0.009 -20"><span class='ocrx_word' id='word_1_237' title='bbox 203 2703 274 2768; x_wconf 88' lang='lat' dir='ltr'>Dico</span> <span class='ocrx_word' id='word_1_238' title='bbox 284 2703 391 2766; x_wconf 80' lang='lat' dir='ltr'>saltem</span> <span class='ocrx_word' id='word_1_239' title='bbox 402 2707 506 2787; x_wconf 86' lang='lat' dir='ltr'>quood</span> <span class='ocrx_word' id='word_1_240' title='bbox 521 2706 629 2780; x_wconf 82' lang='lat' dir='ltr'>laicos,</span> <span class='ocrx_word' id='word_1_241' title='bbox 642 2725 715 2768; x_wconf 91' lang='lat' dir='ltr'>nam</span> <span class='ocrx_word' id='word_1_242' title='bbox 724 2706 956 2788; x_wconf 88' lang='lat' dir='ltr'>incapacitatem</span> <span class='ocrx_word' id='word_1_243' title='bbox 970 2703 1131 2767; x_wconf 89' lang='lat' dir='ltr'>mulierum</span> <span class='ocrx_word' id='word_1_244' title='bbox 1142 2698 1242 2778; x_wconf 84' lang='lat' dir='ltr'>plures</span> <span class='ocrx_word' id='word_1_245' title='bbox 1255 2699 1351 2776; x_wconf 82' lang='lat' dir='ltr'>ajars</span> <span class='ocrx_word' id='word_1_246' title='bbox 1362 2695 1476 2759; x_wconf 88' lang='lat' dir='ltr'>divino</span> <span class='ocrx_word' id='word_1_247' title='bbox 1592 2697 1593 2756; x_wconf 69' lang='lat' dir='ltr'>t</span> 
     </span>
    </p>
   </div>
   <div class='ocr_carea' id='block_1_11' title="bbox 203 2796 1478 3232">
    <p class='ocr_par' dir='ltr' id='par_1_11' title="bbox 203 2796 665 2877">
     <span class='ocr_line' id='line_1_27' title="bbox 203 2796 665 2877; baseline -0.004 -22"><span class='ocrx_word' id='word_1_248' title='bbox 203 2800 356 2874; x_wconf 88' lang='lat' dir='ltr'>repetunt.</span> <span class='ocrx_word' id='word_1_249' title='bbox 372 2831 413 2842; x_wconf 89' lang='lat'><em>-</em></span> <span class='ocrx_word' id='word_1_250' title='bbox 428 2796 464 2858; x_wconf 89' lang='lat' dir='ltr'>S.</span> <span class='ocrx_word' id='word_1_251' title='bbox 481 2797 551 2877; x_wconf 78' lang='lat' dir='ltr'>Lip.</span> <span class='ocrx_word' id='word_1_252' title='bbox 568 2817 598 2856; x_wconf 82' lang='lat' dir='ltr'>a.</span> <span class='ocrx_word' id='word_1_253' title='bbox 617 2801 665 2858; x_wconf 76' lang='grc'>11.</span> 
     </span>
    </p>

    <p class='ocr_par' dir='ltr' id='par_1_12' title="bbox 206 2874 1478 3232">
     <span class='ocr_line' id='line_1_28' title="bbox 246 2874 1476 2965; baseline -0.011 -21"><span class='ocrx_word' id='word_1_254' title='bbox 246 2887 279 2944; x_wconf 79' lang='grc'>10</span> <span class='ocrx_word' id='word_1_255' title='bbox 293 2885 429 2947; x_wconf 87' lang='lat' dir='ltr'>Potestas</span> <span class='ocrx_word' id='word_1_256' title='bbox 451 2886 585 2965; x_wconf 89' lang='lat' dir='ltr'>delegata</span> <span class='ocrx_word' id='word_1_257' title='bbox 604 2891 700 2948; x_wconf 86' lang='lat' dir='ltr'>cessat</span> <span class='ocrx_word' id='word_1_258' title='bbox 720 2891 818 2948; x_wconf 88' lang='lat' dir='ltr'>morte</span> <span class='ocrx_word' id='word_1_259' title='bbox 839 2883 1018 2963; x_wconf 80' lang='lat' dir='ltr'>delegantis,</span> <span class='ocrx_word' id='word_1_260' title='bbox 1037 2881 1098 2944; x_wconf 89' lang='lat' dir='ltr'>nisi</span> <span class='ocrx_word' id='word_1_261' title='bbox 1117 2896 1205 2942; x_wconf 86' lang='lat' dir='ltr'>causa</span> <span class='ocrx_word' id='word_1_262' title='bbox 1223 2893 1242 2935; x_wconf 83' lang='lat' dir='ltr'>a</span> <span class='ocrx_word' id='word_1_263' title='bbox 1260 2875 1396 2952; x_wconf 82' lang='lat' dir='ltr'>delegato</span> <span class='ocrx_word' id='word_1_264' title='bbox 1413 2874 1476 2953; x_wconf 86' lang='lat' dir='ltr'>jam</span> 
     </span>
     <span class='ocr_line' id='line_1_29' title="bbox 206 2961 1478 3055; baseline -0.01 -22"><span class='ocrx_word' id='word_1_265' title='bbox 206 2971 302 3034; x_wconf 92' lang='lat' dir='ltr'>fuerit</span> <span class='ocrx_word' id='word_1_266' title='bbox 324 2971 444 3052; x_wconf 88' lang='lat' dir='ltr'>incepta</span> <span class='ocrx_word' id='word_1_267' title='bbox 465 2975 573 3036; x_wconf 88' lang='lat' dir='ltr'>saltem</span> <span class='ocrx_word' id='word_1_268' title='bbox 587 2993 639 3055; x_wconf 92' lang='lat' dir='ltr'>per</span> <span class='ocrx_word' id='word_1_269' title='bbox 653 2975 840 3037; x_wconf 89' lang='lat' dir='ltr'>citationem.</span> <span class='ocrx_word' id='word_1_270' title='bbox 858 2972 1017 3052; x_wconf 86' lang='lat' dir='ltr'>Delegatus</span> <span class='ocrx_word' id='word_1_271' title='bbox 1033 2989 1103 3034; x_wconf 88' lang='lat' dir='ltr'>vero</span> <span class='ocrx_word' id='word_1_272' title='bbox 1122 2969 1160 3030; x_wconf 92' lang='lat' dir='ltr'>ad</span> <span class='ocrx_word' id='word_1_273' title='bbox 1180 2982 1323 3028; x_wconf 89' lang='lat' dir='ltr'>censuras</span> <span class='ocrx_word' id='word_1_274' title='bbox 1341 2961 1478 3024; x_wconf 89' lang='lat' dir='ltr'>ferendas</span> 
     </span>
     <span class='ocr_line' id='line_1_30' title="bbox 209 3049 1476 3143; baseline -0.009 -22"><span class='ocrx_word' id='word_1_275' title='bbox 209 3079 270 3122; x_wconf 89' lang='lat' dir='ltr'>non</span> <span class='ocrx_word' id='word_1_276' title='bbox 283 3067 383 3140; x_wconf 90' lang='lat' dir='ltr'>potest</span> <span class='ocrx_word' id='word_1_277' title='bbox 396 3062 527 3124; x_wconf 89' lang='lat' dir='ltr'>alterum</span> <span class='ocrx_word' id='word_1_278' title='bbox 547 3063 756 3143; x_wconf 87' lang='lat' dir='ltr'>subdelegare,</span> <span class='ocrx_word' id='word_1_279' title='bbox 773 3063 835 3124; x_wconf 88' lang='lat' dir='ltr'>nisi</span> <span class='ocrx_word' id='word_1_280' title='bbox 850 3079 1023 3139; x_wconf 85' lang='lat' dir='ltr'>expressam</span> <span class='ocrx_word' id='word_1_281' title='bbox 1044 3057 1186 3120; x_wconf 89' lang='lat' dir='ltr'>hahuerit</span> <span class='ocrx_word' id='word_1_282' title='bbox 1199 3052 1356 3116; x_wconf 90' lang='lat' dir='ltr'>licentiam</span> <span class='ocrx_word' id='word_1_283' title='bbox 1369 3070 1385 3112; x_wconf 86' lang='lat' dir='ltr'>a</span> <span class='ocrx_word' id='word_1_284' title='bbox 1400 3049 1476 3112; x_wconf 77' lang='lat' dir='ltr'>dele</span> 
     </span>
     <span class='ocr_line' id='line_1_31' title="bbox 206 3150 1204 3232; baseline -0.008 -19"><span class='ocrx_word' id='word_1_285' title='bbox 206 3155 310 3229; x_wconf 87' lang='lat' dir='ltr'>ganto,</span> <span class='ocrx_word' id='word_1_286' title='bbox 331 3150 378 3212; x_wconf 91' lang='lat' dir='ltr'>vel</span> <span class='ocrx_word' id='word_1_287' title='bbox 393 3150 455 3214; x_wconf 91' lang='lat' dir='ltr'>nisi</span> <span class='ocrx_word' id='word_1_288' title='bbox 470 3152 577 3216; x_wconf 90' lang='lat' dir='ltr'>saltem</span> <span class='ocrx_word' id='word_1_289' title='bbox 592 3152 633 3214; x_wconf 89' lang='lat' dir='ltr'>sit</span> <span class='ocrx_word' id='word_1_290' title='bbox 647 3154 800 3232; x_wconf 88' lang='lat' dir='ltr'>delegatus</span> <span class='ocrx_word' id='word_1_291' title='bbox 813 3151 851 3213; x_wconf 93' lang='lat' dir='ltr'>ad</span> <span class='ocrx_word' id='word_1_292' title='bbox 865 3167 1074 3231; x_wconf 89' lang='lat' dir='ltr'>quascumque</span> <span class='ocrx_word' id='word_1_293' title='bbox 1089 3161 1204 3208; x_wconf 88' lang='lat' dir='ltr'>causas.</span> 
     </span>
    </p>
   </div>
   <div class='ocr_carea' id='block_1_12' title="bbox 327 3306 519 3380">
    <p class='ocr_par' dir='ltr' id='par_1_13' title="bbox 327 3306 519 3380">
     <span class='ocr_line' id='line_1_32' title="bbox 327 3306 519 3380; baseline -0.005 -13"><span class='ocrx_word' id='word_1_294' title='bbox 327 3306 519 3380; x_wconf 83' lang='lat' dir='ltr'>Quaeslta.</span> 
     </span>
    </p>
   </div>
   <div class='ocr_carea' id='block_1_13' title="bbox 206 3435 1480 3711">
    <p class='ocr_par' dir='ltr' id='par_1_14' title="bbox 206 3435 1480 3711">
     <span class='ocr_line' id='line_1_33' title="bbox 247 3435 1480 3533; baseline -0.032 -4"><span class='ocrx_word' id='word_1_295' title='bbox 247 3451 317 3512; x_wconf 61' lang='lat'>944·</span> <span class='ocrx_word' id='word_1_296' title='bbox 327 3483 368 3494; x_wconf 84' lang='grc'>··</span> <span class='ocrx_word' id='word_1_297' title='bbox 381 3452 482 3524; x_wconf 76' lang='lat' dir='ltr'>QUAER.</span> <span class='ocrx_word' id='word_1_298' title='bbox 493 3456 524 3512; x_wconf 72' lang='grc' dir='ltr'>1ο</span> <span class='ocrx_word' id='word_1_299' title='bbox 536 3451 588 3512; x_wconf 85' lang='lat' dir='ltr'>An</span> <span class='ocrx_word' id='word_1_300' title='bbox 602 3451 756 3533; x_wconf 81' lang='lat' dir='ltr'>Episcopi</span> <span class='ocrx_word' id='word_1_301' title='bbox 768 3450 913 3523; x_wconf 76' lang='lat' dir='ltr'>laceretici,</span> <span class='ocrx_word' id='word_1_302' title='bbox 928 3443 1193 3517; x_wconf 70' lang='lat' dir='ltr'>excommunicati,</span> <span class='ocrx_word' id='word_1_303' title='bbox 1211 3449 1238 3502; x_wconf 84' lang='lat' dir='ltr'>et</span> <span class='ocrx_word' id='word_1_304' title='bbox 1249 3435 1395 3517; x_wconf 79' lang='lat' dir='ltr'>suspensi,</span> <span class='ocrx_word' id='word_1_305' title='bbox 1402 3450 1480 3511; x_wconf 87' lang='lat' dir='ltr'>pos-</span> 
     </span>
     <span class='ocr_line' id='line_1_34' title="bbox 206 3539 660 3620; baseline 0.004 -22"><span class='ocrx_word' id='word_1_306' title='bbox 206 3539 266 3598; x_wconf 82' lang='lat' dir='ltr'>sint</span> <span class='ocrx_word' id='word_1_307' title='bbox 284 3539 382 3600; x_wconf 84' lang='lat' dir='ltr'>aalide</span> <span class='ocrx_word' id='word_1_308' title='bbox 398 3559 538 3600; x_wconf 82' lang='lat' dir='ltr'>censuros</span> <span class='ocrx_word' id='word_1_309' title='bbox 556 3540 660 3620; x_wconf 76' lang='lat' dir='ltr'>serre?</span> 
     </span>
     <span class='ocr_line' id='line_1_35' title="bbox 248 3608 1479 3711; baseline -0.018 -22"><span class='ocrx_word' id='word_1_310' title='bbox 248 3628 335 3711; x_wconf 85' lang='lat' dir='ltr'>Resp.</span> <span class='ocrx_word' id='word_1_311' title='bbox 357 3634 388 3691; x_wconf 77' lang='lat'>1⁰</span> <span class='ocrx_word' id='word_1_312' title='bbox 404 3629 528 3710; x_wconf 69' lang='lat' dir='ltr'>Aptera.</span> <span class='ocrx_word' id='word_1_313' title='bbox 546 3630 572 3690; x_wconf 91' lang='lat' dir='ltr'>si</span> <span class='ocrx_word' id='word_1_314' title='bbox 592 3630 657 3691; x_wconf 89' lang='lat' dir='ltr'>sint</span> <span class='ocrx_word' id='word_1_315' title='bbox 678 3629 829 3703; x_wconf 75' lang='lat' dir='ltr'>haretici,</span> <span class='ocrx_word' id='word_1_316' title='bbox 854 3623 1110 3690; x_wconf 80' lang='lat' dir='ltr'>excommunicati</span> <span class='ocrx_word' id='word_1_317' title='bbox 1130 3621 1177 3684; x_wconf 86' lang='lat' dir='ltr'>vel</span> <span class='ocrx_word' id='word_1_318' title='bbox 1199 3612 1339 3695; x_wconf 90' lang='lat' dir='ltr'>suspensi</span> <span class='ocrx_word' id='word_1_319' title='bbox 1359 3608 1479 3674; x_wconf 79' lang='lat' dir='ltr'>occarlti.</span> 
     </span>
    </p>
   </div>
   <div class='ocr_carea' id='block_1_14' title="bbox 207 3698 1593 3796">
    <p class='ocr_par' dir='ltr' id='par_1_15' title="bbox 207 3698 1593 3796">
     <span class='ocr_line' id='line_1_36' title="bbox 207 3698 1593 3796; baseline -0.018 -16"><span class='ocrx_word' id='word_1_320' title='bbox 207 3716 296 3780; x_wconf 88' lang='lat' dir='ltr'>Ratio</span> <span class='ocrx_word' id='word_1_321' title='bbox 311 3723 371 3790; x_wconf 90' lang='lat' dir='ltr'>est,</span> <span class='ocrx_word' id='word_1_322' title='bbox 389 3716 462 3796; x_wconf 88' lang='lat' dir='ltr'>quia</span> <span class='ocrx_word' id='word_1_323' title='bbox 479 3718 610 3781; x_wconf 90' lang='lat' dir='ltr'>Ecclesia</span> <span class='ocrx_word' id='word_1_324' title='bbox 628 3718 665 3781; x_wconf 94' lang='lat' dir='ltr'>ob</span> <span class='ocrx_word' id='word_1_325' title='bbox 686 3718 803 3781; x_wconf 92' lang='lat' dir='ltr'>bonum</span> <span class='ocrx_word' id='word_1_326' title='bbox 824 3734 988 3780; x_wconf 89' lang='lat' dir='ltr'>commune</span> <span class='ocrx_word' id='word_1_327' title='bbox 1008 3714 1047 3776; x_wconf 92' lang='lat' dir='ltr'>iis</span> <span class='ocrx_word' id='word_1_328' title='bbox 1067 3727 1159 3775; x_wconf 89' lang='lat' dir='ltr'>osum</span> <span class='ocrx_word' id='word_1_329' title='bbox 1179 3698 1407 3788; x_wconf 84' lang='lat' dir='ltr'>jurisdictionis</span> <span class='ocrx_word' id='word_1_330' title='bbox 1420 3713 1482 3758; x_wconf 89' lang='lat' dir='ltr'>non</span> <span class='ocrx_word' id='word_1_331' title='bbox 1592 3761 1593 3768; x_wconf 43' lang='grc'><strong>,</strong></span> 
     </span>
    </p>
   </div>
   <div class='ocr_carea' id='block_1_15' title="bbox 205 3786 1593 4670">
    <p class='ocr_par' dir='ltr' id='par_1_16' title="bbox 208 3786 1593 3978">
     <span class='ocr_line' id='line_1_37' title="bbox 208 3786 1593 3888; baseline -0.019 -20"><span class='ocrx_word' id='word_1_332' title='bbox 208 3807 318 3868; x_wconf 80' lang='lat' dir='ltr'>aufert.</span> <span class='ocrx_word' id='word_1_333' title='bbox 342 3805 449 3868; x_wconf 81' lang='lat' dir='ltr'>illicite</span> <span class='ocrx_word' id='word_1_334' title='bbox 467 3812 571 3869; x_wconf 83' lang='grc'><strong>1111111</strong></span> <span class='ocrx_word' id='word_1_335' title='bbox 592 3816 704 3888; x_wconf 87' lang='lat' dir='ltr'>agunt,</span> <span class='ocrx_word' id='word_1_336' title='bbox 723 3807 842 3888; x_wconf 87' lang='lat' dir='ltr'>quoties</span> <span class='ocrx_word' id='word_1_337' title='bbox 863 3823 1008 3868; x_wconf 88' lang='lat' dir='ltr'>censuras</span> <span class='ocrx_word' id='word_1_338' title='bbox 1027 3803 1140 3864; x_wconf 78' lang='lat' dir='ltr'>feriant.</span> <span class='ocrx_word' id='word_1_339' title='bbox 1156 3794 1261 3856; x_wconf 83' lang='lat' dir='ltr'>-Ita</span> <span class='ocrx_word' id='word_1_340' title='bbox 1282 3786 1483 3851; x_wconf 77' lang='lat' dir='ltr'>communicer</span> <span class='ocrx_word' id='word_1_341' title='bbox 1592 3819 1593 3874; x_wconf 42' lang='lat' dir='ltr'>p</span> 
     </span>
     <span class='ocr_line' id='line_1_38' title="bbox 209 3894 1380 3978; baseline -0.004 -23"><span class='ocrx_word' id='word_1_342' title='bbox 209 3894 340 3977; x_wconf 76' lang='lat' dir='ltr'>theolopc&#39;</span> <span class='ocrx_word' id='word_1_343' title='bbox 355 3913 425 3958; x_wconf 85' lang='lat' dir='ltr'>cum</span> <span class='ocrx_word' id='word_1_344' title='bbox 441 3897 478 3958; x_wconf 85' lang='lat' dir='ltr'>S.</span> <span class='ocrx_word' id='word_1_345' title='bbox 492 3897 574 3978; x_wconf 69' lang='lat' dir='ltr'>Lep,</span> <span class='ocrx_word' id='word_1_346' title='bbox 588 3919 619 3958; x_wconf 88' lang='lat' dir='ltr'>n.</span> <span class='ocrx_word' id='word_1_347' title='bbox 637 3901 685 3960; x_wconf 71' lang='lat'>12.</span> <span class='ocrx_word' id='word_1_348' title='bbox 1373 3967 1380 3978; x_wconf 38' lang='grc' dir='ltr'>ι</span> 
     </span>
    </p>

    <p class='ocr_par' dir='ltr' id='par_1_17' title="bbox 207 3968 1488 4511">
     <span class='ocr_line' id='line_1_39' title="bbox 248 3968 1484 4068; baseline -0.016 -25"><span class='ocrx_word' id='word_1_349' title='bbox 248 3984 337 4063; x_wconf 82' lang='lat' dir='ltr'>Resp.</span> <span class='ocrx_word' id='word_1_350' title='bbox 352 3989 385 4047; x_wconf 73' lang='grc'>10</span> <span class='ocrx_word' id='word_1_351' title='bbox 396 3985 474 4067; x_wconf 82' lang='lat' dir='ltr'>Nep.</span> <span class='ocrx_word' id='word_1_352' title='bbox 479 4033 488 4064; x_wconf 91' lang='lat'>,</span> <span class='ocrx_word' id='word_1_353' title='bbox 505 3986 530 4048; x_wconf 92' lang='lat' dir='ltr'>si</span> <span class='ocrx_word' id='word_1_354' title='bbox 546 3987 611 4048; x_wconf 91' lang='lat' dir='ltr'>sint</span> <span class='ocrx_word' id='word_1_355' title='bbox 624 3985 878 4048; x_wconf 86' lang='lat' dir='ltr'>excommunicati</span> <span class='ocrx_word' id='word_1_356' title='bbox 895 3980 1025 4055; x_wconf 86' lang='lat' dir='ltr'>vitandi,</span> <span class='ocrx_word' id='word_1_357' title='bbox 1037 3997 1092 4042; x_wconf 87' lang='lat' dir='ltr'>scu</span> <span class='ocrx_word' id='word_1_358' title='bbox 1106 3994 1169 4038; x_wconf 92' lang='lat' dir='ltr'>non</span> <span class='ocrx_word' id='word_1_359' title='bbox 1184 3968 1315 4068; x_wconf 67' lang='lat' dir='ltr'>tolerati,</span> <span class='ocrx_word' id='word_1_360' title='bbox 1325 3984 1402 4047; x_wconf 83' lang='lat' dir='ltr'>qma</span> <span class='ocrx_word' id='word_1_361' title='bbox 1414 3969 1484 4026; x_wconf 88' lang='lat' dir='ltr'>tunc</span> 
     </span>
     <span class='ocr_line' id='line_1_40' title="bbox 210 4057 1484 4157; baseline -0.016 -25"><span class='ocrx_word' id='word_1_362' title='bbox 210 4071 296 4132; x_wconf 92' lang='lat' dir='ltr'>omni</span> <span class='ocrx_word' id='word_1_363' title='bbox 310 4073 509 4138; x_wconf 88' lang='lat' dir='ltr'>ecclesiastiea</span> <span class='ocrx_word' id='word_1_364' title='bbox 524 4074 737 4157; x_wconf 89' lang='lat' dir='ltr'>jurisdictione</span> <span class='ocrx_word' id='word_1_365' title='bbox 749 4074 923 4155; x_wconf 77' lang='lat' dir='ltr'>privantur.</span> <span class='ocrx_word' id='word_1_366' title='bbox 940 4071 1020 4147; x_wconf 85' lang='lat' dir='ltr'>Quid</span> <span class='ocrx_word' id='word_1_367' title='bbox 1036 4085 1122 4140; x_wconf 91' lang='lat' dir='ltr'>vero,</span> <span class='ocrx_word' id='word_1_368' title='bbox 1140 4064 1166 4128; x_wconf 92' lang='lat' dir='ltr'>si</span> <span class='ocrx_word' id='word_1_369' title='bbox 1181 4063 1245 4125; x_wconf 88' lang='lat' dir='ltr'>sint</span> <span class='ocrx_word' id='word_1_370' title='bbox 1259 4057 1388 4156; x_wconf 78' lang='lat' dir='ltr'>quadem</span> <span class='ocrx_word' id='word_1_371' title='bbox 1402 4057 1484 4116; x_wconf 74' lang='lat' dir='ltr'>noto</span> 
     </span>
     <span class='ocr_line' id='line_1_41' title="bbox 207 4143 1484 4243; baseline -0.015 -24"><span class='ocrx_word' id='word_1_372' title='bbox 207 4157 263 4234; x_wconf 93' lang='lat' dir='ltr'>rii,</span> <span class='ocrx_word' id='word_1_373' title='bbox 278 4159 332 4220; x_wconf 89' lang='lat' dir='ltr'>sed</span> <span class='ocrx_word' id='word_1_374' title='bbox 345 4177 407 4224; x_wconf 90' lang='lat' dir='ltr'>non</span> <span class='ocrx_word' id='word_1_375' title='bbox 421 4165 559 4228; x_wconf 83' lang='lat' dir='ltr'>vitandi?</span> <span class='ocrx_word' id='word_1_376' title='bbox 573 4164 713 4240; x_wconf 86' lang='lat' dir='ltr'>Videtur,</span> <span class='ocrx_word' id='word_1_377' title='bbox 727 4183 777 4226; x_wconf 89' lang='lat' dir='ltr'>eos</span> <span class='ocrx_word' id='word_1_378' title='bbox 798 4181 884 4243; x_wconf 90' lang='lat' dir='ltr'>posse</span> <span class='ocrx_word' id='word_1_379' title='bbox 903 4159 1109 4223; x_wconf 88' lang='lat' dir='ltr'>nihilominus</span> <span class='ocrx_word' id='word_1_380' title='bbox 1124 4166 1268 4216; x_wconf 89' lang='lat' dir='ltr'>censuras</span> <span class='ocrx_word' id='word_1_381' title='bbox 1282 4145 1385 4208; x_wconf 79' lang='lat' dir='ltr'>valada</span> <span class='ocrx_word' id='word_1_382' title='bbox 1398 4143 1484 4242; x_wconf 79' lang='lat' dir='ltr'>ferre,</span> 
     </span>
     <span class='ocr_line' id='line_1_42' title="bbox 208 4235 1486 4332; baseline -0.023 -14"><span class='ocrx_word' id='word_1_383' title='bbox 208 4248 282 4331; x_wconf 74' lang='lat' dir='ltr'>quio</span> <span class='ocrx_word' id='word_1_384' title='bbox 297 4248 416 4331; x_wconf 77' lang='lat' dir='ltr'>(aiunt)</span> <span class='ocrx_word' id='word_1_385' title='bbox 433 4253 583 4332; x_wconf 85' lang='lat' dir='ltr'>colligitur</span> <span class='ocrx_word' id='word_1_386' title='bbox 606 4272 643 4315; x_wconf 83' lang='lat' dir='ltr'>err</span> <span class='ocrx_word' id='word_1_387' title='bbox 661 4253 790 4316; x_wconf 83' lang='lat' dir='ltr'>Constit.</span> <span class='ocrx_word' id='word_1_388' title='bbox 806 4249 934 4315; x_wconf 87' lang='lat' dir='ltr'>Martini</span> <span class='ocrx_word' id='word_1_389' title='bbox 950 4251 988 4323; x_wconf 91' lang='lat' dir='ltr'>V,</span> <span class='ocrx_word' id='word_1_390' title='bbox 1006 4247 1057 4308; x_wconf 88' lang='lat' dir='ltr'>Ad</span> <span class='ocrx_word' id='word_1_391' title='bbox 1075 4239 1234 4317; x_wconf 82' lang='lat' dir='ltr'>evitando,</span> <span class='ocrx_word' id='word_1_392' title='bbox 1258 4235 1316 4299; x_wconf 87' lang='lat' dir='ltr'>ubi</span> <span class='ocrx_word' id='word_1_393' title='bbox 1338 4235 1486 4332; x_wconf 78' lang='lat' dir='ltr'>sancrtur,</span> 
     </span>
     <span class='ocr_line' id='line_1_43' title="bbox 208 4321 1487 4420; baseline -0.018 -18"><span class='ocrx_word' id='word_1_394' title='bbox 208 4340 511 4403; x_wconf 82' lang='lat' dir='ltr'>excommunicatum</span> <span class='ocrx_word' id='word_1_395' title='bbox 533 4343 712 4417; x_wconf 89' lang='lat' dir='ltr'>toleratum,</span> <span class='ocrx_word' id='word_1_396' title='bbox 729 4342 763 4403; x_wconf 91' lang='lat' dir='ltr'>in</span> <span class='ocrx_word' id='word_1_397' title='bbox 783 4341 827 4403; x_wconf 87' lang='lat' dir='ltr'>eis</span> <span class='ocrx_word' id='word_1_398' title='bbox 846 4359 914 4420; x_wconf 78' lang='lat' dir='ltr'>qua</span> <span class='ocrx_word' id='word_1_399' title='bbox 935 4337 1093 4420; x_wconf 89' lang='lat' dir='ltr'>pertinent</span> <span class='ocrx_word' id='word_1_400' title='bbox 1107 4334 1144 4396; x_wconf 89' lang='lat' dir='ltr'>ad</span> <span class='ocrx_word' id='word_1_401' title='bbox 1158 4325 1319 4412; x_wconf 87' lang='lat' dir='ltr'>publicum</span> <span class='ocrx_word' id='word_1_402' title='bbox 1333 4321 1487 4420; x_wconf 60' lang='lat' dir='ltr'>offlectam,</span> 
     </span>
     <span class='ocr_line' id='line_1_44' title="bbox 208 4403 1488 4511; baseline -0.016 -23"><span class='ocrx_word' id='word_1_403' title='bbox 208 4446 270 4489; x_wconf 90' lang='lat' dir='ltr'>non</span> <span class='ocrx_word' id='word_1_404' title='bbox 282 4447 346 4492; x_wconf 87' lang='lat' dir='ltr'>esse</span> <span class='ocrx_word' id='word_1_405' title='bbox 361 4429 542 4504; x_wconf 88' lang='lat' dir='ltr'>vitandum,</span> <span class='ocrx_word' id='word_1_406' title='bbox 561 4449 599 4493; x_wconf 89' lang='lat' dir='ltr'>ne</span> <span class='ocrx_word' id='word_1_407' title='bbox 613 4432 651 4493; x_wconf 89' lang='lat' dir='ltr'>ab</span> <span class='ocrx_word' id='word_1_408' title='bbox 666 4432 705 4494; x_wconf 92' lang='lat' dir='ltr'>iis</span> <span class='ocrx_word' id='word_1_409' title='bbox 717 4429 842 4511; x_wconf 89' lang='lat' dir='ltr'>quidem</span> <span class='ocrx_word' id='word_1_410' title='bbox 861 4428 916 4510; x_wconf 89' lang='lat' dir='ltr'>qui</span> <span class='ocrx_word' id='word_1_411' title='bbox 938 4428 971 4490; x_wconf 89' lang='lat' dir='ltr'>id</span> <span class='ocrx_word' id='word_1_412' title='bbox 985 4425 1099 4490; x_wconf 85' lang='lat' dir='ltr'>scimrt.</span> <span class='ocrx_word' id='word_1_413' title='bbox 1115 4455 1154 4467; x_wconf 95' lang='lat'><em>-</em></span> <span class='ocrx_word' id='word_1_414' title='bbox 1175 4416 1248 4483; x_wconf 85' lang='lat' dir='ltr'>Vide</span> <span class='ocrx_word' id='word_1_415' title='bbox 1263 4414 1299 4476; x_wconf 90' lang='lat' dir='ltr'>S.</span> <span class='ocrx_word' id='word_1_416' title='bbox 1314 4413 1399 4494; x_wconf 65' lang='lat' dir='ltr'>Lep,</span> <span class='ocrx_word' id='word_1_417' title='bbox 1414 4403 1488 4507; x_wconf 67' lang='lat' dir='ltr'>sind.</span> 
     </span>
    </p>

    <p class='ocr_par' dir='ltr' id='par_1_18' title="bbox 205 4495 1492 4670">
     <span class='ocr_line' id='line_1_45' title="bbox 246 4495 1492 4602; baseline -0.018 -23"><span class='ocrx_word' id='word_1_418' title='bbox 246 4519 316 4579; x_wconf 67' lang='lat'>945.</span> <span class='ocrx_word' id='word_1_419' title='bbox 333 4553 374 4564; x_wconf 86' lang='lat'>-·</span> <span class='ocrx_word' id='word_1_420' title='bbox 387 4521 490 4593; x_wconf 74' lang='lat' dir='ltr'>Qomn.</span> <span class='ocrx_word' id='word_1_421' title='bbox 505 4521 538 4580; x_wconf 72' lang='grc'>10</span> <span class='ocrx_word' id='word_1_422' title='bbox 553 4519 602 4579; x_wconf 82' lang='lat' dir='ltr'>Aa</span> <span class='ocrx_word' id='word_1_423' title='bbox 620 4520 794 4602; x_wconf 81' lang='lat' dir='ltr'>Episcopus</span> <span class='ocrx_word' id='word_1_424' title='bbox 805 4519 904 4602; x_wconf 84' lang='lat' dir='ltr'>possit</span> <span class='ocrx_word' id='word_1_425' title='bbox 922 4517 1005 4598; x_wconf 75' lang='lat' dir='ltr'>ferre</span> <span class='ocrx_word' id='word_1_426' title='bbox 1021 4531 1196 4588; x_wconf 78' lang='lat' dir='ltr'>censuram,</span> <span class='ocrx_word' id='word_1_427' title='bbox 1214 4508 1239 4568; x_wconf 84' lang='lat' dir='ltr'>si</span> <span class='ocrx_word' id='word_1_428' title='bbox 1253 4507 1294 4566; x_wconf 84' lang='lat' dir='ltr'>sit</span> <span class='ocrx_word' id='word_1_429' title='bbox 1311 4511 1402 4565; x_wconf 76' lang='lat' dir='ltr'>cairo</span> <span class='ocrx_word' id='word_1_430' title='bbox 1418 4495 1492 4558; x_wconf 73' lang='lat' dir='ltr'>dra-</span> 
     </span>
     <span class='ocr_line' id='line_1_46' title="bbox 205 4607 318 4670; baseline 0 -2"><span class='ocrx_word' id='word_1_431' title='bbox 205 4607 318 4670; x_wconf 80' lang='lat' dir='ltr'>casim?</span> 
     </span>
    </p>
   </div>
   <div class='ocr_carea' id='block_1_16' title="bbox 0 0 1615 5042">
    <p class='ocr_par' dir='ltr' id='par_1_19' title="bbox 0 0 1615 5042">
     <span class='ocr_line' id='line_1_47' title="bbox 0 0 1615 5042; baseline 0 0"><span class='ocrx_word' id='word_1_432' title='bbox 0 0 1615 5042; x_wconf 95' lang='lat' dir='ltr'> </span> 
     </span>
    </p>
   </div>
  </div>
 </body>
</html>
