3220 5042
497 253 540 296 nn
560 249 801 296 sacrannrro
822 250 1058 297 rmarraarrn
1344 241 1412 304 {85

138 373 206 430 cata
218 365 313 429 etiam
326 362 459 426 minima
470 363 624 445 objectum
636 362 734 425 veniae
748 361 976 425 sacramentalis
990 380 1055 426 esse
1066 367 1206 442 possunt.
1223 364 1341 428 Dicitur
1354 386 1411 430 au-

139 462 201 518 tem
214 454 322 532 libera,
339 452 413 534 quia
425 452 547 516 nullum
559 458 607 514 εει
620 456 805 533 praeceptum
817 469 852 512 ea
865 449 1001 513 claribus
1014 449 1207 531 subiiciendi.
1223 455 1265 515 Dc
1277 452 1327 516 his
1338 473 1411 518 cou-

135 548 249 606 statex
261 548 407 622 perpetua
420 540 509 622 praxi
528 547 561 603 et
577 539 742 604 traditione
756 539 910 612 Ecclesiae,
928 557 1045 602 necnon
1064 557 1103 602 ex
1118 538 1295 604 definitione
1319 542 1409 607 Cone.

141 631 241 710 rita,
257 650 326 693 sess.
341 632 420 704 XIV,
435 649 461 691 c.
478 649 509 692 v.

175 718 303 785 Materia
317 737 387 782 vero
399 719 542 801 proxima
553 717 741 781 sacramenti
752 716 944 780 Poenitentiae
953 722 1028 780 sunt
1041 723 1102 781 tres
1116 724 1203 781 actus
1218 718 1408 799 poenitentis,

136 809 251 872 scilicet
276 806 433 881 contritio,
465 805 610 870 confessio
635 812 667 870 et
692 805 872 880 satisfactio,
900 823 970 885 quae
997 806 1144 869 dicuntur
1166 810 1256 888 quasi
1280 809 1410 872 materia

135 897 232 980 hujus
246 894 451 968 sacramenti,
472 895 546 976 quia
567 901 642 958 sunt
662 895 762 957 instar
784 893 919 958 materia
937 893 1194 977 sensibilisque
1214 895 1248 958 in
1269 896 1337 959 aliis
1356 900 1410 962 Sa-

135 984 305 1049 cramentis
332 983 439 1047 forma
462 983 640 1066 subjicitur3
666 1001 721 1064 per
740 984 796 1046 hos
822 983 906 1046 enim
931 989 1017 1046 actus
1046 989 1165 1063 peccata
1196 991 1410 1066 proponuntur

133 1074 239 1138 vorbis
256 1073 363 1137 forma
381 1074 573 1137 destruenda.
594 1076 720 1137 Constat
738 1070 909 1153 prasertim
932 1091 970 1134 ex
994 1070 1082 1134 Coae.
1109 1073 1211 1147 Trici„
1231 1093 1301 1138 sess.
1325 1075 1408 1149 xvt,

135 1182 204 1228 etta.
220 1167 250 1226 t.

259 1348 455 1425 Quaestta,

177 1523 248 1582 tta.
263 1554 302 1564 -
320 1520 420 1595 Quae.
442 1523 473 1584 1ο
489 1521 541 1580 An
552 1523 613 1580 sint
627 1519 758 1582 matema
771 1521 920 1598 sufficiens
935 1518 1129 1581 Sacramenta
1143 1518 1336 1582 Ponitentioe
1345 1539 1412 1603 pec-

134 1608 280 1688 sotejam
294 1610 354 1668 rite
368 1607 500 1688 consessu
514 1615 543 1668 et
552 1627 611 1690 per
624 1608 841 1670 absolutionem
852 1607 1000 1668 remt'ssa?

178 1694 269 1773 Hesp.
286 1695 414 1775 Affirm.
430 1699 492 1759 Hoc
504 1701 551 1759 est
562 1701 682 1759 certum
694 1697 778 1776 apud
790 1712 912 1770 omnes,
928 1695 1032 1775 inquit
1045 1693 1081 1756 S.
1101 1695 1183 1776 Liq,
1200 1717 1282 1758 cum.
1299 1701 1369 1759 tat.

179 1780 268 1846 Ratio
282 1787 343 1855 est,
361 1789 393 1845 1ο
408 1783 482 1864 quia
495 1787 667 1864 peccatum,
682 1783 753 1846 licet
768 1783 950 1857 remissum,
969 1788 1016 1843 est
1030 1799 1149 1862 semper
1159 1791 1317 1862 peccatum
1330 1801 1412 1847 com·

135 1868 287 1944 missum;
303 1870 444 1933 Christus
458 1877 563 1934 autem
576 1870 735 1934 indefinite
748 1887 839 1932 omne
852 1875 1009 1951 peccatum
1026 1870 1154 1949 subjecit
1166 1871 1300 1934 clavium
1315 1879 1412 1954 potes-

136 1957 209 2020 tati.
225 1959 291 2038 Ipse
305 1965 450 2039 practerea
468 1961 662 2022 Sacramenta
679 1958 814 2022 tribucre
830 1958 952 2034 debuit,
970 1964 1006 2020 ut
1017 1957 1179 2022 efficaciam
1193 1960 1318 2023 baberet
1332 1960 1366 2023 in
1377 1979 1413 2024 ea

136 2045 245 2109 omnia
259 2045 298 2108 ad
315 2065 383 2128 quae
397 2046 499 2110 virtus
511 2046 702 2130 paenitentiae
721 2066 753 2110 sc
770 2046 923 2122 extendit;
940 2065 1024 2127 ergo,
1047 2047 1128 2110 sicut
1149 2049 1286 2130 ejusdem
1299 2049 1413 2130 peccati

136 2133 283 2198 contritio
308 2139 339 2198 et
359 2134 505 2199 confessio
525 2140 624 2216 potest
644 2153 715 2199 cum
734 2135 837 2199 fructu
860 2135 973 2216 repeti,
994 2135 1038 2198 ita
1058 2139 1089 2199 et
1109 2136 1269 2200 absolutio.
1291 2174 1330 2184 —
1354 2143 1413 2203 Nec

138 2223 256 2298 obstat,
269 2224 351 2304 quod
365 2228 440 2287 tunc
453 2227 686 2288 Sacramentum
696 2229 852 2305 peccatum
868 2225 925 2286 boc
940 2242 1003 2286 non
1019 2225 1131 2288 deleat:
1149 2243 1222 2288 nam
1236 2225 1362 2302 sufficit,
1379 2232 1414 2290 ut

137 2310 252 2374 babeat
267 2311 410 2375 effectum
424 2311 459 2374 in
475 2315 674 2395 coloprino,
692 2331 802 2394 nempe
815 2313 948 2394 praebeat
958 2313 1093 2392 ¹gratiam
1107 2313 1268 2377 deletivam
1282 2315 1411 2397 peccati,

139 2399 284 2480 quamvis
298 2419 352 2480 per
364 2399 502 2463 accidens
513 2401 548 2464 in
562 2411 631 2484 cctp
646 2401 776 2464 secando
789 2407 946 2484 peccatum
963 2420 1026 2464 non
1038 2403 1146 2465 deleat.
1163 2402 1296 2466 Aliunde
1309 2408 1413 2470 Sacra-

138 2492 284 2551 mentum
297 2507 360 2552 ncn
370 2488 470 2569 magis
481 2489 595 2553 carebit
607 2489 676 2554 aliis
687 2490 856 2566 effectibus,
874 2507 983 2571 nempe
997 2497 1162 2571 augmento
1176 2491 1291 2572 gratia,
1305 2493 1413 2556 remis-

137 2576 225 2640 sione
238 2595 350 2658 poenre,
369 2583 440 2654 etc,
455 2578 588 2658 quamsi
602 2577 673 2660 quis
685 2579 814 2661 perfecte
825 2579 973 2642 contritus
987 2579 1173 2661 caprimum
1187 2581 1324 2644 clavibus
1338 2581 1412 2644 sub-

132 2665 252 2748 jiceret.
471 2683 476 2694 ·
628 2670 631 2676 '
953 2685 956 2692 ·

178 2753 214 2813 2⁰
227 2758 374 2818 Praeterea
387 2757 542 2820 sententia
548 2761 615 2838 jam
626 2759 689 2820 lata
700 2763 800 2837 potest
810 2757 984 2820 confirmari
995 2758 1034 2819 ad
1045 2761 1191 2839 majorem
1203 2758 1409 2834 securitatem,

137 2845 348 2926 majoremque
369 2845 607 2929 consolationem
624 2852 656 2908 ct
674 2845 786 2908 animae
805 2845 957 2926 quietem,
979 2845 1196 2927 utaliquando
1216 2845 1250 2906 in
1271 2845 1412 2910 civilibus

137 2930 207 2994 fieri
219 2931 309 3008 solet;
322 2938 354 2994 et
367 2932 395 2994 si
410 2933 485 2996 sorte
495 2939 652 3014 peccatum
662 2933 798 2996 clavibus
808 2933 1001 2996 submissum
1014 2951 1076 2995 non
1088 2934 1187 2996 adbuc
1198 2931 1291 2996 fuerit
1305 2933 1413 2998 remis-

138 3037 228 3096 sum,
245 3025 320 3083 tunc
332 3019 452 3083 remitti
465 3021 588 3102 poterit.
1315 3095 1317 3100 .

180 3113 216 3173 3⁰
227 3111 354 3172 constan
366 3109 462 3173 etiam
475 3127 513 3172 cx
526 3109 732 3174 Declaratione
743 3110 854 3174 Bened.
871 3112 921 3183 XI,
938 3108 973 3172 in
986 3113 1059 3173 Jure
1071 3111 1225 3186 canonico,
1241 3114 1368 3174 Extrav,
1385 3113 1409 3186 I,

138 3199 176 3262 de
197 3197 317 3273 Privit,
342 3216 367 3261 c.
390 3203 404 3260 1
423 3217 430 3259 :
451 3198 550 3272 Licet,
571 3197 692 3278 inquit,
714 3199 750 3261 de
764 3197 936 3260 necessitate
951 3203 1062 3260 nonsit
1080 3202 1190 3262 iterum
1205 3193 1308 3261 eudc'm
1322 3200 1412 3279 const·

139 3289 202 3350 teri
211 3297 349 3369 peecata,
367 3296 503 3350 tamen...
520 3297 555 3349 ut
568 3287 738 3348 eorumdem
758 3297 950 3368 peccatorum
965 3288 1093 3349 iteretur
1105 3287 1268 3369 consessio,
1286 3297 1413 3370 reputa-

139 3395 206 3438 mus
218 3373 365 3438 salutare.
382 3378 509 3440 Constat
525 3376 651 3457 insuper
670 3393 707 3438 ex
725 3375 812 3456 praxi
832 3375 983 3438 constanti
1003 3375 1139 3439 fidelium
1159 3375 1344 3456 approbante
1358 3379 1414 3438 Ec·

138 3463 241 3528 etesia.

179 3557 252 3618 tta.
269 3589 309 3598 -
322 3555 423 3630 Quae.
439 3558 474 3618 2⁰
491 3555 542 3616 An
557 3553 681 3617 adultas
697 3553 899 3636 baptizandus
913 3553 969 3614 sub
991 3552 1168 3614 conditione
1188 3553 1221 3613 in
1238 3551 1328 3614 dubio
1347 3552 1415 3616 Ba·

137 3642 247 3724 ptt'smt'
254 3641 464 3724 praecedentia,
478 3653 607 3726 peccata
615 3644 684 3724 jem
699 3650 837 3704 accusatu
849 3641 993 3724 confiteri
1002 3639 1127 3703 debeat?

182 3731 272 3808 Recp.
291 3730 369 3813 Nep.
387 3731 476 3796 Ratio
489 3738 551 3808 est,
570 3731 643 3814 quia
656 3731 709 3794 illa
722 3735 841 3812 peccata
854 3733 921 3812 jam
934 3729 1063 3793 remissa
1076 3733 1151 3794 sunt
1167 3747 1220 3811 per
1239 3732 1415 3794 Sacramen-

141 3825 214 3883 tum
228 3819 434 3896 Paenitentia,
453 3819 480 3883 si
498 3821 618 3884 validus
633 3819 694 3884 fuit
713 3819 796 3900 prior
814 3819 1007 3901 Baptismus;
1027 3819 1054 3882 si
1067 3822 1172 3882 autem
1186 3835 1249 3880 non
1262 3816 1324 3881 fuit
1337 3818 1413 3882 rali-

141 3909 217 3985 aua,
243 3926 305 3970 non
319 3915 394 3972 sunt
415 3909 544 3973 materia
562 3908 773 3982 consessionis,
792 3914 822 3970 et
841 3927 894 3989 per
910 3909 1079 3974 secundum
1097 3905 1290 3986 baptismum
1309 3907 1414 3971 remit·

141 4001 260 4060 lentur.
276 4031 318 4043 --
328 3997 453 4076 Reutcr,
470 4017 502 4058 a.
516 4003 586 4063 118.

181 4085 283 4161 Quota.
301 4091 333 4150 3ο
345 4085 394 4147 Aa
407 4085 532 4148 adultas
544 4087 696 4169 petasatus
709 4105 850 4148 accusare
865 4085 969 4148 debent
977 4094 1104 4168 peccato
1118 4085 1252 4146 nondum
1266 4087 1413 4168 consessa,

139 4191 191 4236 eeu
204 4173 244 4236 ab
258 4174 367 4236 ultima
380 4175 567 4256 confessione
582 4173 758 4237 commissa?

180 4261 271 4346 Reap.
288 4266 551 4328 ‚controversum
564 4263 639 4328 olim
652 4263 734 4327 inter
747 4265 909 4346 scriptores
922 4262 998 4338 fuit,
1023 4269 1059 4325 ut
1080 4262 1184 4327 videre
1197 4269 1244 4327 est
1258 4281 1297 4326 ex
1310 4267 1414 4326 aucto·

140 4368 223 4426 rum,
239 4371 270 4416 u.
288 4371 347 4434 gr,
361 4351 504 4431 Lancia,
522 4351 542 4414 1.
557 4355 608 4427 vl,
621 4373 654 4435 p.
669 4353 693 4429 1,
703 4373 738 4427 ‚a
751 4356 821 4427 323,
835 4358 867 4415 et
879 4351 1027 4428 Bittacrt,
1045 4351 1081 4414 de
1095 4349 1197 4435 Bapt„
1214 4352 1284 4414 dcis.
1300 4370 1322 4426 1,
1339 4363 1369 4412 α’.
1382 4353 1413 4424 5,

143 4437 236 4504 casm
253 4440 356 4520 dubii,
379 4439 513 4518 Obserc„
536 4439 681 4524 oppositis
700 4441 872 4504 sententiis.
889 4441 932 4502 At
947 4457 1019 4503 vcro
1032 4457 1122 4505 omne
1140 4439 1273 4504 dubium
1289 4435 1415 4502 sustulit

142 4527 251 4592 aarum
262 4548 281 4593 a
293 4532 324 4592 S.
336 4527 539 4610 inquisitione
544 4533 778 4610 Responspmtt
786 4533 853 4592 Dec.
863 4532 941 4594 1868
951 4529 989 4592 ad
1002 4529 1193 4594 postulatum
1205 4527 1414 4608 episcoporum
