3206 5042
639 343 681 387 DE
702 343 879 388 censuale

196 475 200 482 ’
245 501 538 570 praenotanda.

155 663 229 723 eet.
244 692 285 702 -
298 659 321 717 Ι.
337 655 560 735 propositiones
574 673 592 716 a
607 655 681 716 Sede
694 653 866 733 Apostohca
888 654 1055 728 damnate,
1071 654 1119 717 vel
1138 654 1253 717 habent
1269 656 1396 738 singule

114 749 272 812 adnexam
286 749 392 807 notam
407 743 614 822 theologicam,
626 742 730 822 quales
744 748 830 823 sunt,
847 761 878 804 v.
888 759 948 820 gn,
963 742 1102 823 quinque
1115 743 1251 806 Jensenii
1264 746 1397 826 proposi-

113 836 233 908 tiones,
250 834 301 898 vel
315 832 446 913 generali
461 832 552 894 modo
567 835 706 904 tantum,
726 849 779 892 seu
791 834 824 891 in
839 829 943 912 plote,
960 835 996 892 ut
1010 830 1115 905 aiunt,
1132 830 1308 896 afficiuntur
1319 838 1398 916 ejus-

114 923 202 986 modi
218 922 314 996 notis,
333 927 363 982 et
375 922 563 982 damnantur
578 923 614 981 ut
626 919 791 998 respective
802 917 961 992 hereticae,
977 937 1121 994 erronee,
1135 921 1316 998 temerariae,
1330 927 1399 998 etc,

114 1013 195 1095 quin
208 1016 315 1092 aperte
330 1010 497 1071 declaretur
516 1023 659 1087 qaenam
673 1006 708 1068 in
722 1005 901 1086 particulari
919 1005 960 1067 sit
978 1006 1135 1082 haeretica,
1151 1027 1289 1086 erronea,
1307 1016 1401 1079 terne-

114 1101 212 1174 raria,
227 1105 287 1162 eto.
302 1097 430 1169 PrioreS,
446 1095 473 1157 si
487 1096 637 1157 adnexam
648 1093 783 1156 habeant
794 1099 901 1156 notam
915 1092 1050 1167 haeresis,
1066 1112 1130 1156 non
1142 1099 1401 1177 comprehendun-

115 1195 172 1251 tur
187 1189 247 1250 sub
263 1188 320 1248 hac
334 1203 471 1257 censura,
487 1184 539 1246 sed
554 1183 646 1244 aliam
662 1181 832 1262 graviorem
844 1181 1023 1262 patiuntur:
1037 1181 1151 1244 scilicet
1163 1184 1217 1264 qui
1232 1203 1281 1246 eas
1293 1187 1401 1250 docent

116 1277 169 1341 vel
184 1274 356 1338 defendunt
370 1279 445 1335 sunt
458 1271 606 1345 heretici,
619 1272 753 1351 adeoque
767 1270 910 1333 incidunt
923 1270 957 1332 in
971 1270 1319 1336 excommunicationem
1339 1275 1401 1355 pri-

118 1382 209 1426 mam
222 1363 346 1444 speciali
360 1361 450 1424 modo
464 1364 550 1440 Papae
566 1365 762 1422 reservatam.
781 1363 902 1422 Ceterae
916 1377 1022 1421 omnes
1041 1360 1080 1420 ad
1100 1368 1281 1440 presentem
1298 1381 1402 1427 censu·

117 1471 189 1515 ram
204 1451 376 1532 pertinent,
392 1449 481 1512 modo
495 1448 611 1511 fuerint
622 1449 775 1510 damnatae
798 1448 855 1510 sub
876 1465 967 1526 paena
990 1449 1315 1513 excommunicationis
1334 1453 1400 1515 late

123 1540 303 1614 sementim,
318 1538 411 1601 etiarn
427 1556 488 1600 non
504 1543 673 1600 reservatae.

163 1639 204 1698 Il.
220 1634 370 1711 Quamvis
382 1635 562 1714 plerumque
576 1631 698 1694 Summi
713 1631 887 1708 Pontifices,
904 1651 975 1695 cum
990 1633 1182 1696 damnationi
1196 1637 1402 1714 quarumdam

120 1723 376 1806 propositionum
390 1721 565 1783 addiderint
584 1719 908 1783 excommunicationis
930 1738 1054 1799 poenam
1075 1721 1109 1782 in
1132 1721 1272 1784 docentes
1291 1743 1340 1786 eas
1357 1727 1406 1788 vel

122 1812 339 1882 defendentes,
354 1810 433 1870 hanc
453 1809 514 1868 sibi
527 1806 749 1869 reservaverint
770 1807 821 1887 (ut
835 1807 937 1869 videre
956 1815 1003 1868 est
1024 1807 1057 1868 in
1072 1809 1133 1870 fine
1147 1809 1304 1872 Bullarum
1319 1813 1405 1874 dam-

123 1897 275 1962 nantium
302 1914 417 1958 errores
439 1895 582 1970 Lutheri,
600 1893 683 1970 Bali,
704 1893 847 1970 Melinos,
869 1895 1039 1957 autetiam
1060 1900 1254 1959 Decretorum
1275 1899 1405 1962 Alexan·

124 1987 175 2050 dri
193 1988 264 2059 Vll,
281 1982 451 2047 Innocentii
467 1985 521 2058 XI,
537 1983 700 2045 Alexandri
716 1985 799 2057 Vlll,
815 1989 886 2060 eto,
902 1983 935 2046 in
951 1983 1052 2048 varias
1073 1985 1289 2065 propositiones
1306 2006 1405 2052 mora-

123 2077 198 2156 les),
218 2074 357 2136 nondum
369 2079 474 2134 tamen
488 2071 552 2135 hec
571 2089 699 2134 censura
711 2071 774 2133 lata
787 2071 888 2135 fuerat
898 2073 1056 2149 universe,
1073 2072 1118 2134 ite
1136 2081 1172 2135 ut
1192 2078 1404 2139 extenderetur

125 2165 167 2226 ad
182 2181 291 2226 omnes
303 2179 390 2224 casus
405 2160 532 2223 similes.
549 2159 627 2222 Hinc
637 2164 705 2241 jus,
720 2163 801 2241 quod
815 2180 876 2224 usu
898 2166 1020 2224 tantvnn
1041 2166 1071 2224 et
1091 2164 1310 2228 consuetudine
1325 2166 1406 2246 vige-

126 2252 197 2328 bat,
214 2269 356 2331 expressa
370 2251 434 2330 lege
448 2267 531 2312 nuno
545 2248 697 2312 sancitum
711 2255 768 2312 est.

258 2427 453 2502 Quaesita.

167 2592 242 2653 995.
255 2624 294 2632 -
308 2589 408 2663 Quina.
425 2593 455 2648 l⁰
471 2587 522 2648 Aa
541 2589 681 2648 incurrat
705 2605 878 2661 censuram,
898 2587 953 2667 qui
975 2585 1011 2648 de
1026 2587 1240 2669 propositione
1263 2589 1407 2653 damnata

131 2677 317 2761 disputando
334 2686 466 2752 tuntum,
480 2675 602 2756 publice
618 2674 666 2737 cel
673 2677 823 2756 priuatim
837 2674 968 2736 tractat?

174 2773 263 2850 neap.
278 2777 309 2830 1⁰
320 2770 397 2848 Nep.
409 2769 436 2829 si
450 2769 586 2847 disputet
598 2769 822 2845 impugnand05
839 2775 912 2829 tunc
925 2768 1010 2828 enirn
1021 2787 1120 2846 neque
1132 2770 1227 2844 docet,
1244 2789 1343 2851 neque
1358 2775 1408 2836 de·

133 2855 234 2919 tendit
247 2855 499 2934 propositionem,
514 2860 550 2915 ut
561 2859 656 2932 patet.

176 2951 266 3032 Resp.
280 2955 329 3012 2⁰:
347 2947 573 3010 Affirmandum
587 2947 718 3023 videtur,
736 2947 763 3010 si
779 2947 915 3027 disputet
931 2949 1081 3014 afferendo
1095 2951 1228 3015 rationes
1243 2951 1276 3015 in
1290 2961 1409 3018 utram-

136 3057 197 3122 que
208 3044 338 3122 partem,
350 3055 460 3118 easque
473 3035 613 3099 habendo
628 3054 665 3097 ex
677 3041 807 3118 utraque
818 3043 904 3115 parte
917 3041 953 3099 ut
966 3039 1145 3118 probabiles.
1156 3041 1317 3104 Defendere
1326 3043 1410 3106 enim

137 3129 264 3192 omnino
280 3126 403 3190 videtur
416 3125 656 3206 propositionem
671 3125 858 3200 damnatam,
876 3126 930 3205 qui
945 3127 1053 3188 asserit
1066 3147 1133 3191 eam
1146 3148 1232 3210 posse
1246 3131 1411 3194 rationabi-

137 3217 209 3279 liter
223 3216 352 3289 deiendi,
370 3220 401 3277 et
414 3231 508 3295 quam
524 3213 613 3276 debet
627 3221 767 3294 reputare
781 3213 905 3289 salsam,
922 3215 1103 3295 pronuntiat
1116 3235 1201 3296 posse
1212 3238 1278 3281 esse
1292 3237 1408 3282 voram.

139 3343 179 3352 -
193 3303 341 3382 Quamvis
359 3304 457 3383 igitur
469 3303 503 3364 in
513 3301 610 3366 Bullis
630 3303 812 3366 Pontificum
825 3303 890 3366 haec
908 3304 968 3366 duo
983 3323 990 3365 :
1005 3301 1162 3368 defendere
1178 3312 1209 3368 et
1227 3307 1411 3386 disputando

139 3400 283 3470 tractare,
301 3394 482 3476 quandoque
496 3391 642 3454 distincta
655 3397 685 3454 et
699 3398 838 3473 separata
849 3391 955 3473 phrasi
971 3393 1014 3455 sic
1028 3392 1240 3473 exprimantur
1254 3415 1260 3456 :
1275 3399 1413 3477 quicum-

142 3504 198 3564 que
215 3485 286 3544 illas
301 3483 526 3565 propositiones
541 3481 691 3557 docuerit,
704 3481 916 3562 defenderit..
933 3491 987 3544 aut
1006 3482 1042 3543 de
1061 3483 1103 3542 eis
1117 3484 1211 3544 etiarn
1226 3485 1412 3566 disputando

136 3571 260 3652 publice
284 3572 333 3632 vet
348 3571 497 3653 priuatim
519 3571 710 3650 tractaverit,
730 3570 792 3630 nisi
811 3570 942 3652 forsitan
966 3571 1189 3652 impupnondo,
1212 3571 1415 3636 ecclesiasticis

141 3661 314 3722 censuris...
330 3661 488 3742 subjaceat
506 3659 607 3741 (Bulla
627 3657 792 3723 Clementis
810 3661 860 3734 ΧΙ,
881 3657 1061 3740 Unipcnitus
1075 3665 1106 3721 et
1122 3659 1168 3721 Pii
1182 3662 1236 3737 VI,
1252 3661 1413 3724 Auctorem

140 3748 239 3830 fidei),
254 3749 402 3812 ultimum
422 3749 499 3812 illud
513 3749 549 3810 de
564 3748 772 3829 disputatione
785 3749 824 3810 ad
838 3749 985 3828 majorem
1009 3747 1241 3829 explicationem
1259 3749 1413 3831 prioribus

140 3837 252 3918 apponi
263 3839 427 3902 dicendum
439 3843 495 3901 est.

182 3936 283 4009 Quen.
307 3939 339 3997 2⁰
361 3935 486 4011 Quibus,
501 3933 860 3996 excommunicationibus
889 3932 1062 4008 innodetur,
1094 3937 1146 4016 qui
1168 3935 1411 4016 propositionem

142 4021 316 4085 damnatum
330 4023 482 4105 defendit,
498 4021 709 4105 impupnondo
723 4022 815 4084 simui
831 4021 1042 4084 auctoritatem
1056 4020 1255 4084 damnantis?

182 4119 273 4201 Beap.
286 4118 340 4181 :Si
354 4119 545 4182 Pontifioiam
559 4119 771 4182 auctoritatem
786 4123 887 4199 aperte
896 4122 1000 4196 neget,
1012 4116 1151 4179 admittit
1163 4117 1320 4194 heresim,
1332 4119 1413 4181 ideo-

142 4208 436 4360 qlvssqepirssgelratizltlnam
454 4209 491 4270 de
511 4227 573 4290 qua
592 4225 676 4272 nunc
698 4207 838 4288 agimus,
859 4205 1205 4270 excommunicationem
1228 4207 1359 4271 incurrit
1381 4205 1415 4268 in

184 4395 286 4468 Quen.
306 4399 338 4458 3⁰
355 4393 508 4470 Quomodo
530 4391 675 4455 damnata
697 4392 738 4452 sit
755 4413 774 4454 α
794 4391 959 4453 Benedicto
978 4391 1059 4454 XIV
1068 4396 1181 4474 prucis
1201 4390 1376 4481 inquirendi
1396 4411 1415 4452 u

138 4486 309 4563 paenitente
323 4503 430 4545 nomen
445 4481 625 4565 complicis?

184 4579 423 4660 Responsionem
436 4579 529 4642 habes
542 4599 637 4661 cupro
652 4599 684 4641 n.
701 4583 756 4643 oct
774 4584 806 4642 et
818 4580 888 4642 502.
