3224 5044
608 238 650 282 nn
671 237 898 284 uarnruoruo
1320 227 1387 286 357

156 351 188 410 2⁰
200 347 400 430 Inperfecta,
416 365 477 429 qua
493 365 621 429 persona
641 353 798 424 extranea,
815 365 884 428 ques
899 347 1040 430 suijuris
1054 365 1116 410 non
1136 355 1196 421 est,
1217 350 1388 412 assumitur

117 439 151 500 in
167 435 268 499 illium
281 435 328 498 vel
342 441 497 516 nepotem,
511 454 574 499 non
587 443 691 498 mmen
701 435 814 499 transit
825 436 859 498 in
871 435 1045 516 adoptantis
1058 435 1208 499 familiam
1219 443 1250 500 et
1259 445 1388 518 potesta-

118 533 196 600 tem,
214 531 244 586 et
264 530 419 604 propterea
439 543 502 589 non
520 525 554 588 fit
571 524 665 607 hujus
686 525 783 588 haeres
800 525 987 588 necessarius
1005 543 1041 587 ex
1061 529 1256 599 testamento,
1273 526 1342 589 licet
1360 527 1388 588 ei

118 614 256 676 strccedat
269 611 306 674 ab
320 611 476 676 intestato.

238 777 462 860 Principia.

155 925 180 984 Ι.
196 923 342 1003 cognatio
359 921 464 1004 tepolis
479 941 533 986 seu
544 921 835 1003 adoptioconstitait
847 923 1105 1004 impedimentum
1117 922 1266 986 dirimens
1277 924 1389 1004 dejure

117 1010 330 1086 ecclesiastico,
347 1012 490 1092 quamvis
504 1010 589 1092 prius
606 1011 639 1072 in
653 1015 726 1074 Jure
744 1016 880 1076 Romano
899 1012 1069 1074 stabilitum
1085 1010 1188 1073 fuerit.
1208 1011 1337 1074 Eruitur
1352 1031 1389 1074 ex

117 1099 204 1181 Resp.
222 1099 335 1163 Nicolai
350 1103 362 1161 l
376 1101 418 1162 ad
432 1100 599 1180 Beriparos,
614 1119 639 1160 o.
655 1099 695 1162 Si
708 1120 784 1182 qua,
800 1121 865 1177 un,
882 1101 918 1162 de
936 1100 962 1162 C
963 1120 1033 1182 opo.
1049 1099 1106 1180 lep.

158 1191 195 1250 tl.
206 1187 351 1267 cognatio
362 1187 468 1266 tepetis
478 1189 517 1252 ad
526 1187 764 1251 similitudinem
775 1188 964 1269 cognationis
972 1188 1122 1252 naturalis
1129 1207 1167 1252 ex
1174 1191 1247 1251 iare
1255 1193 1390 1253 Romano

117 1276 352 1339 Matrimonium
364 1277 486 1340 dirimit
498 1277 580 1340 inter
594 1285 754 1357 sequentes
771 1297 913 1359 personas
928 1298 935 1340 ε

159 1371 193 1426 t⁰
207 1365 298 1440 Quasi
313 1365 347 1428 in
361 1367 441 1430 linea
452 1375 533 1430 recta
544 1366 626 1430 inter
640 1368 837 1447 adoptantem
848 1372 877 1430 et
891 1369 1070 1449 adoptatum
1080 1416 1086 1441 ‚
1098 1385 1133 1430 ac
1140 1367 1234 1449 hujus
1248 1367 1325 1431 filios
1336 1368 1390 1449 qui

118 1459 253 1534 tempore
264 1455 435 1535 adoptionis
446 1455 583 1518 suntsuh
593 1461 720 1536 paterna
733 1463 882 1536 potestate
893 1455 1054 1519 constituti
1063 1476 1070 1531 ;
1080 1461 1113 1519 2⁰
1121 1457 1203 1519 inter
1211 1456 1390 1538 adoptatam

117 1547 147 1603 et
164 1541 242 1606 filios
256 1544 443 1624 adoptantis,
462 1543 552 1626 quasi
565 1544 600 1606 in
618 1544 698 1608 linea
716 1544 893 1619 collaterali,
910 1545 986 1608 dnm
1004 1545 1097 1626 hujus
1116 1544 1170 1607 filii
1191 1545 1248 1607 suh
1265 1553 1391 1626 paterna

117 1637 265 1710 potestate
285 1639 463 1708 versantur;
482 1639 515 1697 3⁰
534 1631 616 1696 inter
628 1635 825 1714 adoptantem
840 1637 870 1696 et
886 1651 1010 1696 taxonem
1025 1633 1178 1714 adoptati,
1202 1651 1235 1695 aa
1254 1633 1391 1697 vicissim

117 1717 200 1781 inter
215 1721 395 1799 adoptatum
418 1727 449 1783 et
469 1739 598 1784 uxorem
619 1721 808 1800 adoptantis,
829 1720 918 1801 quasi
936 1721 970 1782 in
987 1721 1067 1783 linea
1087 1728 1168 1784 recta
1191 1739 1244 1800 per
1263 1723 1391 1784 modum

117 1806 292 1880 affinitatis,
307 1815 344 1870 ut
355 1814 522 1871 constater
533 1809 732 1870 declaratione
742 1811 772 1869 S.
784 1811 928 1887 congreg.
943 1808 978 1870 in
992 1811 1142 1883 Hortana,
1156 1813 1196 1871 26
1208 1813 1289 1889 Sept.
1301 1814 1389 1872 teat.

118 1929 159 1938 -
175 1896 293 1956 Harum
307 1895 522 1974 cognationum
536 1894 636 1976 prima
652 1901 682 1958 et
695 1901 847 1976 postrema
866 1901 941 1957 sunt
955 1901 1123 1976 perpetua,
1140 1913 1316 1978 semperque
1335 1898 1391 1960 du-

118 1988 206 2056 rant,
228 1982 322 2044 etiam
343 1984 502 2064 adoptione
515 1984 613 2046 soluta
628 2003 680 2065 per
699 1987 844 2058 mortem,
861 1984 1152 2066 emancipationem,
1173 1991 1244 2061 etc.;
1262 1987 1392 2048 secunda

118 2089 191 2132 cum
205 2070 272 2151 ipsa
286 2072 446 2152 adoptione
458 2073 598 2136 solvitur.

240 2225 435 2303 Quaesita.

158 2377 228 2436 808.
245 2407 284 2418 -
307 2375 408 2449 Quas.
427 2377 460 2436 1⁰
479 2373 530 2434 An
551 2373 691 2454 cepnatio
717 2370 825 2452 legalis
845 2371 1073 2434 Matrimonium
1093 2371 1219 2433 dirimat
1243 2351 1334 2455 eisque
1352 2373 1394 2434 ad

117 2471 259 2541 quartum
285 2461 414 2544 prodam
442 2463 524 2524 inter
549 2462 742 2544 adoptantem
770 2471 798 2522 et
825 2458 1033 2523 descendentes
1062 2461 1218 2543 adoptati,
1249 2470 1301 2522 aut
1330 2463 1393 2524 nice

119 2550 227 2612 carso?

157 2641 247 2722 desp.
267 2646 299 2702 1⁰
314 2660 320 2701 :
337 2644 425 2704 Certe
438 2641 638 2720 restringitur
650 2641 687 2704 ad
702 2641 841 2721 primum
855 2640 984 2720 madum
997 2642 1096 2721 quoad
1110 2639 1288 2720 adoptatum
1299 2645 1329 2703 et
1342 2641 1392 2702 de·

119 2729 295 2790 scandentes
310 2729 492 2809 adoptantis.
507 2735 553 2792 Eu
564 2733 637 2791 Jure
648 2729 791 2792 canonico
803 2734 931 2790 constat.

158 2815 246 2892 Resp.
269 2819 302 2874 2⁰
328 2834 335 2874 :
364 2815 609 2876 Controvertiter
628 2817 727 2896 quoad
746 2817 943 2894 adoptantem
961 2821 992 2876 et
1010 2815 1224 2877 descendentes
1242 2815 1391 2892 adoptati.

117 2900 327 2961 Probabiliter
336 2902 474 2980 cognatio
489 2920 552 2963 non
566 2903 744 2964 extenditur
758 2903 840 2964 ultra
851 2903 989 2982 primum
1004 2904 1149 2983 gradum,
1163 2920 1216 2964 seu
1228 2903 1309 2964 ultra
1321 2901 1390 2964 ado·

116 2997 239 3071 ptatum
249 3038 256 3064 ,
268 2988 330 3050 nisi
341 2988 452 3052 habeat
463 2990 677 3052 descendentes
690 2990 747 3052 sub
759 2995 909 3070 potestate
920 3009 975 3052 sua
989 2991 1187 3065 constitutos,
1201 2990 1254 3071 qai
1265 2990 1390 3070 preinde

117 3077 212 3141 simul
226 3095 297 3140 cum
311 3077 377 3159 ipso
395 3083 555 3140 transeant
567 3078 602 3139 in
615 3083 796 3158 potestatem
810 3078 997 3158 adoptantis;
1010 3079 1088 3142 nihil
1100 3079 1224 3141 enimin
1236 3083 1308 3142 ture
1318 3077 1390 3140 huic

115 3166 260 3230 decisioni
272 3166 446 3247 oppositum
461 3165 619 3246 reperitur.
635 3201 675 3210 -—
688 3165 723 3228 S.
739 3167 810 3248 Le'p.
827 3187 858 3228 n.
874 3170 962 3230 1027.

156 3260 225 3320 809.
241 3291 282 3302 -
296 3259 397 3332 Quen.
413 3260 447 3318 2⁰
461 3255 511 3317 An
522 3253 644 3337 adoptio
660 3256 835 3337 imperfecta
850 3255 972 3317 dirimat
987 3255 1236 3318 Matrimonium?

155 3346 244 3426 Hesp.
265 3344 343 3427 Nep.
367 3343 553 3427 probabilius
576 3361 646 3407 cum
669 3342 703 3405 S.
727 3344 808 3424 Lep,
830 3365 861 3405 n.
882 3347 976 3418 ldd't,
997 3354 1026 3404 et
1043 3345 1111 3406 eliis
1134 3345 1329 3406 communias.
1349 3379 1389 3392 -

115 3435 203 3499 Ratio
215 3440 276 3507 est,
293 3433 367 3514 quia
380 3433 441 3496 sola
455 3432 577 3514 adeptio
588 3432 717 3513 perlecta
730 3435 878 3496 censenda
892 3439 939 3495 est
953 3432 1073 3514 adoptio
1087 3433 1205 3514 proprie
1222 3431 1311 3495 dicta.

154 3525 190 3584 In
203 3522 298 3587 Gallia
311 3541 399 3604 porro
413 3540 476 3584 non
491 3521 613 3585 ridetur
626 3521 729 3602 vigere
739 3521 860 3601 adeptio
871 3522 1031 3602 perseam·
1044 3521 1197 3602 siquidem
1211 3540 1248 3583 en
1259 3521 1387 3583 articulo

113 3616 174 3676 3t8
197 3610 272 3674 Cod.
295 3611 353 3673 eie.
374 3612 536 3692 adoptatus
552 3617 691 3673 remanet
704 3609 785 3692 juris
805 3609 864 3671 sui.
881 3609 930 3674 Sic
947 3610 1031 3672 onim
1051 3609 1223 3673 statuitur:
1244 3609 1387 3692 L'edoptb

113 3711 227 3763 restare
241 3700 318 3762 dares
332 3721 367 3761 sa
380 3701 498 3781 familie
512 3700 677 3775 naturalia,
693 3710 723 3762 et
735 3719 756 3782 y
770 3718 943 3762 conservare
958 3709 1025 3761 toas
1037 3701 1084 3762 'ses
1101 3699 1207 3760 droits.
1223 3697 1300 3762 Hinc
1316 3717 1385 3762 con-

115 3790 303 3864 trovert'tur,
322 3795 429 3852 utrum
448 3789 568 3870 adoptio
584 3789 644 3852 ista
659 3788 917 3870 impedimentum
936 3789 1083 3852 dirimens
1101 3787 1279 3851 constituat.
1297 3785 1385 3849 Affir-

112 3883 201 3941 mant
214 3878 369 3956 Corribrc,
385 3879 529 3954 Bouoier,
545 3884 601 3942 etc.
617 3881 734 3959 Negant
749 3896 819 3940 vero
831 3877 1036 3960 probabilius,
1052 3885 1089 3940 ut
1103 3877 1236 3951 videtur,
1257 3875 1308 3938 alii
1323 3893 1385 3938 non

113 3983 212 4046 pauci.

153 4057 193 4115 Et
207 4053 318 4116 horum
332 4055 458 4135 quidem
473 4058 624 4120 sententia
638 4058 811 4120 confirmari
828 4058 949 4121 videtur
960 4058 1019 4120 ista
1035 4057 1072 4119 S.
1089 4055 1193 4136 Officii
1207 4054 1382 4118 Decisione:

113 4143 152 4204 In
174 4143 332 4222 Bntpariee
348 4146 508 4225 provincia
524 4166 586 4208 mos
604 4157 662 4223 est,
683 4156 716 4207 nt
733 4149 975 4228 patresfamilias
992 4145 1158 4227 aliquando
1177 4145 1234 4205 sibi
1251 4145 1284 4205 in
1301 4143 1384 4226 filios

113 4231 272 4312 adoptent,
291 4231 400 4312 absque
419 4243 519 4294 tamea
542 4233 606 4294 ulla
618 4234 704 4314 juris
723 4233 924 4309 solemnitate,
948 4234 1066 4316 aliquos
1084 4253 1191 4316 pueros
1208 4243 1236 4296 et
1251 4232 1381 4316 puellas.

113 4319 296 4400 Hujnsmodi
318 4321 456 4403 adoptati
479 4325 678 4383 communiter
694 4323 774 4384 inter·
792 4323 957 4384 catholicos
977 4323 1020 4384 ibi
1039 4331 1268 4396 commorantes,
1292 4319 1385 4381 veluti

111 4407 172 4490 filii
187 4409 315 4492 [epitimi
331 4419 522 4492 reputantur,
544 4410 617 4472 adeo
634 4419 667 4471 nt
686 4411 719 4470 in
735 4410 910 4472 haereditate
929 4413 1019 4473 etiem
1033 4413 1204 4474 succedant.
1221 4411 1294 4472 Rea.
1311 4407 1381 4471 DI).

111 4497 221 4581 dosepb
248 4499 428 4562 noceamus
447 4501 696 4562 missienmias...
722 4499 851 4563 Sacrmn
877 4501 991 4584 Conpr.
1022 4501 1058 4566 de
1078 4498 1285 4584 Propaganda
1309 4497 1383 4560 Fide
