3224 5044
637 588 945 670 ralcrlros

354 790 446 900 DE
482 787 821 900 IlIlTRIlMA
858 787 1222 901 UNCTIONE

718 1055 859 1068 ——nn—

562 1279 567 1289 .
680 1221 854 1296 CAPUT
880 1221 895 1296 l

316 1403 363 1453 DE
388 1402 532 1453 NATURA
558 1403 602 1451 ET
627 1401 842 1452 EFFECTIBUS
868 1401 1049 1450 EXTREMAE
1075 1399 1262 1451 UNCTIONIS

192 1573 264 1632 ota.
278 1603 319 1614 -
333 1570 355 1629 Ι.
370 1571 517 1630 Extrema
534 1566 643 1629 Unctio
658 1566 805 1629 delinitur
824 1568 1056 1628 Sacramentum
1075 1585 1161 1628 novae
1180 1566 1254 1645 legis
1269 1585 1287 1628 a
1308 1565 1428 1631 Christo

148 1657 339 1721 institutam
362 1657 399 1718 ad
418 1656 631 1719 conterendam
654 1655 785 1716 salutem
808 1655 936 1729 animae,
957 1654 1005 1716 vel
1028 1653 1123 1716 etiam
1144 1655 1292 1734 corporiS,
1318 1663 1429 1734 aegroto

148 1746 220 1808 vita
234 1743 435 1824 periclitanti,
451 1761 504 1822 per
517 1743 698 1806 unctionem
712 1741 773 1804 olei
788 1741 940 1803 benedicti
954 1744 984 1802 et
1000 1741 1171 1803 orationem
1185 1742 1365 1804 Sacerdotis:

194 1835 341 1892 Extrema
360 1831 468 1894 Unotio
491 1837 538 1893 est
562 1847 672 1892 verum
690 1847 777 1892 novae
796 1828 869 1904 legis
886 1833 1130 1891 Sacramentum.
1146 1832 1291 1904 Constat,
1309 1835 1339 1892 l⁰
1358 1829 1432 1910 quia

150 1924 202 1982 est
224 1917 348 1998 signum
372 1918 532 1994 sensibile,
549 1917 703 1980 sorderens
721 1916 852 1998 gratiam
871 1923 902 1978 et
921 1935 938 1978 a
958 1915 1085 1978 Domino
1104 1919 1179 1978 Iesu
1199 1917 1320 1980 Christo
1337 1918 1428 1979 insti-

152 2014 271 2071 tutum.
293 2007 382 2072 Ratio
405 2006 489 2069 enim
513 2006 594 2086 signi
610 2005 685 2068 satis
709 2011 793 2086 patet
813 2023 866 2086 per
887 2004 1064 2067 unctionem
1085 2012 1115 2067 ot
1137 2004 1306 2067 orationem
1329 2009 1430 2068 Sacer-

150 2097 246 2160 dotis.
262 2097 347 2172 Quod
364 2095 496 2158 conferat
515 2095 665 2176 gratiam,
682 2101 801 2156 constat
820 2111 857 2155 ex
875 2096 940 2175 ejus
961 2092 1128 2156 effectibus.
1143 2093 1300 2155 Institutio
1322 2101 1427 2156 autem

153 2185 265 2248 divina
291 2186 521 2248 demonstratur
539 2183 701 2264 apostolica
722 2182 895 2246 traditione.
918 2182 1150 2260 promulgatum
1175 2181 1236 2244 fuit
1256 2182 1428 2262 prasertim

152 2294 172 2337 a
196 2273 232 2334 S.
252 2273 362 2336 Jooobo
381 2273 414 2334 in
436 2272 571 2352 Epistola
595 2271 753 2346 catholica,
776 2289 807 2332 v.
835 2275 873 2333 tt
892 2277 923 2332 et
945 2275 1001 2344 15,
1021 2269 1076 2332 ubi
1098 2269 1230 2333 dicitur:
1248 2271 1432 2353 Infimaotor

151 2366 223 2445 qais
238 2363 270 2424 ia
289 2362 392 2424 cobis?
409 2361 537 2423 inducat
550 2359 747 2441 Presbyteros
765 2359 925 2437 Ecclesia,
943 2369 971 2420 et
992 2367 1078 2420 areat
1091 2379 1181 2440 super
1192 2379 1273 2433 eam,
1289 2369 1432 2442 copertos

153 2471 223 2514 eam
236 2451 354 2514 oleo?...
372 2460 403 2512 et
416 2454 515 2512 oratio
533 2448 625 2512 Fidei
639 2448 769 2511 salvabit
780 2447 952 2529 infirmam,
969 2458 998 2508 et
1008 2446 1166 2509 alleviabit
1183 2468 1248 2510 eam
1265 2449 1431 2526 Domioas;

152 2543 224 2603 etsi
234 2541 408 2624 inpeccatis
422 2543 473 2617 sit,
490 2543 682 2603 remittentur
694 2537 733 2598 ei.

196 2633 323 2693 Constat
335 2635 368 2692 Ψ)
382 2647 420 2691 ex
435 2627 611 2690 definitione
628 2625 716 2690 Cone.
737 2625 837 2704 Trea,
859 2646 933 2688 sess.
949 2627 1027 2700 XIV,
1045 2625 1080 2688 de
1099 2626 1251 2688 Extremo
1269 2625 1431 2702 (locotione,

154 2718 212 2782 ubi
236 2718 279 2779 sio
300 2717 413 2779 dicitur
434 2736 441 2777 :
466 2715 505 2777 Si
527 2720 595 2797 pais
617 2714 733 2777 dicerit
753 2715 933 2777 Extremam
959 2715 1137 2776 Unotiooem
1156 2735 1216 2775 aon
1236 2735 1295 2777 esse
1316 2736 1385 2777 vere
1403 2727 1433 2778 et

149 2805 282 2888 proprie
296 2805 527 2865 Sacramentum
541 2824 561 2862 a
576 2803 698 2864 Christo
713 2801 845 2863 Domino
865 2812 970 2863 nostro
989 2805 1173 2877 r'oatr'tutum,
1192 2813 1221 2863 et
1239 2824 1258 2864 a
1278 2804 1361 2864 beato
1381 2803 1435 2864 Ja-

155 2892 230 2955 oobo
248 2890 394 2971 Apostolo
410 2890 651 2972 promulgatam,
673 2890 724 2952 sed
743 2893 837 2950 ritum
856 2899 971 2950 tantam
989 2899 1142 2972 acceptam
1162 2911 1181 2950 a
1200 2890 1362 2968 Patribus,
1380 2903 1435 2952 aut

155 2981 334 3064 figmeatum
349 2979 512 3040 domanam
520 3025 529 3054 ,
546 2977 704 3038 anatliema
718 2977 768 3038 sit.

200 3073 270 3132 673.
291 3103 327 3114 -
344 3069 380 3130 Il.
397 3066 530 3129 Effectus
541 3065 730 3129 sacramenti
747 3068 900 3129 Extrema
913 3066 1074 3130 Unotionis
1093 3073 1167 3130 sunt
1182 3086 1190 3128 ε
1208 3073 1240 3131 t⁰
1255 3067 1351 3148 gratia
1361 3086 1433 3130 san-

158 3155 297 3222 ctificans
318 3174 389 3218 oum
408 3153 516 3236 gratiis
534 3153 704 3216 actualibus
723 3155 912 3217 sacramenti
929 3155 1075 3235 propriis,
1092 3174 1160 3236 quaa
1181 3155 1308 3218 mirifice
1321 3160 1435 3238 juvant

95 3242 106 3268 ⁸
159 3249 199 3311 ad
209 3245 407 3310 recreandum
417 3242 590 3317 infirmum,
600 3259 732 3322 eumque
744 3241 990 3306 confirmandum
999 3249 1104 3306 eontra
1111 3244 1224 3306 diaboli
1233 3244 1430 3307 tentationes.

202 3339 234 3398 ΞΟ
255 3333 405 3399 Remissio
425 3331 568 3394 omnium
591 3335 783 3412 peccatorum
803 3332 942 3394 nondum
962 3331 1178 3408 remissorum,
1202 3333 1296 3395 etiam
1317 3339 1432 3395 morta-

160 3425 252 3488 lium.
268 3425 396 3486 Constat
409 3440 447 3484 er
460 3427 547 3483 textu
559 3419 594 3482 S.
613 3419 721 3481 Jooobr'
733 3437 826 3500 supra
838 3419 951 3483 citato:
966 3421 1012 3482 Et
1026 3423 1054 3480 si
1068 3422 1101 3482 io
1113 3424 1244 3502 peccatis
1258 3425 1313 3500 sit,
1331 3426 1434 3482 remit-

161 3521 264 3576 tentor
286 3517 325 3574 ei.
351 3510 429 3574 Hirro
452 3513 684 3574 Sacramentum
710 3511 861 3571 Extrema
885 3508 1044 3572 Unotionis
1064 3515 1110 3572 est
1134 3508 1261 3591 quidem
1286 3509 1433 3591 primario

160 3605 396 3664 Sacramentum
421 3603 573 3680 vivorum,
601 3599 653 3660 sod
684 3597 861 3660 secundario
889 3604 935 3660 ast
962 3601 1192 3662 Sacramentum
1227 3609 1434 3679 mortuoram,

161 3707 272 3771 nempe
285 3688 320 3752 in
334 3687 497 3773 hypothesi
516 3691 614 3750 status
628 3685 753 3768 peccati.
770 3685 914 3750 Remittit
928 3692 1008 3749 certo
1022 3686 1154 3750 venialia
1163 3689 1319 3768 primario
1333 3694 1365 3749 et
1378 3708 1435 3770 per

161 3777 520 3861 amnemamnem
530 3777 635 3840 eodem
646 3775 736 3838 modo
744 3774 838 3838 etiam
845 3775 988 3838 mortalia
996 3775 1301 3857 romilda-&Lim
1315 3798 1346 3837 a.
1362 3781 1432 3840 731.

204 3872 237 3932 3⁰
251 3867 408 3931 Abstersio
425 3866 626 3947 reliquiarum
644 3863 771 3946 peccati,
793 3881 861 3946 quae
884 3871 960 3928 sunt
980 3883 1042 3929 non
1059 3865 1158 3928 solum
1181 3881 1279 3945 poenaa
1302 3865 1433 3945 peccatis

164 3956 290 4031 debita,
305 3957 359 4020 sed
374 3955 468 4020 etiam
481 3954 579 4018 animi
595 3953 782 4030 anxietates,
799 3953 1010 4056 infipmitatea
1026 3953 1154 4034 languor
1170 3953 1209 4016 ad
1222 3953 1355 4028 bonum,
1373 3960 1435 4017 tor-

164 4064 229 4126 por,
245 4045 351 4120 timor,
367 4050 399 4106 et
412 4043 472 4107 alia
481 4042 606 4120 similia,
623 4061 691 4125 quac
705 4061 743 4105 ex
754 4047 882 4122 peccatis
895 4041 1130 4105 contrabuntur.
1143 4041 1181 4103 Hi
1194 4046 1297 4105 autem
1309 4041 1435 4106 effectus

165 4135 295 4214 majores
307 4134 394 4206 sunt,
409 4151 469 4214 quo
482 4131 626 4194 infirmus
636 4130 748 4194 melius
759 4133 806 4193 est
816 4130 921 4194 aniam
933 4136 1138 4210 comparatus.

205 4226 238 4284 t⁰
257 4219 422 4284 Restitutio
446 4219 588 4300 sanitatis
612 4217 744 4299 corporis
768 4218 941 4292 interdum,
972 4218 998 4280 si
1025 4216 1137 4280 anima
1165 4219 1257 4282 saluti
1282 4220 1433 4302 expediat.

164 4311 340 4372 Constatex
358 4313 447 4369 textu
465 4305 500 4368 S.
517 4306 624 4367 Jooodi
643 4304 751 4380 citato,
767 4311 850 4380 etex
866 4303 958 4368 Coae.
973 4305 1071 4386 Trid,
1088 4326 1157 4371 sess.
1172 4310 1252 4384 XIV,
1269 4309 1306 4371 de
1319 4309 1434 4373 Extre-

166 4416 214 4458 ma
232 4394 393 4473 Umtiooe,
410 4414 436 4457 o.
448 4413 482 4457 n.
499 4393 577 4456 llino
590 4399 723 4476 apparet,
740 4411 835 4475 quam
849 4392 982 4474 turpiter
992 4401 1104 4471 errent,
1118 4396 1173 4478 qui
1186 4395 1244 4460 boc
1258 4402 1436 4461 Sacramen-

166 4491 237 4548 tum
256 4503 318 4548 nou
338 4483 511 4566 recipiunt,
528 4481 589 4545 nisi
608 4501 677 4545 cum
697 4481 823 4546 morbus
842 4481 888 4545 ita
905 4481 1057 4560 invaluit,
1073 4490 1109 4548 ut
1119 4487 1186 4566 jam
1205 4487 1272 4550 sino
1288 4485 1434 4548 miraculo

168 4573 270 4639 sanari
282 4578 446 4658 nequeant.
460 4609 500 4620 -
516 4571 550 4634 S.
570 4571 639 4654 Ltp.
655 4591 687 4633 a.
705 4575 774 4635 731.
