<?xml version="1.0" encoding="UTF-8"?>
<!DOCTYPE html PUBLIC "-//W3C//DTD XHTML 1.0 Transitional//EN"
    "http://www.w3.org/TR/xhtml1/DTD/xhtml1-transitional.dtd">
<html xmlns="http://www.w3.org/1999/xhtml" xml:lang="en" lang="en">
 <head>
  <title>
</title>
<meta http-equiv="Content-Type" content="text/html;charset=utf-8" />
  <meta name='ocr-system' content='tesseract 3.04.00' />
  <meta name='ocr-capabilities' content='ocr_page ocr_carea ocr_par ocr_line ocrx_word'/>
</head>
<body>
  <div class='ocr_page' id='page_1' title='image "./compendiumtheol03gurygoog_0416.png"; bbox 0 0 3206 5042; ppageno 0'>
   <div class='ocr_carea' id='block_1_1' title="bbox 603 216 1389 276">
    <p class='ocr_par' dir='ltr' id='par_1_1' title="bbox 603 216 1389 276">
     <span class='ocr_line' id='line_1_1' title="bbox 603 216 1389 276; baseline 0.014 -11"><span class='ocrx_word' id='word_1_1' title='bbox 603 222 645 266; x_wconf 87' lang='lat' dir='ltr'><strong>nn</strong></span> <span class='ocrx_word' id='word_1_2' title='bbox 666 221 899 270; x_wconf 80' lang='lat' dir='ltr'><strong>uarnruonro</strong></span> <span class='ocrx_word' id='word_1_3' title='bbox 1321 216 1389 276; x_wconf 72' lang='lat'><strong>403</strong></span> 
     </span>
    </p>
   </div>
   <div class='ocr_carea' id='block_1_2' title="bbox 116 331 1395 1743">
    <p class='ocr_par' dir='ltr' id='par_1_2' title="bbox 116 331 1390 672">
     <span class='ocr_line' id='line_1_2' title="bbox 116 331 1390 418; baseline 0.007 -23"><span class='ocrx_word' id='word_1_4' title='bbox 116 332 254 395; x_wconf 76' lang='lat' dir='ltr'><strong>naturali</strong></span> <span class='ocrx_word' id='word_1_5' title='bbox 263 331 422 414; x_wconf 56' lang='lat' dir='ltr'><strong>petibile</strong></span> <span class='ocrx_word' id='word_1_6' title='bbox 435 349 496 394; x_wconf 82' lang='lat' dir='ltr'><strong>noo</strong></span> <span class='ocrx_word' id='word_1_7' title='bbox 511 341 593 394; x_wconf 80' lang='lat' dir='ltr'><strong>cst...</strong></span> <span class='ocrx_word' id='word_1_8' title='bbox 608 335 695 396; x_wconf 83' lang='lat' dir='ltr'><strong>Unde</strong></span> <span class='ocrx_word' id='word_1_9' title='bbox 710 333 753 396; x_wconf 91' lang='lat' dir='ltr'><strong>sic</strong></span> <span class='ocrx_word' id='word_1_10' title='bbox 768 355 775 396; x_wconf 77' lang='grc' dir='ltr'><strong><em>ε</em></strong></span> <span class='ocrx_word' id='word_1_11' title='bbox 789 336 977 399; x_wconf 86' lang='lat' dir='ltr'><strong>Ouanismus</strong></span> <span class='ocrx_word' id='word_1_12' title='bbox 989 340 1034 400; x_wconf 88' lang='lat' dir='ltr'><strong>est</strong></span> <span class='ocrx_word' id='word_1_13' title='bbox 1046 355 1116 400; x_wconf 88' lang='lat' dir='ltr'><strong>vera</strong></span> <span class='ocrx_word' id='word_1_14' title='bbox 1130 343 1161 399; x_wconf 89' lang='lat' dir='ltr'><strong>et</strong></span> <span class='ocrx_word' id='word_1_15' title='bbox 1174 339 1294 418; x_wconf 90' lang='lat' dir='ltr'><strong>proprie</strong></span> <span class='ocrx_word' id='word_1_16' title='bbox 1308 339 1390 404; x_wconf 88' lang='lat' dir='ltr'><strong>dicta</strong></span> 
     </span>
     <span class='ocr_line' id='line_1_3' title="bbox 117 420 1390 505; baseline 0.005 -21"><span class='ocrx_word' id='word_1_17' title='bbox 117 420 276 494; x_wconf 81' lang='lat' dir='ltr'><strong>mollities,</strong></span> <span class='ocrx_word' id='word_1_18' title='bbox 290 437 344 483; x_wconf 89' lang='lat' dir='ltr'><strong>seu</strong></span> <span class='ocrx_word' id='word_1_19' title='bbox 358 421 487 500; x_wconf 91' lang='lat' dir='ltr'><strong>pollutio</strong></span> <span class='ocrx_word' id='word_1_20' title='bbox 500 429 587 484; x_wconf 77' lang='lat' dir='ltr'><strong>extra</strong></span> <span class='ocrx_word' id='word_1_21' title='bbox 603 439 695 485; x_wconf 87' lang='lat' dir='ltr'><strong>usum</strong></span> <span class='ocrx_word' id='word_1_22' title='bbox 714 422 834 485; x_wconf 89' lang='lat' dir='ltr'><strong>licitum</strong></span> <span class='ocrx_word' id='word_1_23' title='bbox 848 425 1054 501; x_wconf 89' lang='lat' dir='ltr'><strong>Matrimonii;</strong></span> <span class='ocrx_word' id='word_1_24' title='bbox 1072 443 1159 505; x_wconf 89' lang='lat' dir='ltr'><strong>ergo,</strong></span> <span class='ocrx_word' id='word_1_25' title='bbox 1174 429 1228 488; x_wconf 88' lang='lat' dir='ltr'><strong>etc.</strong></span> <span class='ocrx_word' id='word_1_26' title='bbox 1246 429 1307 488; x_wconf 87' lang='lat' dir='ltr'><strong>Hoc</strong></span> <span class='ocrx_word' id='word_1_27' title='bbox 1319 447 1390 490; x_wconf 87' lang='lat' dir='ltr'><strong>con-</strong></span> 
     </span>
     <span class='ocr_line' id='line_1_4' title="bbox 117 507 1389 594; baseline 0.004 -21"><span class='ocrx_word' id='word_1_28' title='bbox 117 510 260 573; x_wconf 85' lang='lat' dir='ltr'><strong>firmatur</strong></span> <span class='ocrx_word' id='word_1_29' title='bbox 272 507 414 589; x_wconf 88' lang='lat' dir='ltr'><strong>pluribus</strong></span> <span class='ocrx_word' id='word_1_30' title='bbox 426 507 461 570; x_wconf 90' lang='lat' dir='ltr'><strong>S.</strong></span> <span class='ocrx_word' id='word_1_31' title='bbox 480 511 644 572; x_wconf 73' lang='lat' dir='ltr'><strong>Paeniteat.</strong></span> <span class='ocrx_word' id='word_1_32' title='bbox 659 517 690 573; x_wconf 90' lang='lat' dir='ltr'><strong>et</strong></span> <span class='ocrx_word' id='word_1_33' title='bbox 705 512 740 573; x_wconf 87' lang='lat' dir='ltr'><strong>S.</strong></span> <span class='ocrx_word' id='word_1_34' title='bbox 759 510 867 594; x_wconf 75' lang='lat' dir='ltr'><strong>Officii</strong></span> <span class='ocrx_word' id='word_1_35' title='bbox 885 512 1110 588; x_wconf 87' lang='lat' dir='ltr'><strong>Decisionibus‚</strong></span> <span class='ocrx_word' id='word_1_36' title='bbox 1126 513 1207 576; x_wconf 82' lang='lat' dir='ltr'><strong>inira</strong></span> <span class='ocrx_word' id='word_1_37' title='bbox 1225 513 1389 578; x_wconf 70' lang='lat' dir='ltr'>referendis</span> 
     </span>
     <span class='ocr_line' id='line_1_5' title="bbox 117 598 501 672; baseline -0.003 -12"><span class='ocrx_word' id='word_1_38' title='bbox 117 598 174 660; x_wconf 86' lang='lat' dir='ltr'><strong>sub</strong></span> <span class='ocrx_word' id='word_1_39' title='bbox 185 618 215 657; x_wconf 86' lang='grc' dir='ltr'><strong>η.</strong></span> <span class='ocrx_word' id='word_1_40' title='bbox 232 601 303 672; x_wconf 67' lang='grc'><strong>917,</strong></span> <span class='ocrx_word' id='word_1_41' title='bbox 320 601 420 660; x_wconf 59' lang='grc' dir='ltr'>918ε1</span> <span class='ocrx_word' id='word_1_42' title='bbox 430 601 501 662; x_wconf 71' lang='lat'><strong>929.</strong></span> 
     </span>
    </p>

    <p class='ocr_par' dir='ltr' id='par_1_3' title="bbox 116 687 1391 948">
     <span class='ocr_line' id='line_1_6' title="bbox 156 687 1391 772; baseline 0.005 -24"><span class='ocrx_word' id='word_1_43' title='bbox 156 687 231 748; x_wconf 76' lang='lat' dir='ltr'><strong>iiico</strong></span> <span class='ocrx_word' id='word_1_44' title='bbox 246 689 282 748; x_wconf 94' lang='lat' dir='ltr'><strong>ll.</strong></span> <span class='ocrx_word' id='word_1_45' title='bbox 300 687 510 750; x_wconf 76' lang='lat' dir='ltr'><strong>Vironooistc</strong></span> <span class='ocrx_word' id='word_1_46' title='bbox 523 707 686 770; x_wconf 83' lang='lat' dir='ltr'><strong>nunquam</strong></span> <span class='ocrx_word' id='word_1_47' title='bbox 698 707 716 750; x_wconf 91' lang='lat' dir='ltr'><strong>a</strong></span> <span class='ocrx_word' id='word_1_48' title='bbox 726 696 844 770; x_wconf 85' lang='lat' dir='ltr'><strong>peccato</strong></span> <span class='ocrx_word' id='word_1_49' title='bbox 859 691 944 770; x_wconf 85' lang='lat' dir='ltr'><strong>gravi</strong></span> <span class='ocrx_word' id='word_1_50' title='bbox 958 692 1096 754; x_wconf 87' lang='lat' dir='ltr'><strong>excusari</strong></span> <span class='ocrx_word' id='word_1_51' title='bbox 1105 694 1211 772; x_wconf 85' lang='lat' dir='ltr'><strong>potest,</strong></span> <span class='ocrx_word' id='word_1_52' title='bbox 1224 699 1255 754; x_wconf 92' lang='lat' dir='ltr'><strong>et</strong></span> <span class='ocrx_word' id='word_1_53' title='bbox 1264 693 1391 772; x_wconf 86' lang='lat' dir='ltr'><strong>proinde</strong></span> 
     </span>
     <span class='ocr_line' id='line_1_7' title="bbox 116 776 1389 861; baseline 0.002 -23"><span class='ocrx_word' id='word_1_54' title='bbox 116 793 278 855; x_wconf 85' lang='lat' dir='ltr'><strong>nunquam</strong></span> <span class='ocrx_word' id='word_1_55' title='bbox 291 776 494 839; x_wconf 77' lang='lat' dir='ltr'><strong>absolvendus</strong></span> <span class='ocrx_word' id='word_1_56' title='bbox 512 781 573 853; x_wconf 87' lang='lat' dir='ltr'><strong>est,</strong></span> <span class='ocrx_word' id='word_1_57' title='bbox 589 777 652 838; x_wconf 90' lang='lat' dir='ltr'><strong>nisi</strong></span> <span class='ocrx_word' id='word_1_58' title='bbox 673 779 711 838; x_wconf 93' lang='lat' dir='ltr'><strong>de</strong></span> <span class='ocrx_word' id='word_1_59' title='bbox 731 783 849 858; x_wconf 86' lang='lat' dir='ltr'><strong>peceato</strong></span> <span class='ocrx_word' id='word_1_60' title='bbox 869 799 929 842; x_wconf 89' lang='lat' dir='ltr'><strong>suo</strong></span> <span class='ocrx_word' id='word_1_61' title='bbox 947 781 1061 842; x_wconf 87' lang='lat' dir='ltr'><strong>sincere</strong></span> <span class='ocrx_word' id='word_1_62' title='bbox 1076 781 1188 854; x_wconf 85' lang='lat' dir='ltr'><strong>doleat,</strong></span> <span class='ocrx_word' id='word_1_63' title='bbox 1204 779 1341 861; x_wconf 88' lang='lat' dir='ltr'><strong>illudque</strong></span> <span class='ocrx_word' id='word_1_64' title='bbox 1355 780 1389 841; x_wconf 89' lang='lat' dir='ltr'><strong>iu</strong></span> 
     </span>
     <span class='ocr_line' id='line_1_8' title="bbox 116 865 926 948; baseline 0.004 -22"><span class='ocrx_word' id='word_1_65' title='bbox 116 871 273 944; x_wconf 88' lang='lat' dir='ltr'><strong>posterum</strong></span> <span class='ocrx_word' id='word_1_66' title='bbox 292 865 390 928; x_wconf 81' lang='lat' dir='ltr'><strong>vitare</strong></span> <span class='ocrx_word' id='word_1_67' title='bbox 403 871 560 946; x_wconf 78' lang='lat' dir='ltr'>proponat.</span> <span class='ocrx_word' id='word_1_68' title='bbox 575 865 665 930; x_wconf 85' lang='lat' dir='ltr'><strong>Ratio</strong></span> <span class='ocrx_word' id='word_1_69' title='bbox 677 885 715 928; x_wconf 82' lang='lat' dir='ltr'><strong>ex</strong></span> <span class='ocrx_word' id='word_1_70' title='bbox 729 866 819 930; x_wconf 90' lang='lat' dir='ltr'><strong>dictis</strong></span> <span class='ocrx_word' id='word_1_71' title='bbox 833 871 926 948; x_wconf 88' lang='lat' dir='ltr'><strong>patet.</strong></span> 
     </span>
    </p>

    <p class='ocr_par' dir='ltr' id='par_1_4' title="bbox 117 943 1395 1743">
     <span class='ocr_line' id='line_1_9' title="bbox 157 943 1391 1035; baseline 0.003 -21"><span class='ocrx_word' id='word_1_72' title='bbox 157 953 235 1014; x_wconf 82' lang='lat' dir='ltr'><em>Dico</em></span> <span class='ocrx_word' id='word_1_73' title='bbox 247 956 298 1015; x_wconf 91' lang='lat' dir='ltr'><strong>lll.</strong></span> <span class='ocrx_word' id='word_1_74' title='bbox 318 955 404 1016; x_wconf 82' lang='lat' dir='ltr'>Uxor</span> <span class='ocrx_word' id='word_1_75' title='bbox 416 973 433 1014; x_wconf 88' lang='lat' dir='ltr'><strong>a</strong></span> <span class='ocrx_word' id='word_1_76' title='bbox 447 959 565 1033; x_wconf 85' lang='lat' dir='ltr'><strong>peccato</strong></span> <span class='ocrx_word' id='word_1_77' title='bbox 572 943 718 1016; x_wconf 80' lang='lat' dir='ltr'><strong>‘excusari</strong></span> <span class='ocrx_word' id='word_1_78' title='bbox 734 961 848 1034; x_wconf 86' lang='lat' dir='ltr'><strong>potest,</strong></span> <span class='ocrx_word' id='word_1_79' title='bbox 865 955 891 1017; x_wconf 88' lang='lat' dir='ltr'><strong>si</strong></span> <span class='ocrx_word' id='word_1_80' title='bbox 906 956 1038 1035; x_wconf 76' lang='lat' dir='ltr'>gravide</span> <span class='ocrx_word' id='word_1_81' title='bbox 1052 975 1142 1020; x_wconf 77' lang='lat' dir='ltr'><strong>carisa</strong></span> <span class='ocrx_word' id='word_1_82' title='bbox 1161 958 1227 1020; x_wconf 88' lang='lat' dir='ltr'><strong>viro</strong></span> <span class='ocrx_word' id='word_1_83' title='bbox 1242 957 1391 1020; x_wconf 79' lang='lat' dir='ltr'><strong>onauista</strong></span> 
     </span>
     <span class='ocr_line' id='line_1_10' title="bbox 117 1041 1392 1126; baseline 0.002 -23"><span class='ocrx_word' id='word_1_84' title='bbox 117 1041 260 1104; x_wconf 85' lang='lat' dir='ltr'><strong>debitum</strong></span> <span class='ocrx_word' id='word_1_85' title='bbox 273 1042 390 1116; x_wconf 80' lang='lat' dir='ltr'><strong>reddat,</strong></span> <span class='ocrx_word' id='word_1_86' title='bbox 406 1042 497 1103; x_wconf 85' lang='lat' dir='ltr'><strong>modo</strong></span> <span class='ocrx_word' id='word_1_87' title='bbox 510 1041 643 1103; x_wconf 87' lang='lat' dir='ltr'><strong>interius</strong></span> <span class='ocrx_word' id='word_1_88' title='bbox 656 1042 756 1122; x_wconf 87' lang='lat' dir='ltr'><strong>ipsius</strong></span> <span class='ocrx_word' id='word_1_89' title='bbox 768 1047 887 1123; x_wconf 70' lang='lat' dir='ltr'><strong>pemmo</strong></span> <span class='ocrx_word' id='word_1_90' title='bbox 905 1061 968 1106; x_wconf 89' lang='lat' dir='ltr'><strong>non</strong></span> <span class='ocrx_word' id='word_1_91' title='bbox 986 1045 1180 1119; x_wconf 73' lang='lat' dir='ltr'><strong>assentiatur,</strong></span> <span class='ocrx_word' id='word_1_92' title='bbox 1198 1047 1392 1126; x_wconf 79' lang='lat' dir='ltr'><strong>exteriusque</strong></span> 
     </span>
     <span class='ocr_line' id='line_1_11' title="bbox 117 1129 1392 1214; baseline 0.002 -22"><span class='ocrx_word' id='word_1_93' title='bbox 117 1129 356 1209; x_wconf 64' lang='lat' dir='ltr'><strong>repugnantiam</strong></span> <span class='ocrx_word' id='word_1_94' title='bbox 391 1147 480 1192; x_wconf 87' lang='lat' dir='ltr'><strong>suam</strong></span> <span class='ocrx_word' id='word_1_95' title='bbox 512 1130 599 1192; x_wconf 91' lang='lat' dir='ltr'><strong>seriis</strong></span> <span class='ocrx_word' id='word_1_96' title='bbox 630 1130 907 1206; x_wconf 79' lang='lat' dir='ltr'><strong>admonitionibus,</strong></span> <span class='ocrx_word' id='word_1_97' title='bbox 936 1132 1043 1196; x_wconf 87' lang='lat' dir='ltr'><strong>aliisve</strong></span> <span class='ocrx_word' id='word_1_98' title='bbox 1070 1132 1268 1213; x_wconf 79' lang='lat' dir='ltr'><strong>displicentiae</strong></span> <span class='ocrx_word' id='word_1_99' title='bbox 1296 1133 1392 1214; x_wconf 91' lang='lat' dir='ltr'><strong>signis</strong></span> 
     </span>
     <span class='ocr_line' id='line_1_12' title="bbox 118 1216 1393 1303; baseline 0.002 -23"><span class='ocrx_word' id='word_1_100' title='bbox 118 1219 272 1280; x_wconf 88' lang='lat' dir='ltr'><strong>ostendat.</strong></span> <span class='ocrx_word' id='word_1_101' title='bbox 288 1216 378 1281; x_wconf 83' lang='lat' dir='ltr'><strong>Ratio</strong></span> <span class='ocrx_word' id='word_1_102' title='bbox 391 1225 438 1281; x_wconf 91' lang='lat' dir='ltr'><strong>est</strong></span> <span class='ocrx_word' id='word_1_103' title='bbox 452 1223 484 1281; x_wconf 84' lang='grc'><strong>10</strong></span> <span class='ocrx_word' id='word_1_104' title='bbox 497 1219 571 1299; x_wconf 90' lang='lat' dir='ltr'><strong>quia</strong></span> <span class='ocrx_word' id='word_1_105' title='bbox 585 1217 630 1281; x_wconf 90' lang='lat' dir='ltr'><strong>rei</strong></span> <span class='ocrx_word' id='word_1_106' title='bbox 644 1218 848 1294; x_wconf 68' lang='lat' dir='ltr'><strong>limaverat,</strong></span> <span class='ocrx_word' id='word_1_107' title='bbox 864 1227 893 1282; x_wconf 90' lang='lat' dir='ltr'><strong>et</strong></span> <span class='ocrx_word' id='word_1_108' title='bbox 910 1221 1009 1283; x_wconf 85' lang='lat' dir='ltr'><strong>utitur</strong></span> <span class='ocrx_word' id='word_1_109' title='bbox 1018 1225 1089 1302; x_wconf 82' lang='lat' dir='ltr'><strong>jure</strong></span> <span class='ocrx_word' id='word_1_110' title='bbox 1101 1240 1175 1297; x_wconf 87' lang='lat' dir='ltr'><strong>sno,</strong></span> <span class='ocrx_word' id='word_1_111' title='bbox 1193 1239 1253 1303; x_wconf 87' lang='lat' dir='ltr'><strong>quo</strong></span> <span class='ocrx_word' id='word_1_112' title='bbox 1270 1227 1393 1302; x_wconf 90' lang='lat' dir='ltr'><strong>propter</strong></span> 
     </span>
     <span class='ocr_line' id='line_1_13' title="bbox 119 1305 1391 1392; baseline 0.002 -25"><span class='ocrx_word' id='word_1_113' title='bbox 119 1305 274 1368; x_wconf 86' lang='lat' dir='ltr'><strong>malitiam</strong></span> <span class='ocrx_word' id='word_1_114' title='bbox 288 1306 348 1370; x_wconf 87' lang='lat' dir='ltr'><strong>viri</strong></span> <span class='ocrx_word' id='word_1_115' title='bbox 367 1307 482 1387; x_wconf 83' lang='lat' dir='ltr'><strong>privari</strong></span> <span class='ocrx_word' id='word_1_116' title='bbox 503 1325 566 1370; x_wconf 85' lang='lat' dir='ltr'><strong>non</strong></span> <span class='ocrx_word' id='word_1_117' title='bbox 583 1312 695 1388; x_wconf 79' lang='lat' dir='ltr'><strong>potest3</strong></span> <span class='ocrx_word' id='word_1_118' title='bbox 713 1327 767 1372; x_wconf 84' lang='lat' dir='ltr'><strong>nec</strong></span> <span class='ocrx_word' id='word_1_119' title='bbox 784 1309 911 1371; x_wconf 87' lang='lat' dir='ltr'><strong>alterius</strong></span> <span class='ocrx_word' id='word_1_120' title='bbox 927 1315 1046 1390; x_wconf 77' lang='lat' dir='ltr'><strong>peceato</strong></span> <span class='ocrx_word' id='word_1_121' title='bbox 1056 1311 1190 1392; x_wconf 80' lang='lat' dir='ltr'><strong>proprie</strong></span> <span class='ocrx_word' id='word_1_122' title='bbox 1204 1313 1391 1390; x_wconf 85' lang='lat' dir='ltr'><strong>cooperatur,</strong></span> 
     </span>
     <span class='ocr_line' id='line_1_14' title="bbox 119 1397 1394 1477; baseline 0.001 -21"><span class='ocrx_word' id='word_1_123' title='bbox 119 1411 191 1456; x_wconf 89' lang='lat' dir='ltr'><strong>cum</strong></span> <span class='ocrx_word' id='word_1_124' title='bbox 206 1399 367 1477; x_wconf 79' lang='lat' dir='ltr'><strong>espossiae</strong></span> <span class='ocrx_word' id='word_1_125' title='bbox 380 1399 503 1460; x_wconf 87' lang='lat' dir='ltr'><strong>tantum</strong></span> <span class='ocrx_word' id='word_1_126' title='bbox 513 1397 635 1471; x_wconf 88' lang='lat' dir='ltr'><strong>habeat,</strong></span> <span class='ocrx_word' id='word_1_127' title='bbox 650 1404 681 1459; x_wconf 88' lang='lat' dir='ltr'><strong>et</strong></span> <span class='ocrx_word' id='word_1_128' title='bbox 696 1398 774 1460; x_wconf 86' lang='lat' dir='ltr'><strong>aetio</strong></span> <span class='ocrx_word' id='word_1_129' title='bbox 788 1398 952 1461; x_wconf 78' lang='lat' dir='ltr'><strong>intrinsece</strong></span> <span class='ocrx_word' id='word_1_130' title='bbox 969 1399 1050 1462; x_wconf 89' lang='lat' dir='ltr'><strong>mala</strong></span> <span class='ocrx_word' id='word_1_131' title='bbox 1064 1399 1211 1462; x_wconf 72' lang='lat' dir='ltr'><strong>consistat</strong></span> <span class='ocrx_word' id='word_1_132' title='bbox 1223 1403 1344 1460; x_wconf 81' lang='lat' dir='ltr'><strong>tantcrm</strong></span> <span class='ocrx_word' id='word_1_133' title='bbox 1359 1398 1394 1458; x_wconf 91' lang='lat' dir='ltr'><strong>in</strong></span> 
     </span>
     <span class='ocr_line' id='line_1_15' title="bbox 119 1483 1395 1569; baseline 0.002 -25"><span class='ocrx_word' id='word_1_134' title='bbox 119 1487 189 1544; x_wconf 87' lang='lat' dir='ltr'><strong>actu</strong></span> <span class='ocrx_word' id='word_1_135' title='bbox 212 1483 273 1545; x_wconf 89' lang='lat' dir='ltr'><strong>viri</strong></span> <span class='ocrx_word' id='word_1_136' title='bbox 294 1492 399 1546; x_wconf 88' lang='lat' dir='ltr'><strong>contra</strong></span> <span class='ocrx_word' id='word_1_137' title='bbox 417 1491 537 1547; x_wconf 80' lang='lat' dir='ltr'><strong>natura</strong></span> <span class='ocrx_word' id='word_1_138' title='bbox 556 1486 695 1548; x_wconf 85' lang='lat' dir='ltr'><strong>ordinem</strong></span> <span class='ocrx_word' id='word_1_139' title='bbox 724 1495 797 1549; x_wconf 88' lang='lat' dir='ltr'><strong>tunc</strong></span> <span class='ocrx_word' id='word_1_140' title='bbox 817 1487 1001 1564; x_wconf 88' lang='lat' dir='ltr'><strong>recedentis;</strong></span> <span class='ocrx_word' id='word_1_141' title='bbox 1019 1492 1053 1550; x_wconf 70' lang='grc'><strong>10</strong></span> <span class='ocrx_word' id='word_1_142' title='bbox 1072 1488 1145 1569; x_wconf 86' lang='lat' dir='ltr'><strong>quia</strong></span> <span class='ocrx_word' id='word_1_143' title='bbox 1163 1505 1226 1550; x_wconf 88' lang='lat' dir='ltr'><strong>non</strong></span> <span class='ocrx_word' id='word_1_144' title='bbox 1244 1486 1395 1567; x_wconf 85' lang='lat' dir='ltr'><strong>obligatur</strong></span> 
     </span>
     <span class='ocr_line' id='line_1_16' title="bbox 118 1571 1393 1656; baseline 0.001 -22"><span class='ocrx_word' id='word_1_145' title='bbox 118 1571 252 1634; x_wconf 80' lang='lat' dir='ltr'><strong>Caritate</strong></span> <span class='ocrx_word' id='word_1_146' title='bbox 267 1573 306 1634; x_wconf 80' lang='lat' dir='ltr'><strong>ed</strong></span> <span class='ocrx_word' id='word_1_147' title='bbox 328 1577 485 1652; x_wconf 88' lang='lat' dir='ltr'><strong>peccatum</strong></span> <span class='ocrx_word' id='word_1_148' title='bbox 508 1574 613 1636; x_wconf 86' lang='lat' dir='ltr'><strong>mariti</strong></span> <span class='ocrx_word' id='word_1_149' title='bbox 637 1575 869 1656; x_wconf 89' lang='lat' dir='ltr'><strong>impediendum</strong></span> <span class='ocrx_word' id='word_1_150' title='bbox 898 1595 969 1639; x_wconf 76' lang='lat' dir='ltr'><strong>carm</strong></span> <span class='ocrx_word' id='word_1_151' title='bbox 996 1576 1081 1656; x_wconf 85' lang='lat' dir='ltr'><strong>gravi</strong></span> <span class='ocrx_word' id='word_1_152' title='bbox 1103 1595 1158 1639; x_wconf 92' lang='lat' dir='ltr'><strong>suo</strong></span> <span class='ocrx_word' id='word_1_153' title='bbox 1183 1575 1393 1649; x_wconf 83' lang='lat' dir='ltr'><strong>incommodo;</strong></span> 
     </span>
     <span class='ocr_line' id='line_1_17' title="bbox 120 1660 1395 1743; baseline 0.001 -22"><span class='ocrx_word' id='word_1_154' title='bbox 120 1663 153 1721; x_wconf 90' lang='grc'><strong>30</strong></span> <span class='ocrx_word' id='word_1_155' title='bbox 170 1660 245 1740; x_wconf 87' lang='lat' dir='ltr'><strong>quia</strong></span> <span class='ocrx_word' id='word_1_156' title='bbox 253 1665 336 1741; x_wconf 86' lang='lat' dir='ltr'><strong>patet</strong></span> <span class='ocrx_word' id='word_1_157' title='bbox 351 1679 389 1722; x_wconf 76' lang='lat' dir='ltr'><strong>ex</strong></span> <span class='ocrx_word' id='word_1_158' title='bbox 403 1662 663 1742; x_wconf 86' lang='lat' dir='ltr'><strong>responsionibus,</strong></span> <span class='ocrx_word' id='word_1_159' title='bbox 680 1662 794 1743; x_wconf 85' lang='lat' dir='ltr'><strong>quibus</strong></span> <span class='ocrx_word' id='word_1_160' title='bbox 809 1663 843 1724; x_wconf 83' lang='lat' dir='ltr'><strong>S.</strong></span> <span class='ocrx_word' id='word_1_161' title='bbox 856 1663 1094 1726; x_wconf 80' lang='lat' dir='ltr'><strong>Ponitcuticria</strong></span> <span class='ocrx_word' id='word_1_162' title='bbox 1109 1664 1272 1725; x_wconf 85' lang='lat' dir='ltr'><strong>declaravit</strong></span> <span class='ocrx_word' id='word_1_163' title='bbox 1287 1663 1395 1740; x_wconf 70' lang='lat' dir='ltr'><strong>buius-</strong></span> 
     </span>
    </p>
   </div>
   <div class='ocr_carea' id='block_1_3' title="bbox 119 1748 1396 1898">
    <p class='ocr_par' dir='ltr' id='par_1_5' title="bbox 119 1748 1396 1898">
     <span class='ocr_line' id='line_1_18' title="bbox 119 1748 1396 1898; baseline -0.002 -88"><span class='ocrx_word' id='word_1_164' title='bbox 119 1748 205 1897; x_wconf 62' lang='lat' dir='ltr'><strong>rsrppbdi</strong></span> <span class='ocrx_word' id='word_1_165' title='bbox 221 1749 383 1898; x_wconf 47' lang='lat' dir='ltr'><strong>mgimem</strong></span> <span class='ocrx_word' id='word_1_166' title='bbox 402 1749 638 1830; x_wconf 83' lang='lat' dir='ltr'><strong>inquietandam</strong></span> <span class='ocrx_word' id='word_1_167' title='bbox 650 1769 712 1812; x_wconf 90' lang='lat' dir='ltr'><strong>non</strong></span> <span class='ocrx_word' id='word_1_168' title='bbox 728 1769 803 1812; x_wconf 89' lang='lat' dir='ltr'><strong>osse.</strong></span> <span class='ocrx_word' id='word_1_169' title='bbox 815 1783 856 1797; x_wconf 80' lang='lat'><em>-</em></span> <span class='ocrx_word' id='word_1_170' title='bbox 875 1751 947 1812; x_wconf 83' lang='lat' dir='ltr'><strong>Vide</strong></span> <span class='ocrx_word' id='word_1_171' title='bbox 960 1751 1124 1812; x_wconf 78' lang='lat' dir='ltr'><strong>decisiones</strong></span> <span class='ocrx_word' id='word_1_172' title='bbox 1133 1749 1214 1812; x_wconf 83' lang='lat' dir='ltr'><strong>iufra</strong></span> <span class='ocrx_word' id='word_1_173' title='bbox 1226 1748 1396 1812; x_wconf 81' lang='lat' dir='ltr'><strong>referendas</strong></span> 
     </span>
     <span class='ocr_line' id='line_1_19' title="bbox 196 1842 313 1898; baseline 0.017 -3"><span class='ocrx_word' id='word_1_174' title='bbox 196 1857 228 1895; x_wconf 78' lang='lat' dir='ltr'><strong>n.</strong></span> <span class='ocrx_word' id='word_1_175' title='bbox 285 1842 313 1898; x_wconf 97' lang='grc'><strong>1.</strong></span> 
     </span>
    </p>
   </div>
   <div class='ocr_carea' id='block_1_4' title="bbox 245 1965 456 2030">
    <p class='ocr_par' dir='ltr' id='par_1_6' title="bbox 245 1965 456 2030">
     <span class='ocr_line' id='line_1_20' title="bbox 245 1965 456 2030; baseline -0.005 0"><span class='ocrx_word' id='word_1_176' title='bbox 245 1965 456 2030; x_wconf 80' lang='lat' dir='ltr'><strong>Resolves</strong></span> 
     </span>
    </p>
   </div>
   <div class='ocr_carea' id='block_1_5' title="bbox 109 2093 1401 4206">
    <p class='ocr_par' dir='ltr' id='par_1_7' title="bbox 120 2093 1399 2530">
     <span class='ocr_line' id='line_1_21' title="bbox 161 2093 1398 2174; baseline -0.001 -18"><span class='ocrx_word' id='word_1_177' title='bbox 161 2097 285 2156; x_wconf 70' lang='grc'>0113.-</span> <span class='ocrx_word' id='word_1_178' title='bbox 301 2099 334 2156; x_wconf 91' lang='grc'><strong>10</strong></span> <span class='ocrx_word' id='word_1_179' title='bbox 348 2093 486 2158; x_wconf 78' lang='lat' dir='ltr'><strong>Graviter</strong></span> <span class='ocrx_word' id='word_1_180' title='bbox 495 2098 597 2174; x_wconf 87' lang='lat' dir='ltr'><strong>peceat</strong></span> <span class='ocrx_word' id='word_1_181' title='bbox 609 2093 722 2156; x_wconf 88' lang='lat' dir='ltr'><strong>mulier</strong></span> <span class='ocrx_word' id='word_1_182' title='bbox 736 2111 805 2174; x_wconf 80' lang='lat' dir='ltr'><strong>qua</strong></span> <span class='ocrx_word' id='word_1_183' title='bbox 820 2094 924 2156; x_wconf 91' lang='lat' dir='ltr'><strong>virum</strong></span> <span class='ocrx_word' id='word_1_184' title='bbox 938 2096 977 2156; x_wconf 88' lang='lat' dir='ltr'><strong>ad</strong></span> <span class='ocrx_word' id='word_1_185' title='bbox 992 2093 1187 2158; x_wconf 79' lang='lat' dir='ltr'><strong>Matrimonia</strong></span> <span class='ocrx_word' id='word_1_186' title='bbox 1207 2094 1398 2156; x_wconf 87' lang='lat' dir='ltr'><strong>abutendum</strong></span> 
     </span>
     <span class='ocr_line' id='line_1_22' title="bbox 120 2181 1397 2264; baseline 0.001 -21"><span class='ocrx_word' id='word_1_187' title='bbox 120 2181 242 2244; x_wconf 85' lang='lat' dir='ltr'><strong>inducit</strong></span> <span class='ocrx_word' id='word_1_188' title='bbox 256 2183 350 2244; x_wconf 88' lang='lat' dir='ltr'><strong>etiam</strong></span> <span class='ocrx_word' id='word_1_189' title='bbox 359 2182 504 2244; x_wconf 88' lang='lat' dir='ltr'><strong>indirecte</strong></span> <span class='ocrx_word' id='word_1_190' title='bbox 519 2183 566 2246; x_wconf 90' lang='lat' dir='ltr'><strong>vel</strong></span> <span class='ocrx_word' id='word_1_191' title='bbox 580 2182 680 2256; x_wconf 85' lang='lat' dir='ltr'><strong>tacite,</strong></span> <span class='ocrx_word' id='word_1_192' title='bbox 697 2202 729 2244; x_wconf 89' lang='lat' dir='ltr'><strong>v.</strong></span> <span class='ocrx_word' id='word_1_193' title='bbox 741 2201 799 2261; x_wconf 64' lang='lat' dir='ltr'><strong>gr„</strong></span> <span class='ocrx_word' id='word_1_194' title='bbox 816 2185 1027 2264; x_wconf 89' lang='lat' dir='ltr'><strong>conquerendo</strong></span> <span class='ocrx_word' id='word_1_195' title='bbox 1041 2184 1078 2246; x_wconf 91' lang='lat' dir='ltr'><strong>de</strong></span> <span class='ocrx_word' id='word_1_196' title='bbox 1089 2201 1218 2246; x_wconf 91' lang='lat' dir='ltr'><strong>numero</strong></span> <span class='ocrx_word' id='word_1_197' title='bbox 1232 2182 1337 2262; x_wconf 88' lang='lat' dir='ltr'><strong>prolis,</strong></span> <span class='ocrx_word' id='word_1_198' title='bbox 1360 2183 1397 2245; x_wconf 92' lang='lat' dir='ltr'><strong>de</strong></span> 
     </span>
     <span class='ocr_line' id='line_1_23' title="bbox 121 2268 1399 2351; baseline 0.002 -21"><span class='ocrx_word' id='word_1_199' title='bbox 121 2268 279 2334; x_wconf 84' lang='lat' dir='ltr'><strong>laboribus</strong></span> <span class='ocrx_word' id='word_1_200' title='bbox 291 2277 415 2351; x_wconf 85' lang='lat' dir='ltr'><strong>partus,</strong></span> <span class='ocrx_word' id='word_1_201' title='bbox 432 2271 480 2334; x_wconf 90' lang='lat' dir='ltr'><strong>vel</strong></span> <span class='ocrx_word' id='word_1_202' title='bbox 494 2270 684 2333; x_wconf 85' lang='lat' dir='ltr'><strong>educationis</strong></span> <span class='ocrx_word' id='word_1_203' title='bbox 697 2270 880 2346; x_wconf 87' lang='lat' dir='ltr'><strong>liberorum,</strong></span> <span class='ocrx_word' id='word_1_204' title='bbox 893 2279 949 2334; x_wconf 89' lang='lat' dir='ltr'><strong>aut</strong></span> <span class='ocrx_word' id='word_1_205' title='bbox 961 2273 1143 2336; x_wconf 74' lang='lat' dir='ltr'><strong>recantando</strong></span> <span class='ocrx_word' id='word_1_206' title='bbox 1158 2289 1189 2334; x_wconf 90' lang='lat' dir='ltr'><strong>se</strong></span> <span class='ocrx_word' id='word_1_207' title='bbox 1209 2271 1243 2333; x_wconf 90' lang='lat' dir='ltr'><strong>in</strong></span> <span class='ocrx_word' id='word_1_208' title='bbox 1260 2270 1399 2350; x_wconf 79' lang='lat' dir='ltr'><strong>proximo</strong></span> 
     </span>
     <span class='ocr_line' id='line_1_24' title="bbox 120 2358 1399 2440; baseline -0.002 -20"><span class='ocrx_word' id='word_1_209' title='bbox 120 2363 210 2438; x_wconf 89' lang='lat' dir='ltr'><strong>partu</strong></span> <span class='ocrx_word' id='word_1_210' title='bbox 224 2360 412 2422; x_wconf 80' lang='lat' dir='ltr'><strong>urorituram</strong></span> <span class='ocrx_word' id='word_1_211' title='bbox 426 2377 500 2434; x_wconf 87' lang='lat' dir='ltr'><strong>esse,</strong></span> <span class='ocrx_word' id='word_1_212' title='bbox 514 2365 572 2422; x_wconf 88' lang='lat' dir='ltr'><strong>etc.</strong></span> <span class='ocrx_word' id='word_1_213' title='bbox 587 2359 614 2420; x_wconf 81' lang='lat' dir='ltr'><em>A</em></span> <span class='ocrx_word' id='word_1_214' title='bbox 632 2359 756 2439; x_wconf 77' lang='lat' dir='ltr'><strong>fortiori</strong></span> <span class='ocrx_word' id='word_1_215' title='bbox 768 2360 902 2439; x_wconf 86' lang='lat' dir='ltr'><strong>graviter</strong></span> <span class='ocrx_word' id='word_1_216' title='bbox 916 2364 1026 2440; x_wconf 85' lang='lat' dir='ltr'><strong>peceat,</strong></span> <span class='ocrx_word' id='word_1_217' title='bbox 1042 2359 1084 2436; x_wconf 85' lang='lat' dir='ltr'><strong>si,</strong></span> <span class='ocrx_word' id='word_1_218' title='bbox 1101 2360 1201 2422; x_wconf 90' lang='lat' dir='ltr'><strong>invito</strong></span> <span class='ocrx_word' id='word_1_219' title='bbox 1214 2358 1345 2432; x_wconf 85' lang='lat' dir='ltr'><strong>marito,</strong></span> <span class='ocrx_word' id='word_1_220' title='bbox 1361 2359 1399 2420; x_wconf 86' lang='lat' dir='ltr'><strong>ab</strong></span> 
     </span>
     <span class='ocr_line' id='line_1_25' title="bbox 120 2446 900 2530; baseline 0 -20"><span class='ocrx_word' id='word_1_221' title='bbox 120 2446 240 2528; x_wconf 85' lang='lat' dir='ltr'><strong>incepta</strong></span> <span class='ocrx_word' id='word_1_222' title='bbox 255 2449 361 2530; x_wconf 85' lang='lat' dir='ltr'><strong>copula</strong></span> <span class='ocrx_word' id='word_1_223' title='bbox 375 2453 446 2511; x_wconf 89' lang='lat' dir='ltr'><strong>ante</strong></span> <span class='ocrx_word' id='word_1_224' title='bbox 463 2448 699 2512; x_wconf 74' lang='lat' dir='ltr'><strong>seminationem</strong></span> <span class='ocrx_word' id='word_1_225' title='bbox 711 2466 745 2510; x_wconf 89' lang='lat' dir='ltr'><strong>se</strong></span> <span class='ocrx_word' id='word_1_226' title='bbox 754 2449 900 2511; x_wconf 85' lang='lat' dir='ltr'><strong>retrahet.</strong></span> 
     </span>
    </p>

    <p class='ocr_par' dir='ltr' id='par_1_8' title="bbox 109 2537 1401 3230">
     <span class='ocr_line' id='line_1_26' title="bbox 158 2537 1400 2618; baseline -0.001 -18"><span class='ocrx_word' id='word_1_227' title='bbox 158 2541 191 2600; x_wconf 72' lang='lat'><strong>2⁰</strong></span> <span class='ocrx_word' id='word_1_228' title='bbox 202 2538 346 2602; x_wconf 80' lang='lat' dir='ltr'><strong>Graviter</strong></span> <span class='ocrx_word' id='word_1_229' title='bbox 361 2537 438 2600; x_wconf 89' lang='lat' dir='ltr'><strong>item</strong></span> <span class='ocrx_word' id='word_1_230' title='bbox 455 2541 557 2618; x_wconf 83' lang='lat' dir='ltr'><strong>peccat</strong></span> <span class='ocrx_word' id='word_1_231' title='bbox 575 2537 688 2599; x_wconf 90' lang='lat' dir='ltr'><strong>mulier</strong></span> <span class='ocrx_word' id='word_1_232' title='bbox 707 2537 892 2600; x_wconf 78' lang='lat' dir='ltr'><strong>detestande</strong></span> <span class='ocrx_word' id='word_1_233' title='bbox 912 2538 973 2600; x_wconf 84' lang='lat' dir='ltr'><strong>viri</strong></span> <span class='ocrx_word' id='word_1_234' title='bbox 990 2539 1104 2602; x_wconf 88' lang='lat' dir='ltr'><strong>actioni</strong></span> <span class='ocrx_word' id='word_1_235' title='bbox 1126 2537 1257 2602; x_wconf 86' lang='lat' dir='ltr'><strong>interius</strong></span> <span class='ocrx_word' id='word_1_236' title='bbox 1274 2554 1400 2602; x_wconf 89' lang='lat' dir='ltr'><strong>consen-</strong></span> 
     </span>
     <span class='ocr_line' id='line_1_27' title="bbox 109 2624 1401 2707; baseline 0 -19"><span class='ocrx_word' id='word_1_237' title='bbox 109 2624 244 2702; x_wconf 84' lang='lat' dir='ltr'><strong>tiendo,</strong></span> <span class='ocrx_word' id='word_1_238' title='bbox 267 2626 325 2689; x_wconf 89' lang='lat' dir='ltr'><strong>etsi</strong></span> <span class='ocrx_word' id='word_1_239' title='bbox 349 2625 482 2690; x_wconf 79' lang='lat' dir='ltr'><strong>exterius</strong></span> <span class='ocrx_word' id='word_1_240' title='bbox 501 2625 738 2707; x_wconf 84' lang='lat' dir='ltr'><strong>repugnantiam</strong></span> <span class='ocrx_word' id='word_1_241' title='bbox 762 2627 913 2688; x_wconf 88' lang='lat' dir='ltr'><strong>ostendat.</strong></span> <span class='ocrx_word' id='word_1_242' title='bbox 938 2630 1097 2689; x_wconf 81' lang='lat' dir='ltr'><strong>Peccatum</strong></span> <span class='ocrx_word' id='word_1_243' title='bbox 1114 2628 1197 2688; x_wconf 89' lang='lat' dir='ltr'><strong>enim</strong></span> <span class='ocrx_word' id='word_1_244' title='bbox 1218 2645 1336 2706; x_wconf 87' lang='lat' dir='ltr'><strong>semper</strong></span> <span class='ocrx_word' id='word_1_245' title='bbox 1354 2634 1401 2688; x_wconf 90' lang='lat' dir='ltr'><strong>est</strong></span> 
     </span>
     <span class='ocr_line' id='line_1_28' title="bbox 120 2713 1400 2792; baseline -0.001 -16"><span class='ocrx_word' id='word_1_246' title='bbox 120 2715 189 2776; x_wconf 93' lang='lat' dir='ltr'><strong>odio</strong></span> <span class='ocrx_word' id='word_1_247' title='bbox 210 2715 399 2776; x_wconf 81' lang='lat' dir='ltr'><strong>babendum.</strong></span> <span class='ocrx_word' id='word_1_248' title='bbox 426 2715 459 2774; x_wconf 87' lang='lat' dir='ltr'><strong>Si</strong></span> <span class='ocrx_word' id='word_1_249' title='bbox 483 2721 591 2776; x_wconf 81' lang='lat' dir='ltr'><strong>tamen</strong></span> <span class='ocrx_word' id='word_1_250' title='bbox 616 2713 800 2774; x_wconf 81' lang='lat' dir='ltr'><strong>inefficacem</strong></span> <span class='ocrx_word' id='word_1_251' title='bbox 825 2713 972 2774; x_wconf 87' lang='lat' dir='ltr'><strong>admittat</strong></span> <span class='ocrx_word' id='word_1_252' title='bbox 1000 2714 1249 2792; x_wconf 82' lang='lat' dir='ltr'><strong>complacentiam</strong></span> <span class='ocrx_word' id='word_1_253' title='bbox 1275 2731 1338 2774; x_wconf 86' lang='lat' dir='ltr'><strong>non</strong></span> <span class='ocrx_word' id='word_1_254' title='bbox 1363 2715 1400 2775; x_wconf 91' lang='lat' dir='ltr'><strong>de</strong></span> 
     </span>
     <span class='ocr_line' id='line_1_29' title="bbox 122 2798 1400 2877; baseline -0.001 -15"><span class='ocrx_word' id='word_1_255' title='bbox 122 2801 203 2862; x_wconf 90' lang='lat' dir='ltr'><strong>malo</strong></span> <span class='ocrx_word' id='word_1_256' title='bbox 217 2817 305 2876; x_wconf 91' lang='lat' dir='ltr'><strong>opere</strong></span> <span class='ocrx_word' id='word_1_257' title='bbox 317 2799 351 2858; x_wconf 91' lang='lat' dir='ltr'><strong>in</strong></span> <span class='ocrx_word' id='word_1_258' title='bbox 366 2817 408 2872; x_wconf 88' lang='lat' dir='ltr'><strong>se,</strong></span> <span class='ocrx_word' id='word_1_259' title='bbox 422 2801 473 2859; x_wconf 90' lang='lat' dir='ltr'><strong>sed</strong></span> <span class='ocrx_word' id='word_1_260' title='bbox 491 2801 590 2860; x_wconf 89' lang='lat' dir='ltr'><strong>solum</strong></span> <span class='ocrx_word' id='word_1_261' title='bbox 608 2801 644 2859; x_wconf 89' lang='lat' dir='ltr'><strong>de</strong></span> <span class='ocrx_word' id='word_1_262' title='bbox 659 2798 770 2858; x_wconf 85' lang='lat' dir='ltr'><strong>effectu</strong></span> <span class='ocrx_word' id='word_1_263' title='bbox 789 2804 908 2869; x_wconf 87' lang='lat' dir='ltr'><strong>secuto,</strong></span> <span class='ocrx_word' id='word_1_264' title='bbox 924 2805 1000 2877; x_wconf 87' lang='lat' dir='ltr'><strong>puta</strong></span> <span class='ocrx_word' id='word_1_265' title='bbox 1019 2801 1057 2862; x_wconf 94' lang='lat' dir='ltr'><strong>de</strong></span> <span class='ocrx_word' id='word_1_266' title='bbox 1075 2799 1276 2861; x_wconf 89' lang='lat' dir='ltr'><strong>immunitate</strong></span> <span class='ocrx_word' id='word_1_267' title='bbox 1294 2798 1332 2861; x_wconf 90' lang='lat' dir='ltr'><strong>ab</strong></span> <span class='ocrx_word' id='word_1_268' title='bbox 1351 2798 1400 2861; x_wconf 90' lang='lat' dir='ltr'><strong>in-</strong></span> 
     </span>
     <span class='ocr_line' id='line_1_30' title="bbox 122 2884 1400 2968; baseline -0.002 -18"><span class='ocrx_word' id='word_1_269' title='bbox 122 2885 293 2950; x_wconf 88' lang='lat' dir='ltr'><strong>commodis</strong></span> <span class='ocrx_word' id='word_1_270' title='bbox 315 2884 494 2962; x_wconf 83' lang='lat' dir='ltr'><strong>gestationis</strong></span> <span class='ocrx_word' id='word_1_271' title='bbox 515 2886 598 2946; x_wconf 85' lang='lat' dir='ltr'><strong>vela</strong></span> <span class='ocrx_word' id='word_1_272' title='bbox 619 2884 762 2963; x_wconf 87' lang='lat' dir='ltr'><strong>periculis</strong></span> <span class='ocrx_word' id='word_1_273' title='bbox 777 2891 906 2963; x_wconf 86' lang='lat' dir='ltr'><strong>partus,</strong></span> <span class='ocrx_word' id='word_1_274' title='bbox 924 2903 977 2965; x_wconf 90' lang='lat' dir='ltr'><strong>per</strong></span> <span class='ocrx_word' id='word_1_275' title='bbox 996 2905 1028 2950; x_wconf 87' lang='lat' dir='ltr'><strong>se</strong></span> <span class='ocrx_word' id='word_1_276' title='bbox 1047 2905 1109 2950; x_wconf 88' lang='lat' dir='ltr'><strong>non</strong></span> <span class='ocrx_word' id='word_1_277' title='bbox 1123 2893 1239 2968; x_wconf 86' lang='lat' dir='ltr'><strong>peceat,</strong></span> <span class='ocrx_word' id='word_1_278' title='bbox 1256 2886 1400 2966; x_wconf 86' lang='lat' dir='ltr'><strong>quamvis</strong></span> 
     </span>
     <span class='ocr_line' id='line_1_31' title="bbox 122 2971 1399 3056; baseline -0.002 -18"><span class='ocrx_word' id='word_1_279' title='bbox 122 2971 274 3056; x_wconf 86' lang='lat' dir='ltr'><strong>ejusmodi</strong></span> <span class='ocrx_word' id='word_1_280' title='bbox 293 2971 509 3052; x_wconf 84' lang='lat' dir='ltr'><strong>complacentia</strong></span> <span class='ocrx_word' id='word_1_281' title='bbox 530 2971 693 3052; x_wconf 82' lang='lat' dir='ltr'><strong>aliqnando</strong></span> <span class='ocrx_word' id='word_1_282' title='bbox 715 2989 778 3034; x_wconf 83' lang='lat' dir='ltr'><strong>uon</strong></span> <span class='ocrx_word' id='word_1_283' title='bbox 797 2979 896 3034; x_wconf 75' lang='lat' dir='ltr'><strong>oarmt</strong></span> <span class='ocrx_word' id='word_1_284' title='bbox 914 2973 1057 3053; x_wconf 87' lang='lat' dir='ltr'><strong>periculo.</strong></span> <span class='ocrx_word' id='word_1_285' title='bbox 1074 2979 1189 3038; x_wconf 85' lang='lat' dir='ltr'><strong>Verum</strong></span> <span class='ocrx_word' id='word_1_286' title='bbox 1208 2975 1334 3038; x_wconf 88' lang='lat' dir='ltr'><strong>omnino</strong></span> <span class='ocrx_word' id='word_1_287' title='bbox 1351 2992 1399 3036; x_wconf 88' lang='lat' dir='ltr'><strong>ca-</strong></span> 
     </span>
     <span class='ocr_line' id='line_1_32' title="bbox 122 3058 1398 3136; baseline -0.004 -9"><span class='ocrx_word' id='word_1_288' title='bbox 122 3065 261 3127; x_wconf 87' lang='lat' dir='ltr'><strong>vendnm</strong></span> <span class='ocrx_word' id='word_1_289' title='bbox 275 3067 332 3135; x_wconf 81' lang='lat' dir='ltr'><strong>est,</strong></span> <span class='ocrx_word' id='word_1_290' title='bbox 347 3079 400 3136; x_wconf 85' lang='lat' dir='ltr'><strong>ne,</strong></span> <span class='ocrx_word' id='word_1_291' title='bbox 413 3060 501 3122; x_wconf 87' lang='lat' dir='ltr'><strong>illius</strong></span> <span class='ocrx_word' id='word_1_292' title='bbox 513 3058 760 3122; x_wconf 70' lang='lat' dir='ltr'><strong>maninsunone</strong></span> <span class='ocrx_word' id='word_1_293' title='bbox 774 3060 842 3124; x_wconf 88' lang='lat' dir='ltr'><strong>viro</strong></span> <span class='ocrx_word' id='word_1_294' title='bbox 858 3059 951 3135; x_wconf 76' lang='lat' dir='ltr'><strong>bota,</strong></span> <span class='ocrx_word' id='word_1_295' title='bbox 965 3062 1051 3126; x_wconf 84' lang='lat' dir='ltr'><strong>bunc</strong></span> <span class='ocrx_word' id='word_1_296' title='bbox 1063 3064 1170 3126; x_wconf 83' lang='lat' dir='ltr'><strong>reddat</strong></span> <span class='ocrx_word' id='word_1_297' title='bbox 1181 3063 1398 3126; x_wconf 88' lang='lat' dir='ltr'><strong>animosiorem</strong></span> 
     </span>
     <span class='ocr_line' id='line_1_33' title="bbox 124 3149 692 3230; baseline -0.011 -15"><span class='ocrx_word' id='word_1_298' title='bbox 124 3153 163 3215; x_wconf 90' lang='lat' dir='ltr'><strong>ad</strong></span> <span class='ocrx_word' id='word_1_299' title='bbox 177 3150 305 3214; x_wconf 88' lang='lat' dir='ltr'><strong>liberius</strong></span> <span class='ocrx_word' id='word_1_300' title='bbox 317 3167 352 3212; x_wconf 84' lang='lat' dir='ltr'><strong>ac</strong></span> <span class='ocrx_word' id='word_1_301' title='bbox 366 3149 478 3230; x_wconf 79' lang='lat' dir='ltr'><strong>saepius</strong></span> <span class='ocrx_word' id='word_1_302' title='bbox 493 3149 692 3228; x_wconf 85' lang='lat' dir='ltr'><strong>peccandum.</strong></span> 
     </span>
    </p>

    <p class='ocr_par' dir='ltr' id='par_1_9' title="bbox 122 3235 1399 3854">
     <span class='ocr_line' id='line_1_34' title="bbox 164 3235 1398 3318; baseline -0.002 -15"><span class='ocrx_word' id='word_1_303' title='bbox 164 3246 197 3304; x_wconf 80' lang='grc'><strong>30</strong></span> <span class='ocrx_word' id='word_1_304' title='bbox 210 3243 345 3303; x_wconf 74' lang='lat' dir='ltr'><strong>‘tenebra</strong></span> <span class='ocrx_word' id='word_1_305' title='bbox 357 3257 447 3314; x_wconf 75' lang='lat' dir='ltr'><strong>axoe,</strong></span> <span class='ocrx_word' id='word_1_306' title='bbox 462 3239 571 3300; x_wconf 84' lang='lat' dir='ltr'><strong>saltem</strong></span> <span class='ocrx_word' id='word_1_307' title='bbox 583 3235 752 3310; x_wconf 78' lang='lat' dir='ltr'><strong>ordinarie,</strong></span> <span class='ocrx_word' id='word_1_308' title='bbox 765 3237 870 3300; x_wconf 72' lang='lat' dir='ltr'><strong>mmm</strong></span> <span class='ocrx_word' id='word_1_309' title='bbox 885 3237 1061 3300; x_wconf 85' lang='lat' dir='ltr'><strong>enanistam</strong></span> <span class='ocrx_word' id='word_1_310' title='bbox 1075 3239 1113 3301; x_wconf 90' lang='lat' dir='ltr'><strong>de</strong></span> <span class='ocrx_word' id='word_1_311' title='bbox 1126 3237 1311 3318; x_wconf 83' lang='lat' dir='ltr'><strong>obligatione</strong></span> <span class='ocrx_word' id='word_1_312' title='bbox 1321 3241 1398 3301; x_wconf 87' lang='lat' dir='ltr'><strong>recte</strong></span> 
     </span>
     <span class='ocr_line' id='line_1_35' title="bbox 122 3325 1399 3412; baseline -0.003 -19"><span class='ocrx_word' id='word_1_313' title='bbox 122 3331 234 3412; x_wconf 87' lang='lat' dir='ltr'><strong>agendi</strong></span> <span class='ocrx_word' id='word_1_314' title='bbox 251 3347 392 3404; x_wconf 77' lang='lat' dir='ltr'><strong>monem,</strong></span> <span class='ocrx_word' id='word_1_315' title='bbox 406 3345 554 3408; x_wconf 83' lang='lat' dir='ltr'><strong>eumque,</strong></span> <span class='ocrx_word' id='word_1_316' title='bbox 575 3331 729 3408; x_wconf 87' lang='lat' dir='ltr'><strong>quantum</strong></span> <span class='ocrx_word' id='word_1_317' title='bbox 752 3325 788 3388; x_wconf 91' lang='lat' dir='ltr'><strong>in</strong></span> <span class='ocrx_word' id='word_1_318' title='bbox 807 3345 839 3388; x_wconf 85' lang='lat' dir='ltr'><strong>se</strong></span> <span class='ocrx_word' id='word_1_319' title='bbox 861 3333 923 3402; x_wconf 91' lang='lat' dir='ltr'><strong>est,</strong></span> <span class='ocrx_word' id='word_1_320' title='bbox 945 3345 964 3389; x_wconf 90' lang='lat' dir='ltr'><strong>a</strong></span> <span class='ocrx_word' id='word_1_321' title='bbox 986 3345 1127 3408; x_wconf 85' lang='lat' dir='ltr'><strong>perversa</strong></span> <span class='ocrx_word' id='word_1_322' title='bbox 1147 3327 1256 3406; x_wconf 89' lang='lat' dir='ltr'><strong>agendi</strong></span> <span class='ocrx_word' id='word_1_323' title='bbox 1279 3327 1399 3389; x_wconf 88' lang='lat' dir='ltr'><strong>ratione</strong></span> 
     </span>
     <span class='ocr_line' id='line_1_36' title="bbox 122 3415 1398 3498; baseline -0.006 -15"><span class='ocrx_word' id='word_1_324' title='bbox 122 3427 269 3483; x_wconf 84' lang='lat' dir='ltr'><strong>avertere.</strong></span> <span class='ocrx_word' id='word_1_325' title='bbox 287 3423 348 3484; x_wconf 86' lang='lat' dir='ltr'><strong>Nec</strong></span> <span class='ocrx_word' id='word_1_326' title='bbox 358 3415 469 3481; x_wconf 74' lang='lat' dir='ltr'><strong>sufficit</strong></span> <span class='ocrx_word' id='word_1_327' title='bbox 487 3417 569 3498; x_wconf 85' lang='lat' dir='ltr'><strong>qnod</strong></span> <span class='ocrx_word' id='word_1_328' title='bbox 588 3415 681 3478; x_wconf 90' lang='lat' dir='ltr'><strong>semel</strong></span> <span class='ocrx_word' id='word_1_329' title='bbox 704 3433 777 3478; x_wconf 87' lang='lat' dir='ltr'><strong>eum</strong></span> <span class='ocrx_word' id='word_1_330' title='bbox 796 3416 970 3491; x_wconf 84' lang='lat' dir='ltr'><strong>monuerit,</strong></span> <span class='ocrx_word' id='word_1_331' title='bbox 992 3416 1044 3478; x_wconf 88' lang='lat' dir='ltr'><strong>sed</strong></span> <span class='ocrx_word' id='word_1_332' title='bbox 1062 3415 1286 3478; x_wconf 84' lang='lat' dir='ltr'><strong>admonitiones</strong></span> <span class='ocrx_word' id='word_1_333' title='bbox 1303 3415 1398 3476; x_wconf 90' lang='lat' dir='ltr'><strong>inter-</strong></span> 
     </span>
     <span class='ocr_line' id='line_1_37' title="bbox 123 3502 1399 3587; baseline -0.005 -17"><span class='ocrx_word' id='word_1_334' title='bbox 123 3509 199 3572; x_wconf 90' lang='lat' dir='ltr'><strong>dum</strong></span> <span class='ocrx_word' id='word_1_335' title='bbox 214 3516 347 3587; x_wconf 89' lang='lat' dir='ltr'><strong>repetere</strong></span> <span class='ocrx_word' id='word_1_336' title='bbox 365 3507 468 3581; x_wconf 87' lang='lat' dir='ltr'><strong>debet,</strong></span> <span class='ocrx_word' id='word_1_337' title='bbox 485 3505 546 3569; x_wconf 91' lang='lat' dir='ltr'><strong>nisi</strong></span> <span class='ocrx_word' id='word_1_338' title='bbox 565 3511 647 3568; x_wconf 82' lang='lat' dir='ltr'><strong>certa</strong></span> <span class='ocrx_word' id='word_1_339' title='bbox 663 3503 705 3567; x_wconf 90' lang='lat' dir='ltr'><strong>sit</strong></span> <span class='ocrx_word' id='word_1_340' title='bbox 723 3523 836 3568; x_wconf 90' lang='lat' dir='ltr'><strong>novam</strong></span> <span class='ocrx_word' id='word_1_341' title='bbox 852 3503 1095 3568; x_wconf 88' lang='lat' dir='ltr'><strong>admonitionem</strong></span> <span class='ocrx_word' id='word_1_342' title='bbox 1116 3503 1196 3566; x_wconf 92' lang='lat' dir='ltr'><strong>nihil</strong></span> <span class='ocrx_word' id='word_1_343' title='bbox 1213 3521 1277 3566; x_wconf 90' lang='lat' dir='ltr'><strong>esse</strong></span> <span class='ocrx_word' id='word_1_344' title='bbox 1296 3502 1399 3583; x_wconf 82' lang='lat' dir='ltr'><strong>profu·</strong></span> 
     </span>
     <span class='ocr_line' id='line_1_38' title="bbox 122 3591 1398 3675; baseline -0.005 -15"><span class='ocrx_word' id='word_1_345' title='bbox 122 3604 240 3661; x_wconf 80' lang='lat' dir='ltr'><strong>turam.</strong></span> <span class='ocrx_word' id='word_1_346' title='bbox 255 3599 401 3659; x_wconf 87' lang='lat' dir='ltr'><strong>Attamen</strong></span> <span class='ocrx_word' id='word_1_347' title='bbox 424 3601 499 3658; x_wconf 90' lang='lat' dir='ltr'><strong>tunc</strong></span> <span class='ocrx_word' id='word_1_348' title='bbox 517 3595 612 3658; x_wconf 89' lang='lat' dir='ltr'><strong>etiam</strong></span> <span class='ocrx_word' id='word_1_349' title='bbox 630 3593 868 3675; x_wconf 87' lang='lat' dir='ltr'><strong>repugnantiam</strong></span> <span class='ocrx_word' id='word_1_350' title='bbox 887 3611 976 3656; x_wconf 85' lang='lat' dir='ltr'><strong>snam</strong></span> <span class='ocrx_word' id='word_1_351' title='bbox 998 3591 1100 3673; x_wconf 88' lang='lat' dir='ltr'><strong>aliquo</strong></span> <span class='ocrx_word' id='word_1_352' title='bbox 1121 3593 1212 3656; x_wconf 89' lang='lat' dir='ltr'><strong>modo</strong></span> <span class='ocrx_word' id='word_1_353' title='bbox 1234 3591 1398 3673; x_wconf 84' lang='lat' dir='ltr'><strong>patefacere</strong></span> 
     </span>
     <span class='ocr_line' id='line_1_39' title="bbox 123 3681 1393 3766; baseline -0.007 -18"><span class='ocrx_word' id='word_1_354' title='bbox 123 3685 224 3760; x_wconf 87' lang='lat' dir='ltr'><strong>debet,</strong></span> <span class='ocrx_word' id='word_1_355' title='bbox 241 3691 411 3766; x_wconf 79' lang='lat' dir='ltr'><strong>nepemato</strong></span> <span class='ocrx_word' id='word_1_356' title='bbox 432 3683 538 3748; x_wconf 86' lang='lat' dir='ltr'><strong>mariti</strong></span> <span class='ocrx_word' id='word_1_357' title='bbox 557 3683 691 3746; x_wconf 85' lang='lat' dir='ltr'><strong>libenter</strong></span> <span class='ocrx_word' id='word_1_358' title='bbox 704 3681 874 3746; x_wconf 87' lang='lat' dir='ltr'><strong>consentire</strong></span> <span class='ocrx_word' id='word_1_359' title='bbox 888 3681 1041 3745; x_wconf 84' lang='lat' dir='ltr'><strong>videatur.</strong></span> <span class='ocrx_word' id='word_1_360' title='bbox 1058 3717 1097 3728; x_wconf 92' lang='lat'>—</span> <span class='ocrx_word' id='word_1_361' title='bbox 1114 3682 1165 3743; x_wconf 85' lang='lat' dir='ltr'><strong>Ita</strong></span> <span class='ocrx_word' id='word_1_362' title='bbox 1186 3681 1393 3756; x_wconf 83' lang='lat' dir='ltr'><strong>communiter,</strong></span> 
     </span>
     <span class='ocr_line' id='line_1_40' title="bbox 123 3770 892 3854; baseline -0.004 -17"><span class='ocrx_word' id='word_1_363' title='bbox 123 3779 155 3837; x_wconf 90' lang='lat' dir='ltr'><strong>et</strong></span> <span class='ocrx_word' id='word_1_364' title='bbox 169 3772 215 3835; x_wconf 91' lang='lat' dir='ltr'><strong>sio</strong></span> <span class='ocrx_word' id='word_1_365' title='bbox 227 3774 383 3854; x_wconf 86' lang='lat' dir='ltr'><strong>respondit</strong></span> <span class='ocrx_word' id='word_1_366' title='bbox 397 3774 584 3853; x_wconf 88' lang='lat' dir='ltr'><strong>interrogata</strong></span> <span class='ocrx_word' id='word_1_367' title='bbox 597 3770 632 3834; x_wconf 90' lang='lat' dir='ltr'><strong>S.</strong></span> <span class='ocrx_word' id='word_1_368' title='bbox 648 3771 892 3834; x_wconf 78' lang='lat' dir='ltr'><strong>Poniteulicrio.</strong></span> 
     </span>
    </p>

    <p class='ocr_par' dir='ltr' id='par_1_10' title="bbox 124 3856 1398 4206">
     <span class='ocr_line' id='line_1_41' title="bbox 164 3856 1397 3944; baseline -0.005 -20"><span class='ocrx_word' id='word_1_369' title='bbox 164 3867 199 3924; x_wconf 82' lang='grc'><strong>10</strong></span> <span class='ocrx_word' id='word_1_370' title='bbox 210 3861 351 3925; x_wconf 81' lang='lat' dir='ltr'><strong>Officium</strong></span> <span class='ocrx_word' id='word_1_371' title='bbox 366 3881 486 3944; x_wconf 84' lang='lat' dir='ltr'><strong>quoque</strong></span> <span class='ocrx_word' id='word_1_372' title='bbox 504 3857 609 3924; x_wconf 82' lang='lat' dir='ltr'><strong>uxoris</strong></span> <span class='ocrx_word' id='word_1_373' title='bbox 629 3860 690 3923; x_wconf 89' lang='lat' dir='ltr'><strong>erit</strong></span> <span class='ocrx_word' id='word_1_374' title='bbox 708 3860 859 3922; x_wconf 89' lang='lat' dir='ltr'><strong>maritum</strong></span> <span class='ocrx_word' id='word_1_375' title='bbox 877 3860 1050 3936; x_wconf 88' lang='lat' dir='ltr'><strong>blanditiis,</strong></span> <span class='ocrx_word' id='word_1_376' title='bbox 1068 3858 1164 3924; x_wconf 82' lang='lat' dir='ltr'><strong>variis</strong></span> <span class='ocrx_word' id='word_1_377' title='bbox 1186 3858 1299 3921; x_wconf 88' lang='lat' dir='ltr'><strong>amoris</strong></span> <span class='ocrx_word' id='word_1_378' title='bbox 1316 3856 1397 3919; x_wconf 88' lang='lat' dir='ltr'><strong>indi-</strong></span> 
     </span>
     <span class='ocr_line' id='line_1_42' title="bbox 125 3947 1396 4032; baseline -0.007 -16"><span class='ocrx_word' id='word_1_379' title='bbox 125 3950 193 4026; x_wconf 88' lang='lat' dir='ltr'><strong>ciis,</strong></span> <span class='ocrx_word' id='word_1_380' title='bbox 209 3951 361 4032; x_wconf 88' lang='lat' dir='ltr'><strong>precibus,</strong></span> <span class='ocrx_word' id='word_1_381' title='bbox 377 3950 704 4029; x_wconf 80' lang='lat' dir='ltr'><strong>adhortationibusqne</strong></span> <span class='ocrx_word' id='word_1_382' title='bbox 715 3967 892 4030; x_wconf 86' lang='lat' dir='ltr'><strong>permovere</strong></span> <span class='ocrx_word' id='word_1_383' title='bbox 901 3950 940 4011; x_wconf 90' lang='lat' dir='ltr'><strong>ad</strong></span> <span class='ocrx_word' id='word_1_384' title='bbox 954 3956 1057 4012; x_wconf 88' lang='lat' dir='ltr'><strong>aetum</strong></span> <span class='ocrx_word' id='word_1_385' title='bbox 1073 3955 1152 4010; x_wconf 89' lang='lat' dir='ltr'><strong>recte</strong></span> <span class='ocrx_word' id='word_1_386' title='bbox 1166 3947 1396 4028; x_wconf 89' lang='lat' dir='ltr'><strong>perficiendum,</strong></span> 
     </span>
     <span class='ocr_line' id='line_1_43' title="bbox 124 4035 1398 4120; baseline -0.006 -15"><span class='ocrx_word' id='word_1_387' title='bbox 124 4041 174 4106; x_wconf 91' lang='lat' dir='ltr'><strong>vel</strong></span> <span class='ocrx_word' id='word_1_388' title='bbox 199 4041 238 4102; x_wconf 89' lang='lat' dir='ltr'><strong>ab</strong></span> <span class='ocrx_word' id='word_1_389' title='bbox 262 4058 434 4120; x_wconf 85' lang='lat' dir='ltr'><strong>enprorsus</strong></span> <span class='ocrx_word' id='word_1_390' title='bbox 455 4039 683 4102; x_wconf 90' lang='lat' dir='ltr'><strong>abstinendum.</strong></span> <span class='ocrx_word' id='word_1_391' title='bbox 709 4037 905 4118; x_wconf 84' lang='lat' dir='ltr'><strong>Experiontia</strong></span> <span class='ocrx_word' id='word_1_392' title='bbox 918 4042 1050 4112; x_wconf 89' lang='lat' dir='ltr'><strong>constat,</strong></span> <span class='ocrx_word' id='word_1_393' title='bbox 1066 4035 1214 4118; x_wconf 90' lang='lat' dir='ltr'><strong>plurimos</strong></span> <span class='ocrx_word' id='word_1_394' title='bbox 1233 4036 1314 4098; x_wconf 91' lang='lat' dir='ltr'><strong>viros</strong></span> <span class='ocrx_word' id='word_1_395' title='bbox 1325 4052 1398 4097; x_wconf 88' lang='lat' dir='ltr'><strong>ona·</strong></span> 
     </span>
     <span class='ocr_line' id='line_1_44' title="bbox 126 4123 1236 4206; baseline -0.005 -14"><span class='ocrx_word' id='word_1_396' title='bbox 126 4129 225 4192; x_wconf 89' lang='lat' dir='ltr'><strong>nistas</strong></span> <span class='ocrx_word' id='word_1_397' title='bbox 238 4129 276 4192; x_wconf 91' lang='lat' dir='ltr'><strong>ab</strong></span> <span class='ocrx_word' id='word_1_398' title='bbox 291 4127 440 4190; x_wconf 81' lang='lat' dir='ltr'><strong>uxoribus</strong></span> <span class='ocrx_word' id='word_1_399' title='bbox 458 4127 502 4189; x_wconf 90' lang='lat' dir='ltr'><strong>sic</strong></span> <span class='ocrx_word' id='word_1_400' title='bbox 515 4127 636 4189; x_wconf 87' lang='lat' dir='ltr'><strong>allectos</strong></span> <span class='ocrx_word' id='word_1_401' title='bbox 654 4126 692 4189; x_wconf 86' lang='lat' dir='ltr'><strong>ad</strong></span> <span class='ocrx_word' id='word_1_402' title='bbox 705 4127 863 4190; x_wconf 88' lang='lat' dir='ltr'><strong>meliorem</strong></span> <span class='ocrx_word' id='word_1_403' title='bbox 876 4123 998 4206; x_wconf 75' lang='lat' dir='ltr'><strong>frugem</strong></span> <span class='ocrx_word' id='word_1_404' title='bbox 1007 4141 1072 4188; x_wconf 90' lang='lat' dir='ltr'><strong>sese</strong></span> <span class='ocrx_word' id='word_1_405' title='bbox 1082 4123 1236 4206; x_wconf 89' lang='lat' dir='ltr'><strong>recepisse.</strong></span> 
     </span>
    </p>
   </div>
   <div class='ocr_carea' id='block_1_6' title="bbox 251 4257 445 4336">
    <p class='ocr_par' dir='ltr' id='par_1_11' title="bbox 251 4257 445 4336">
     <span class='ocr_line' id='line_1_45' title="bbox 251 4257 445 4336; baseline -0.026 -13"><span class='ocrx_word' id='word_1_406' title='bbox 251 4257 445 4336; x_wconf 86' lang='lat' dir='ltr'><strong>Quaesita.</strong></span> 
     </span>
    </p>
   </div>
   <div class='ocr_carea' id='block_1_7' title="bbox 131 4375 1403 4557">
    <p class='ocr_par' dir='ltr' id='par_1_12' title="bbox 131 4375 1403 4557">
     <span class='ocr_line' id='line_1_46' title="bbox 169 4375 1403 4466; baseline -0.012 -13"><span class='ocrx_word' id='word_1_407' title='bbox 169 4392 240 4454; x_wconf 70' lang='grc'>911.</span> <span class='ocrx_word' id='word_1_408' title='bbox 257 4423 296 4434; x_wconf 86' lang='grc'>-</span> <span class='ocrx_word' id='word_1_409' title='bbox 310 4391 416 4464; x_wconf 70' lang='lat' dir='ltr'><strong>Quum</strong></span> <span class='ocrx_word' id='word_1_410' title='bbox 431 4391 462 4448; x_wconf 84' lang='lat' dir='ltr'><strong>l·</strong></span> <span class='ocrx_word' id='word_1_411' title='bbox 476 4383 626 4460; x_wconf 82' lang='lat' dir='ltr'><strong>Quomodo</strong></span> <span class='ocrx_word' id='word_1_412' title='bbox 640 4403 670 4445; x_wconf 84' lang='lat' dir='ltr'><strong>se</strong></span> <span class='ocrx_word' id='word_1_413' title='bbox 682 4401 787 4466; x_wconf 69' lang='lat' dir='ltr'><strong>perere</strong></span> <span class='ocrx_word' id='word_1_414' title='bbox 800 4383 904 4446; x_wconf 70' lang='lat' dir='ltr'><strong>decem</strong></span> <span class='ocrx_word' id='word_1_415' title='bbox 918 4381 1132 4464; x_wconf 65' lang='lat' dir='ltr'><strong>confessorias</strong></span> <span class='ocrx_word' id='word_1_416' title='bbox 1146 4399 1211 4441; x_wconf 80' lang='lat' dir='ltr'><strong>cem</strong></span> <span class='ocrx_word' id='word_1_417' title='bbox 1225 4375 1403 4462; x_wconf 70' lang='lat' dir='ltr'><strong>conjugibus</strong></span> 
     </span>
     <span class='ocr_line' id='line_1_47' title="bbox 131 4473 783 4557; baseline -0.011 -17"><span class='ocrx_word' id='word_1_418' title='bbox 131 4477 167 4541; x_wconf 83' lang='lat' dir='ltr'><strong>de</strong></span> <span class='ocrx_word' id='word_1_419' title='bbox 181 4497 238 4542; x_wconf 76' lang='lat' dir='ltr'><strong>uso</strong></span> <span class='ocrx_word' id='word_1_420' title='bbox 250 4476 442 4541; x_wconf 76' lang='lat' dir='ltr'><strong>Matrimonii</strong></span> <span class='ocrx_word' id='word_1_421' title='bbox 452 4493 579 4557; x_wconf 74' lang='lat' dir='ltr'><strong>pmnua</strong></span> <span class='ocrx_word' id='word_1_422' title='bbox 594 4473 783 4535; x_wconf 75' lang='lat' dir='ltr'><strong>tacentibus?</strong></span> 
     </span>
    </p>
   </div>
   <div class='ocr_carea' id='block_1_8' title="bbox 0 0 1621 5042">
    <p class='ocr_par' dir='ltr' id='par_1_13' title="bbox 0 0 1621 5042">
     <span class='ocr_line' id='line_1_48' title="bbox 0 0 1621 5042; baseline 0 0"><span class='ocrx_word' id='word_1_423' title='bbox 0 0 1621 5042; x_wconf 95' lang='lat' dir='ltr'><strong> </strong></span> 
     </span>
    </p>
   </div>
  </div>
 </body>
</html>
