3220 5042
472 233 514 276 na
541 229 777 274 sacasannro
803 229 1042 274 rmnrrnnrrn
1327 217 1398 277 255

167 347 255 427 Resp.
278 344 404 425 affirm.
425 360 496 404 nnn
509 341 657 418 Morosa,
673 361 705 400 a.
719 343 808 416 last,
835 339 957 400 statiis.
973 339 1062 403 Ratio
1076 347 1138 412 est,
1161 339 1234 419 quia
1253 342 1399 404 constitu-

124 436 228 499 tiones
237 437 358 512 Gregor.
375 433 440 504 XV,
454 427 663 505 insaciabili,
681 432 711 490 et
725 427 856 490 aliorum
871 432 923 492 SS.
940 427 1137 501 Pontificum,
1154 445 1222 507 qua
1235 429 1398 508 prohibent

124 543 165 587 ne
178 521 323 587 Monialas
337 518 540 584 confiteantur
554 517 642 580 alteri
657 517 811 580 Sacerdoti
827 533 923 596 quam
943 515 1111 596 specialiter
1127 516 1165 577 ab
1185 515 1332 596 Episcopo
1343 536 1397 597 pro

124 609 311 678 Monialibus
323 607 503 689 approbato,
519 625 582 668 non
596 604 742 668 videntur
752 605 957 684 intelligenda
973 604 1035 666 nisi
1051 605 1085 665 de
1093 604 1276 667 Martialibus
1286 609 1318 666 ia
1331 605 1398 666 Mo-

125 699 268 762 sostenis
276 696 451 780 depectitis
456 713 468 772 ,·
483 699 660 777 supponunt
669 693 843 774 enirnquod
850 693 995 756 Moniales
1005 711 1123 773 semper
1135 691 1218 755 intra
1230 693 1399 756 claustrum

125 793 295 852 versentur.
311 785 445 861 Quilibet
459 783 554 864 igitur
570 782 767 857 confessarii,
785 781 854 844 licet
866 800 921 862 pro
939 781 1124 844 Monialibus
1142 800 1205 844 non
1221 782 1396 862 approbati,

124 878 279 940 absolvere
299 880 429 955 possunt
441 871 585 938 Moniales
594 891 653 954 per
666 871 804 934 accidens
819 871 902 932 adse
916 869 1083 933 venientes.
1104 873 1251 933 Praterea
1262 869 1399 932 nauium

124 965 356 1029 incommodum
374 963 555 1043 plerumque
578 961 710 1034 adesset,
727 960 755 1020 si
772 959 1095 1044 lilonialesperegrinae
1116 959 1188 1021 solis
1202 958 1398 1022 confessariis

125 1054 295 1135 specialiter
306 1050 480 1132 approbatis
493 1048 630 1112 confiteri
646 1049 791 1110 deberent
805 1066 812 1110 :
830 1065 907 1127 sape
922 1047 1008 1109 enim
1022 1065 1125 1112 carere
1138 1047 1283 1110 deberent
1294 1053 1397 1111 Sacra-

125 1141 240 1206 mentis
253 1139 445 1204 Paenitentia
457 1145 488 1202 et
504 1137 715 1200 Eucharistiae.
884 1131 888 1140 ’

627 1325 841 1388 AR'I'lCULUS
861 1324 901 1384 111

527 1481 570 1526 nn
595 1478 745 1524 GASIBUS
770 1479 993 1524 asservans

166 1617 341 1684 Reservatio
355 1635 483 1680 casuum
495 1621 542 1678 est
556 1614 708 1678 restrictio
722 1633 776 1676 seu
787 1612 933 1676 limitatio
941 1612 1181 1696 jurisdictionis,
1199 1612 1263 1676 sive
1278 1612 1399 1693 negatio

124 1707 287 1789 potestatis
302 1705 478 1768 absolvendi
493 1702 612 1765 soeriis
626 1702 772 1782 peccatiS,
790 1702 872 1763 salva
885 1707 1033 1780 potestate
1046 1701 1222 1762 absolvendi
1236 1720 1255 1762 a
1269 1701 1396 1764 ceteris.

124 1794 287 1877 Apendam
303 1799 335 1856 1⁰
351 1794 387 1854 de
399 1790 620 1867 reservatione3
636 1825 677 1835 -
688 1793 719 1851 2⁰
732 1791 768 1850 de
780 1789 969 1851 absolutione
980 1795 1217 1850 reservaturum.

221 1969 242 2059 ξ
262 1970 289 2038 Ι.
309 1970 357 2037 De
375 1969 600 2036 reservatione
618 1985 779 2041 eoseum,
801 1985 861 2033 sea
879 1965 918 2032 de
933 1965 1109 2053 principio
1128 1971 1157 2032 et
1176 1972 1308 2032 notare

634 2063 888 2132 reservationis.

249 2228 474 2310 mancipia.

167 2377 328 2440 ctu-1.
345 2379 442 2438 Datur
463 2373 497 2434 in
510 2367 641 2434 Ecclesia
654 2378 787 2453 potestas
802 2371 978 2434 reservandi
996 2377 1092 2434 certos
1111 2389 1199 2433 casus
1213 2371 1277 2434 sive
1296 2389 1401 2433 causas

124 2465 294 2528 eriminum
323 2464 515 2544 graviorum,
547 2459 706 2541 aquibus
738 2459 896 2524 inferiores
923 2459 1105 2524 confessarii
1135 2461 1249 2540 absque
1282 2459 1402 2541 speciali

123 2553 269 2617 facultate
291 2553 445 2616 absolvere
466 2555 632 2631 nequeant.
660 2549 799 2612 Ecclesia
819 2549 915 2624 enim,
938 2555 975 2611 ut
996 2547 1178 2612 dictumest
1202 2548 1277 2631 (art.
1290 2548 1402 2630 pree.)

122 2643 271 2724 competit
304 2647 440 2722 potestas
461 2639 709 2721 jurisdictionem
735 2637 909 2702 conterendi
938 2644 969 2700 et
1000 2638 1175 2714 limitandi3
1207 2657 1277 2718 ergo
1307 2639 1402 2700 etiam

122 2749 214 2794 casus
227 2729 416 2791 reservandi.
430 2763 469 2772 -
482 2731 608 2790 Constat
621 2734 766 2807 praterea
779 2745 817 2788 ex
828 2725 1005 2789 definitione
1021 2726 1114 2788 Cone.
1131 2726 1230 2805 Trici,
1243 2746 1310 2788 sess.
1321 2729 1400 2799 XIV,

122 2822 304 2890 c.v11,ctc.

167 2907 206 2968 Π.
218 2938 260 2949 -
283 2904 417 2964 Potestas
439 2909 559 2981 peccata
581 2903 756 2964 reservandi
773 2921 829 2984 per
849 2921 878 2964 se
896 2903 935 2963 iis
954 2903 1099 2966 omnihus
1120 2907 1151 2966 et
1171 2902 1211 2964 iis
1232 2903 1303 2964 solis
1321 2919 1402 2964 com-

120 2993 220 3076 petit,
236 2990 292 3072 qui
312 2989 501 3052 ordinariam
522 2989 671 3051 habentes
691 2989 750 3051 sori
772 2990 890 3052 interni
904 2989 1166 3071 jurisdictionem,
1183 3009 1250 3054 eam
1273 2995 1403 3072 possunt

122 3081 215 3145 alteri
229 3078 370 3158 delegari.
392 3077 481 3141 Ratio
495 3082 557 3151 est,
575 3076 648 3158 quia
669 3077 709 3138 ad
727 3096 776 3140 eos
793 3096 900 3140 omnes
919 3083 949 3140 et
966 3081 1006 3142 ad
1022 3099 1071 3142 eos
1091 3082 1184 3155 solos,
1205 3079 1260 3161 qrri
1274 3077 1401 3161 jurisdi-

123 3169 261 3234 ctionem
276 3186 330 3248 pro
353 3164 594 3229 confessionibus
615 3165 777 3228 audiendis
798 3167 932 3230 conferre
949 3175 1094 3248 possunt,
1111 3171 1249 3232 eamdem
1268 3167 1403 3230 limitare

123 3259 272 3340 pertinet.

169 3347 247 3413 Hinc
259 3352 289 3409 l⁰
304 3349 384 3426 Papa
395 3361 482 3408 casus
497 3359 652 3406 reservare
673 3347 770 3422 potest
783 3343 818 3404 in
836 3349 901 3406 tota
924 3344 1071 3421 Ecclesia3
1094 3351 1127 3409 2⁰
1142 3346 1282 3428 Episcopi
1300 3345 1335 3408 in
1347 3365 1402 3408 sua

124 3435 264 3512 dimcesi;
281 3440 314 3500 3⁰
323 3435 376 3496 alii
383 3431 631 3517 jurisdictionem
642 3431 840 3512 episcopalem
855 3433 1001 3506 habentes
1011 3452 1081 3514 erga
1091 3435 1230 3498 subditos
1244 3433 1400 3515 proprios;

126 3528 164 3586 4⁰
178 3523 320 3600 Parochi,
343 3544 400 3606 per
420 3541 450 3584 se
469 3519 629 3604 Ioptrecdo,
649 3520 683 3582 in
702 3539 759 3583 sua
777 3521 939 3601 parochia:
954 3540 1063 3584 verum
1086 3522 1165 3585 sicut
1185 3523 1307 3586 inutilis
1329 3522 1401 3596 lere,

125 3619 220 3694 prout
233 3613 414 3676 monuimus
429 3629 536 3692 supra,
555 3631 587 3670 a.
604 3613 665 3674 539
678 3621 707 3672 et
718 3629 749 3671 a.
767 3614 841 3684 etc,
857 3611 955 3673 evasit
969 3612 1069 3691 quoad
1087 3609 1169 3692 ipsos
1183 3610 1312 3674 facultas
1324 3612 1403 3674 dele-

124 3701 235 3781 gandi,
259 3701 306 3763 ita
323 3700 418 3763 etiam
441 3706 472 3762 et
494 3699 622 3762 facultas
641 3717 748 3762 casum
766 3699 900 3781 aliquem
926 3699 986 3762 sibi
1005 3699 1197 3777 reservandi;
1220 3705 1403 3780 quapropter

124 3807 196 3852 eam
209 3807 344 3852 exercere
360 3808 423 3852 non
438 3789 548 3852 solent.

169 3881 320 3942 caterua
335 3877 413 3941 ferre
436 3880 552 3940 statuta
570 3878 619 3940 vel
636 3877 733 3958 leges,
750 3877 864 3960 quibus
878 3878 954 3942 certi
974 3898 1061 3942 casus
1080 3879 1230 3942 stabiliter
1248 3896 1402 3942 reserren-

126 3974 191 4040 tur,
212 3966 235 4028 ii
257 3966 314 4029 soli
326 3972 459 4047 possunt
480 3965 535 4046 qui
552 3965 799 4046 jurisdictionem
812 3967 929 4031 habent
949 3967 984 4030 in
1006 3975 1137 4049 utroque
1156 3967 1220 4030 loro
1239 3966 1359 4029 intorno
1372 3972 1404 4030 et

124 4061 263 4117 externo.

167 4144 219 4205 Ill.
236 4142 308 4206 Tria
321 4143 535 4224 requiruntur,
552 4161 591 4206 ex
608 4144 829 4208 consuetudine
843 4145 951 4207 saltem
965 4145 1118 4220 Ecclesia,
1135 4151 1171 4208 ut
1184 4151 1342 4226 peccatum
1356 4165 1403 4207 re-

124 4237 285 4296 servatum
301 4235 468 4306 censeatur,
483 4230 598 4294 seilicet
618 4238 654 4294 ut
665 4231 707 4294 sit
722 4237 753 4294 l⁰
764 4233 893 4294 mortale
908 4251 970 4296 non
985 4234 1074 4296 modo
1088 4232 1206 4296 ratione
1220 4233 1340 4316 objecti,
1350 4235 1403 4296 sed

101 4343 106 4360 ¹
122 4319 224 4385 saun
235 4320 361 4383 malitiae
375 4325 477 4395 acius;
492 4322 526 4380 2⁰
541 4325 715 4396 externum,
726 4328 757 4383 ct
766 4321 893 4402 quidem
907 4340 996 4400 grave
1011 4341 1072 4402 qua
1085 4328 1263 4398 externum
1274 4327 1306 4386 3ο
1316 4340 1404 4404 opere

121 4415 394 4484 consummatum,
408 4426 471 4471 non
485 4426 557 4472 sero
572 4414 696 4474 tantum
707 4415 907 4485 attentatum,
922 4410 984 4473 nisi
996 4411 1081 4474 aliud
1095 4411 1211 4476 constet
1225 4431 1264 4474 ex
1274 4412 1403 4475 declara-

125 4497 215 4564 tione
226 4515 367 4579 expressa
380 4496 578 4564 reservantis.
594 4531 634 4546 -
649 4497 701 4560 Ita
713 4500 921 4562 communiter.
933 4533 972 4546 -
986 4499 1022 4610 ξ.
1036 4501 1105 4582 Lip.
1120 4521 1150 4562 n.
1165 4504 1235 4566 582.
