3198 5034
158 221 202 282 28
694 234 901 282 rotcausus

160 346 283 428 quando
295 346 340 409 sol
351 345 490 410 medium
499 363 625 410 cursum
633 345 716 409 inter
724 347 886 410 meridiem
896 351 926 409 et
938 364 1077 410 occasum
1088 352 1186 422 tenet;
1198 352 1229 409 et
1240 346 1297 409 hoc
1308 347 1436 428 quidem

161 435 330 498 universali
342 436 562 498 consuetudine
573 435 787 513 confirmatum
797 454 871 498 nam
880 435 915 498 in
927 435 1021 498 variis
1031 434 1120 512 locis,
1133 439 1236 500 Romae
1247 437 1433 516 prasertim,

162 523 268 588 cantici
283 524 380 588 solent
394 524 512 587 tabellae
525 524 634 587 horam
649 525 729 586 hanc
743 523 871 590 diversis
886 523 960 587 anni
975 523 1165 606 temporibus
1182 523 1432 588 determinantes,

160 647 202 660 -
216 613 352 676 Sanctae
363 619 485 688 tamen,
502 612 624 691 Manu,
642 612 807 684 Selmena,
823 631 895 675 cum
910 613 1095 694 quibusdam
1109 613 1195 688 aliis,
1209 617 1322 694 putant
1336 616 1437 677 Matu-

161 702 266 765 tinum
286 720 358 764 arun
379 701 536 765 Laudibus
556 719 643 782 posse
665 701 795 782 singulis
814 701 890 765 anni
910 701 1018 765 diebus
1041 700 1101 764 dici
1123 703 1196 765 hora
1216 703 1349 765 secunde
1368 707 1436 784 post

163 789 339 865 meridiem,
361 790 434 870 quia
452 790 508 853 hac
525 791 616 866 hora,
636 789 800 872 inquiunt,
822 791 919 854 solent
933 793 1072 871 Vespere
1092 790 1224 854 recitari.
1240 825 1282 837 -
1297 790 1334 853 S.
1350 792 1435 873 Lip„

163 899 195 942 n.
211 883 285 954 iii,
301 877 406 942 relicta
423 885 577 960 postrema
594 879 650 942 hac
669 878 835 955 sententia,
852 897 946 960 quam
965 879 1039 942 olim
1057 885 1212 954 tenuerat,
1232 878 1367 959 priorem
1384 881 1439 942 ad·

165 967 265 1030 mittit
279 976 427 1049 tanqum
441 967 606 1040 veriorem,
621 967 698 1049 quin
711 968 840 1030 alteram
856 968 1039 1031 condemnet
1052 979 1073 1030 ¹.

203 1057 304 1132 Quina.
320 1061 352 1120 5⁰
367 1058 418 1119 An
434 1056 537 1118 debeat
552 1057 663 1118 iterari
673 1057 809 1120 recitatio
822 1055 988 1136 Mutarim,
1000 1058 1028 1119 si
1041 1067 1113 1120 ante
1128 1066 1245 1140 tempus
1253 1056 1439 1140 prmdietum

162 1144 269 1207 dubita
282 1146 403 1227 fuerit?

204 1233 295 1316 desp.
316 1234 441 1315 Affirm.
461 1234 551 1300 Ratio
564 1240 626 1309 est,
642 1233 716 1316 quia
733 1233 926 1298 Breviarium
944 1238 990 1298 est
1012 1254 1090 1298 onus
1113 1233 1187 1311 diei;
1209 1252 1278 1314 ergo
1302 1233 1371 1316 ipsa
1388 1233 1439 1297 die

163 1321 319 1402 assignata
334 1322 457 1385 recitari
469 1323 559 1386 debet
574 1342 581 1384 :
597 1341 685 1404 porra
700 1322 727 1384 si
738 1321 792 1386 iiat
811 1322 956 1404 predicta
968 1321 1161 1404 anticipatio,
1174 1325 1240 1404 jam
1255 1327 1342 1385 extra
1353 1321 1439 1384 diem

163 1410 312 1473 recitatur
324 1409 481 1485 Officium,
494 1412 579 1474 haud
591 1429 677 1474 secus
689 1429 723 1474 ac
736 1410 763 1473 si
777 1411 980 1474 recitarentur
993 1413 1080 1474 Horae
1092 1430 1194 1492 parve
1209 1409 1268 1474 diei
1281 1409 1438 1492 sequentis

164 1505 237 1561 ante
250 1498 385 1562 mediam
402 1503 532 1562 noctem.

205 1591 256 1652 66.
271 1623 312 1634 -
323 1591 424 1663 Quian.
445 1593 476 1652 6ο
490 1589 541 1650 An
556 1587 744 1650 Matutinum
762 1588 866 1670 Officii
878 1589 1093 1671 defunctorum
1107 1597 1137 1650 et
1148 1589 1279 1652 Lilunioe
1291 1607 1348 1669 pro
1362 1587 1438 1667 fecto

164 1675 203 1739 S.
217 1675 316 1738 Marci
327 1697 362 1738 ac
376 1677 480 1739 diebus
491 1678 706 1759 Ropatimum,
718 1678 822 1760 pridie
838 1677 1095 1762 uespererecitari
1104 1680 1244 1760 possint?

205 1765 295 1846 desp.
315 1766 354 1827 ad
373 1771 425 1828 iVn
444 1765 570 1849 Affirm.
590 1765 788 1848 probabilius.
811 1769 938 1830 Constat
958 1785 995 1828 er
1016 1765 1184 1829 universali
1202 1764 1437 1837 consuetudine,

165 1871 283 1917 necnon
298 1873 335 1917 ex
348 1854 490 1919 Rubricis
505 1873 573 1936 quae
588 1854 631 1917 sic
644 1854 759 1918 habent
776 1875 782 1918 :
806 1855 893 1918 Dicto
910 1854 1128 1918 Benedicamus
1145 1853 1288 1927 Domino,
1305 1851 1439 1914 absolute

164 1942 276 2024 incipit
291 1942 479 2006 Matutinum
494 1943 716 2025 defunctorum.
732 1947 811 2024 Ergo
834 1962 906 2007 cum
928 1943 1118 2008 Matutinum
1138 1946 1257 2006 Oetam
1277 1941 1347 2004 festi
1367 1942 1439 2002 0111-

164 2029 256 2092 nium
274 2031 455 2094 Sanctomm
470 2032 563 2095 soleat
579 2037 634 2094 aut
647 2038 726 2094 certe
740 2032 836 2113 possit
853 2031 1029 2113 anticipari,
1046 2037 1264 2112 consequenter
1275 2029 1370 2092 etiam
1383 2046 1438 2091 an-

163 2117 285 2200 ticipari
298 2125 396 2200 potest
410 2119 600 2184 Matutinum
614 2119 839 2183 defunctorum.

205 2211 324 2288 Negant
339 2208 437 2289 aliqui
462 2225 534 2270 cum
554 2209 698 2282 Lucania,
716 2207 819 2271 innixi
835 2213 958 2272 Decreta
978 2205 1013 2269 S.
1037 2207 1150 2290 Conpr.
1168 2207 1233 2271 Rit.
1256 2208 1315 2271 Sed
1336 2211 1440 2271 Decre-

163 2298 236 2358 tum
247 2296 324 2358 illud
333 2343 340 2369 ,
350 2299 442 2376 juxta
458 2294 494 2358 S.
509 2295 594 2378 Lep,
608 2316 640 2358 n.
655 2301 728 2371 iii,
746 2296 870 2360 ridetur
883 2295 1029 2376 respicere
1042 2299 1167 2359 tantum
1181 2295 1392 2360 recitationem
1405 2296 1439 2359 in

165 2384 266 2446 choro.

206 2470 297 2554 desp.
313 2472 351 2535 ad
365 2477 418 2535 2²¹³
435 2471 511 2555 Nep.
528 2473 617 2538 Retio
637 2482 698 2549 est,
725 2473 798 2555 quia
817 2472 946 2537 Litaniae
965 2472 1061 2536 affixe
1081 2479 1155 2537 sunt
1174 2471 1250 2549 diei,
1271 2493 1326 2537 nec
1339 2494 1398 2555 per
1410 2494 1440 2536 se

165 2559 312 2623 ridentur
322 2561 466 2642 conjungi
477 2580 549 2625 cum
559 2563 710 2628 Matutino
722 2569 753 2625 et
763 2563 929 2626 Laudibus.
940 2564 1067 2643 Insuper
1077 2563 1218 2643 supplent
1230 2560 1439 2625 assistentiam

166 2649 205 2711 ad
217 2647 450 2728 processionem,
468 2668 536 2731 quae
551 2650 677 2714 omnino
694 2650 755 2714 diei
769 2659 817 2714 est
832 2650 931 2714 aliine.
949 2655 1099 2714 Praeterea
1113 2650 1140 2713 si
1157 2649 1270 2713 festum
1285 2647 1320 2711 S.
1339 2648 1441 2710 Marci

166 2736 378 2815 transferatur,
398 2757 460 2802 non
474 2738 585 2801 debent
603 2738 763 2802 transferri
777 2740 919 2817 Litaniae;
934 2757 1004 2820 ergo
1017 2739 1170 2802 Matutino
1192 2757 1254 2803 non
1268 2738 1437 2811 iuberent,

165 2843 221 2887 neo
234 2825 330 2888 ullam
342 2827 561 2890 connexionem
575 2844 647 2889 cum
660 2828 712 2890 illo
726 2827 851 2892 habent.
869 2865 907 2874 —
923 2828 960 2891 S.
978 2828 1062 2910 Lip,
1078 2849 1111 2890 n.
1129 2832 1203 2904 i'ii,
1223 2827 1322 2902 Quen.
1340 2829 1383 2889 3⁰.
1400 2859 1440 2874 ·-

165 2913 309 2978 wore.

205 3007 255 3066 67.
272 3039 311 3049 -
323 3008 426 3081 Quen.
441 3010 472 3068 ’1ο
486 3006 535 3066 An
547 3006 720 3088 previdens
734 3007 980 3088 impedimentum
991 3005 1144 3069 recitandi
1157 3004 1300 3088 Officium
1311 3007 1377 3089 ipsa
1389 3004 1439 3068 die

165 3091 369 3173 oblipationis,
389 3103 525 3156 teneatur
536 3099 666 3158 recitare
680 3096 865 3158 Matutinnm
878 3105 908 3158 et
917 3094 1034 3158 Laudes
1045 3115 1166 3178 vespere
1181 3092 1315 3176 cipitia?

206 3179 294 3263 Reep.
312 3181 389 3264 Nep.
406 3183 493 3248 Ratio
515 3190 576 3259 est,
597 3183 671 3265 quia
689 3183 758 3246 licet
776 3183 966 3248 Matutinum
987 3191 1019 3247 et
1043 3184 1161 3247 Laudes
1177 3182 1297 3247 recitari
1321 3181 1439 3264 possint

166 3268 279 3350 pridie,
293 3277 474 3334 nontamen
497 3273 617 3335 debent.
640 3275 719 3352 Ergo
733 3272 877 3354 obligatio
896 3273 1002 3336 stricta
1020 3292 1084 3337 non
1105 3278 1194 3353 urget
1217 3279 1288 3334 ante
1303 3271 1439 3335 mediam

166 3364 287 3421 noctem
309 3367 497 3442 sequentem.
518 3363 597 3442 Ergo
618 3367 719 3424 stante
741 3361 962 3443 impedimento
980 3381 998 3424 a
1016 3362 1117 3425 media
1138 3367 1225 3424 nocte
1243 3360 1282 3421 ad
1302 3359 1437 3422 mediam

165 3453 302 3523 noctem,
318 3447 436 3511 tollitur
448 3449 604 3530 obligatio.
619 3451 713 3513 Valde
728 3456 832 3514 tamen
846 3451 984 3532 expedit,
998 3455 1035 3512 ut
1049 3448 1187 3510 recitatio
1198 3446 1395 3526 anticipetur.

207 3539 257 3600 68.
280 3571 321 3584 -
333 3539 435 3613 Quen.
454 3541 486 3602 8ο
502 3539 639 3615 Quanam
658 3538 732 3602 tora
748 3540 845 3622 incipi
859 3541 956 3622 poscit
974 3537 1110 3600 recitatio
1135 3534 1332 3616 Vesperurnm
1349 3553 1438 3596 mane

167 3632 298 3706 tempore
313 3626 577 3709 Quadrupesimoe?

208 3713 296 3795 desp.
307 3734 320 3777 :
333 3714 445 3778 Dicunt
458 3715 721 3794 Semunciarium,
740 3725 828 3780 tract.
843 3717 921 3788 XVI,
938 3731 964 3776 c.
978 3731 1025 3787 111,
1042 3733 1074 3774 n.
1091 3716 1141 3786 ia,
1158 3715 1303 3792 Vesperas
1316 3710 1351 3774 in
1362 3713 1439 3788 Qua-

167 3800 339 3880 dragesima
351 3803 473 3868 recitari
492 3805 529 3866 ab
547 3804 624 3867 hora
636 3803 798 3867 undecima
817 3821 917 3884 posse,
934 3819 987 3864 seu
1005 3819 1069 3863 nna
1085 3801 1161 3864 hora
1181 3806 1251 3862 aute
1265 3801 1436 3864 meridiem,

167 3889 281 3969 Regula
295 3897 398 3954 annm
420 3891 567 3974 generalis
585 3897 646 3965 est,
672 3894 818 3971 Vesperas
839 3889 986 3971 privatim
1011 3889 1133 3952 recitari
1146 3907 1232 3970 posse
1245 3890 1351 3952 eadem
1363 3889 1438 3952 hora

198 4165 208 4200 ¹
223 4165 278 4216 imo
291 4163 416 4230 priorem,
432 4167 534 4219 seclusa
552 4166 656 4232 speciali
675 4164 850 4228 concessione,
867 4178 923 4218 esse
945 4163 1097 4228 mendam,
1112 4163 1239 4218 rmmiius
1256 4163 1395 4218 declararit
1410 4165 1437 4216 s.

164 4234 272 4286 Rituum
280 4237 359 4300 cong.
374 4237 534 4302 interrogata
542 4239 612 4291 enlm
624 4239 657 4289 ab
669 4237 793 4304 Episcopo
802 4237 833 4290 de
848 4235 1003 4289 zacathecas
1013 4237 1041 4288 in
1052 4236 1187 4290 Maricam
1197 4237 1340 4302 republica:
1354 4237 1441 4297 «Que-

165 4319 258 4358 nnnm
271 4307 334 4359 hora
352 4307 428 4360 liceat
440 4306 552 4374 Incipere
571 4309 695 4376 privatim
708 4308 883 4361 mcitationem
902 4308 1023 4360 Matutinl
1037 4321 1096 4360 eum
1116 4307 1248 4360 Laudibus
1266 4319 1373 4374 vespere
1388 4305 1440 4358 diei

165 4393 181 4426 u
196 4377 405 4443 praecedentiam
420 4391 482 4430 nam
494 4381 594 4445 (alebat
610 4381 764 4446 Episcopus)
782 4379 834 4432 nin
848 4378 906 4430 istis
922 4378 1071 4444 remonitus
1085 4391 1138 4431 non
1154 4378 1272 4432 omnium
1288 4377 1379 4431 eadem
1399 4381 1440 4430 eet

165 4463 181 4495 n
198 4448 336 4516 superbae
349 4464 377 4502 re
392 4451 538 4503 mentia»
547 4468 554 4514 ς
563 4451 734 4517 -respondit
747 4449 829 4503 dicit
843 4453 921 4503 mart.
932 4453 1009 4502 itti:
1025 4451 1112 4516 incipi
1119 4465 1211 4518 poene,
1223 4448 1331 4518 qnando
1342 4447 1382 4498 rat
1391 4461 1442 4498 me·

165 4519 241 4572 diurn
251 4535 354 4573 currum
365 4523 435 4574 tenet
445 4522 515 4573 inter
523 4522 659 4573 maidens
669 4525 829 4574 etoccasurn.
837 4547 870 4560 -
880 4521 958 4574 Anat.
971 4521 995 4573 J.
1004 4523 1112 4588 pontifi,
1121 4522 1227 4573 Fcerier
1238 4525 1309 4583 itti,
1321 4518 1371 4570 coi.
1382 4523 1438 4572 itt.
