3206 5042
595 305 637 350 DE
657 308 887 362 nnnntuonlo

554 485 588 543 ll.
600 519 636 529 -
653 507 671 546 1
690 507 917 560 nocnuemnms

218 622 467 688 Eminentissime
482 637 512 690 et
525 629 780 702 Reuerendissime
793 642 937 724 Domine,

138 771 207 831 886.
224 803 264 816 -—
279 769 393 852 Titius,
418 779 552 838 conscius
572 779 634 858 (vel
661 783 803 866 ipnnrus)
823 791 1047 872 impedimenti,
1068 808 1226 866 contraxit
1245 811 1280 870 in
1299 813 1378 892 faeie

101 854 247 919 Ecclesim
260 859 492 924 Matrimonium
504 885 570 927 cum
585 869 723 950 muliere,
740 877 828 956 cujus
840 889 980 960 matrem,
996 886 1044 948 uel
1057 889 1163 969 filum,
1182 897 1231 958 uel
1244 917 1378 966 sororem

99 947 187 1024 prius
200 949 366 1010 carnaliter
379 955 536 1033 capnooit;
546 975 652 1037 quare,
666 979 733 1022 cum
743 963 856 1045 absque
869 971 1012 1034 scandalo
1026 985 1166 1056 separari
1179 992 1375 1070 nonpossint,

99 1042 132 1093 et
144 1035 386 1116 impedimentum
406 1043 447 1101 sit
465 1042 626 1119 oecultmn,
644 1046 813 1113 humillime
830 1056 981 1136 suppleant
996 1062 1181 1130 Eminentius
1203 1073 1326 1161 Vestem,
1344 1091 1378 1143 ut

98 1125 127 1180 ei
139 1121 389 1204 dispensationem
405 1128 531 1210 benipne
544 1132 719 1215 indulpeat,
733 1147 768 1199 ut
781 1140 881 1205 valide
897 1149 1077 1214 eontraleere
1085 1159 1193 1237 possit.

139 1212 293 1294 Dtpnetnr
306 1215 485 1280 Eminentia
503 1220 609 1283 Vestra
623 1243 795 1306 responsum
810 1231 944 1314 diripere
958 1241 998 1300 ad
1012 1261 1059 1303 me
1072 1245 1158 1328 infra
1172 1252 1333 1333 scriptum.

139 1300 195 1363 llic
206 1304 441 1382 exprimendum
458 1314 505 1371 est
522 1327 634 1374 nomen
650 1321 680 1376 et
694 1333 860 1396 cognomen
877 1323 960 1387 illius
974 1329 1010 1390 nd
1028 1348 1121 1410 quem
1141 1340 1374 1410 rescribendum

97 1393 160 1461 est,
176 1407 289 1453 nomen
303 1392 377 1455 item
390 1397 493 1475 oppidi
507 1400 553 1461 vel
568 1401 703 1466 civitatis
715 1407 754 1468 nd
768 1425 862 1486 quom
879 1420 934 1474 ant
950 1433 1111 1498 perquam
1126 1427 1372 1510 rescribendum,

98 1483 128 1536 et
141 1477 206 1540 hnc
220 1480 346 1558 quidem
359 1485 478 1564 vulgari
496 1487 611 1567 lingna.
629 1527 668 1537 —
684 1495 780 1574 Supra
796 1500 1048 1579 supplicationem
1059 1511 1194 1576 clausam
1213 1524 1245 1580 et
1259 1520 1372 1600 sigillo-

96 1570 160 1626 tom
173 1568 316 1645 ponitur:
333 1571 581 1640 Eminentissineo
596 1597 631 1641 ne
647 1580 903 1653 Reuerendissimo
917 1591 987 1655 DD.
1002 1595 1167 1663 Cardinoli
1177 1604 1296 1690 Majori
1305 1611 1372 1674 Poe-

95 1656 285 1719 nitentinrio.

135 1747 205 1809 887.
220 1781 260 1792 -
274 1748 378 1810 Altero
391 1750 532 1830 formula,
549 1759 672 1836 quondo
684 1761 796 1841 duplex
810 1773 857 1828 est
868 1767 1138 1852 impedimentum,
1153 1799 1255 1844 unum
1269 1787 1371 1866 publi-

95 1849 181 1908 cum,
196 1834 279 1896 aliud
293 1837 457 1900 occultum.

193 1996 443 2062 Eminentissime
455 2011 484 2064 et
494 2004 749 2072 lleoerendissime
763 2012 907 2091 Doetzine,

129 2123 240 2186 Petrus
254 2135 284 2186 et
296 2127 397 2200 Anna,
410 2135 622 2214 consnnpuinei
634 2138 665 2198 in
679 2141 806 2203 seeundo
820 2146 1002 2225 pradumon
1018 2173 1069 2234 spe
1082 2155 1237 2235 facilioris
1251 2163 1369 2246 dispen-

91 2211 218 2272 sationis
233 2214 417 2295 obtinenda,
432 2221 484 2281 sed
496 2241 601 2284 vesona
615 2223 742 2289 libidine
756 2231 838 2308 oreti,
856 2253 918 2296 rem
935 2240 1027 2300 simul
1039 2242 1219 2310 tabuerunt.
1237 2253 1370 2317 Joaneces

91 2317 159 2361 uero
172 2301 262 2363 Petri
270 2303 371 2383 frater
384 2306 503 2371 Annam
517 2311 625 2374 ducere
639 2317 787 2394 intendit,
804 2327 966 2388 constituta
981 2329 1029 2390 illi
1045 2331 1126 2410 dote,
1141 2355 1231 2416 qnam
1247 2341 1370 2406 aliunde

91 2387 197 2451 labere
209 2411 270 2452 non
279 2403 381 2475 posset
387 2396 485 2476 jueta
496 2408 593 2462 status
608 2403 659 2463 sui
671 2405 874 2471 conditionem
884 2431 896 2472 .·
908 2415 995 2477 ambo
1011 2421 1191 2501 supplicant
1201 2427 1265 2490 SS.
1283 2430 1367 2510 DE„

91 2488 123 2537 ut
137 2477 268 2541 lintanio
283 2484 446 2564 apostoliea
460 2487 604 2570 dipnetur
617 2512 683 2553 euin
699 2494 764 2555 illis
777 2517 869 2580 super
883 2499 962 2563 dicto
978 2515 1251 2590 consnnpuinitatis
1273 2519 1368 2602 impe-

90 2566 222 2630 dimento
238 2571 427 2654 dispensare.
447 2577 634 2642 Eminentia
652 2593 751 2644 autem
771 2585 882 2649 Vestem
901 2591 1060 2658 lumiliter
1077 2601 1230 2682 supplicat
1247 2613 1370 2674 oratrix

88 2653 179 2717 Anna
198 2669 341 2739 quotenus
361 2683 398 2724 en
419 2666 546 2746 speciali
563 2670 668 2748 pratia
688 2691 754 2733 eum
774 2678 845 2755 ipsa
866 2679 1042 2760 dispensare
1061 2685 1214 2770 dipnetur,
1237 2705 1286 2772 ut,
1307 2719 1367 2758 non

88 2743 223 2806 obstante
243 2749 392 2825 proedicto
414 2754 580 2830 affinitatis
603 2776 640 2816 en
667 2759 774 2820 illicita
797 2765 902 2843 copula
923 2775 1132 2846 provenientis
1155 2781 1368 2858 impedimento

82 2835 207 2910 penitus
226 2834 357 2911 occulto,
375 2837 607 2900 Matrimonium
622 2862 688 2903 eum
701 2845 782 2906 dieto
793 2849 912 2914 Ioanne
928 2852 1010 2917 licite
1024 2868 1054 2920 et
1068 2861 1171 2924 valide
1186 2870 1365 2935 contrahere

80 2918 189 2998 possit.

364 3065 427 3108 1111
446 3066 579 3112 sonuum
598 3070 652 3114 eno
670 3072 741 3114 voro
761 3075 921 3123 essemus
941 3085 1088 3133 1111111111

202 3192 452 3258 Eminentissime
465 3207 494 3259 et
507 3198 761 3267 Reuerendissime
772 3207 915 3286 Domine,

122 3333 191 3395 888.
208 3367 248 3378 -
263 3331 374 3394 Puella
393 3334 529 3416 qondam
548 3357 643 3400 annos
663 3340 783 3404 ce'reiter
799 3348 971 3428 quindecim
988 3362 1059 3416 nota
1079 3359 1209 3424 scienter
1222 3372 1251 3426 et
1270 3363 1361 3430 libere

82 3429 183 3482 notum
202 3421 301 3482 emisit
322 3425 472 3486 castitatis
485 3437 634 3508 perpetuo
650 3433 822 3506 seruandum
843 3457 925 3500 nnnc
944 3451 1042 3504 nutem
1055 3445 1179 3526 judicio
1202 3451 1361 3535 Confessa-

80 3511 138 3586 rii,
155 3510 210 3590 qui
217 3510 401 3591 jamdudum
418 3514 515 3595 ipsius
532 3517 730 3597 confessiones
745 3524 874 3606 excipit,
893 3530 925 3586 in
945 3540 1057 3594 certum
1071 3535 1179 3600 salutis
1195 3539 1359 3606 discrimen

81 3600 209 3676 vene'ret,
235 3601 298 3658 nisi
315 3601 424 3680 nubat,¹
444 3607 635 3686 quapropter
656 3609 811 3690 supplicat
831 3614 987 3679 lumiliter
1009 3631 1039 3682 et
1056 3627 1161 3704 enine,
1181 3637 1281 3692 uotum
1302 3633 1360 3695 sili

80 3689 263 3748 commutari
274 3689 317 3750 ad
328 3692 466 3770 effectum
482 3695 679 3756 contrahendi
692 3699 935 3766 Matrimonium.

119 3775 273 3857 Dipnetur
285 3777 467 3842 Eminentia
489 3782 608 3862 Vestra,
622 3791 679 3847 eto.

498 3991 561 4033 acts
580 3991 710 4036 nonnum
730 3996 765 4038 DE
784 3997 820 4040 RE
839 3999 931 4043 tenent

115 4114 186 4176 889.
203 4147 242 4157 -
260 4112 371 4190 Titius,
384 4137 450 4179 eum
464 4121 613 4183 castitatis
625 4134 692 4185 nota
705 4125 745 4186 sit
758 4126 930 4209 obstrictus,
948 4143 977 4194 et
991 4155 1056 4198 eum
1067 4140 1100 4198 in
1113 4144 1204 4220 proni
1217 4157 1353 4213 uersum

71 4200 212 4282 periculo
226 4201 467 4284 incontinentia,
484 4209 666 4290 suppliciter
683 4223 752 4276 orat
766 4217 978 4283 Eminentiam
998 4224 1146 4303 Vestram,
1161 4240 1195 4294 ut
1207 4233 1352 4315 dipnetur

74 4290 194 4350 oratori
205 4292 365 4371 aproesato
378 4301 448 4356 voto
463 4294 721 4377 dispensationem
734 4305 971 4391 concipereque
984 4311 1215 4382 Matrimonium
1231 4333 1351 4388 contra-

73 4377 144 4442 iere
153 4383 265 4460 possit,
282 4387 340 4444 elo.

112 4469 169 4528 Pro
186 4487 272 4549 prece
289 4469 354 4531 haec
372 4470 498 4553 insuper
520 4473 566 4538 iac
585 4477 744 4543 adverus:
764 4487 796 4545 l⁰
809 4487 1051 4568 supplicationes
1073 4497 1112 4559 nd
1132 4500 1301 4578 linianum,
1314 4505 1350 4569 in

73 4554 301 4634 quibuscomes
320 4559 472 4626 unomen
494 4581 557 4628 non
578 4567 809 4649 expn'muntus,
834 4577 881 4640 vel
900 4595 969 4659 qim
992 4582 1169 4652 testimonio
1191 4591 1346 4674 Episcopi,
