3220 5042
739 223 946 272 andaricus

611 481 615 488 -
718 434 966 501 ARTIGULUSI

665 605 709 652 un
742 605 1019 652 arraonnrronr

244 743 430 826 approbatio
451 741 571 807 definiri
593 747 692 823 potest
711 760 718 803 :
736 716 912 806 daridicnm
933 740 1067 804 Proelati
1082 737 1238 822 judiciam
1262 739 1298 802 de
1317 739 1483 802 idoneitate

205 834 384 898 Sacerdotis
398 832 439 896 ad
451 831 619 894 ordiendae
633 831 839 912 consessiones.

246 923 324 987 llino
344 923 384 985 ad
403 921 625 985 concedendam
643 919 894 1002 approbationem
915 936 978 981 non
999 917 1170 998 requiritur
1190 915 1393 980 essentialiter
1411 936 1483 980 exa·
1596 893 1597 948 ³

206 1003 301 1075 men:
319 1009 474 1094 judicium
499 1009 584 1073 enim
606 1010 742 1092 prudens
763 1010 800 1071 de
821 1006 988 1070 idoneitate
1009 1006 1104 1071 ctiam
1127 1006 1192 1070 sine
1212 1006 1354 1068 examine
1375 1005 1483 1070 baberi

205 1107 319 1183 potest,
335 1099 458 1182 quando
473 1100 510 1163 de
523 1098 580 1161 hoc
593 1097 717 1161 aliunde
731 1101 857 1160 constet.

245 1193 306 1254 lloc
317 1185 585 1269 autchndicinm
595 1187 635 1249 ad
646 1185 707 1248 duo
719 1185 860 1260 refertur,
875 1183 989 1247 scilicet
1000 1202 1038 1246 er
1049 1189 1134 1266 parte
1146 1183 1317 1247 intellectus
1329 1183 1369 1248 ad
1383 1183 1483 1247 scien-

209 1269 287 1341 tiam
305 1284 337 1341 ct
356 1275 568 1362 prudentiam,
590 1293 628 1338 ex
649 1280 735 1355 parte
753 1273 922 1336 voluntatis
945 1274 985 1337 ad
1008 1290 1131 1336 morum
1151 1271 1345 1336 sanctitatem
1368 1271 1484 1336 vicano

207 1363 322 1429 Christi
336 1363 370 1427 in
384 1365 441 1427 hoc
456 1361 629 1426 ministerio
643 1381 819 1443 congruam.
1597 1417 1598 1434 ,

246 1457 317 1518 538.
331 1451 463 1514 -Dico
480 1453 494 1514 l
511 1469 519 1513 :
535 1450 716 1532 Reqrriritur
732 1449 909 1531 approbatio
929 1450 968 1512 ad
988 1447 1188 1512 confessiones
1207 1454 1276 1511 tum
1295 1447 1392 1524 licite,
1410 1455 1484 1513 tum
1597 1447 1598 1462 ¹

206 1541 307 1604 valide
325 1538 527 1622 excipiendas.
541 1543 668 1604 Gonstm
689 1557 727 1601 ex
741 1537 839 1618 Tati,
861 1558 929 1600 sesa.
948 1539 1059 1613 XXlll,
1075 1558 1101 1599 c.
1118 1555 1170 1613 xv,
1185 1536 1220 1599 de
1234 1537 1480 1621 deformatione,

206 1628 262 1693 ubi
276 1629 320 1692 sic
331 1628 482 1693 statuitur
494 1647 502 1691 :
514 1627 641 1691 Nullam
651 1626 973 1710 (Sacerdotcrnlctiam
987 1627 1168 1709 reputarem,
1180 1644 1270 1710 posce
1281 1627 1482 1707 consessiones

205 1719 409 1796 cataloniam,
432 1718 521 1780 ctiam
539 1715 754 1796 Sacerdotem,
778 1716 900 1790 andire,
915 1735 969 1778 nec
987 1717 1028 1776 ad
1047 1714 1080 1777 id
1095 1714 1235 1777 idoneam
1251 1715 1392 1796 reputari
1396 1761 1405 1791 ,
1421 1718 1483 1777 nisi

206 1819 260 1870 ant
272 1805 458 1892 parochiale
478 1806 669 1889 bertcficinm,
686 1813 741 1867 aut
755 1805 793 1866 ab
806 1805 972 1888 Eprccopia
986 1823 1043 1887 per
1056 1823 1194 1880 eramen,
1209 1803 1239 1866 si
1252 1803 1316 1866 itta
1329 1803 1482 1866 videbitur

206 1916 265 1959 cccc
280 1896 496 1971 necessariam,
511 1904 565 1957 aot
579 1895 657 1956 atina
669 1894 791 1957 idoneae
798 1893 967 1976 judicetur,
984 1902 1013 1956 ct
1025 1893 1290 1976 approbationem,
1307 1913 1373 1976 qna
1385 1897 1482 1975 pratis

206 1984 306 2058 detor,
327 1985 471 2048 obtineat.
486 2017 527 2032 -
544 1983 630 2047 Valet
649 1989 756 2047 autem
774 1981 950 2064 approbatio
971 1981 1106 2045 exterius
1125 1982 1214 2056 data,
1235 1979 1359 2045 etiamsi
1376 1988 1480 2044 contra
1598 1991 1599 2010 ¹

206 2071 424 2137 conscientiam
432 2091 452 2134 a
461 2072 587 2136 Praelato
595 2073 786 2146 concedatur,
800 2077 836 2132 ut
847 2068 1053 2134 communiter
1063 2071 1171 2133 docent
1179 2077 1328 2132 auctores.
1336 2105 1374 2116 -
1384 2069 1479 2150 Lapa,

207 2162 237 2225 d.
252 2181 319 2236 xxi,
335 2182 367 2224 n.
383 2165 434 2225 at.
447 2194 486 2206 -
499 2159 611 2232 Salm,
627 2179 653 2220 c.
669 2178 716 2232 xr,
734 2180 765 2220 n.
777 2163 834 2232 00,
847 2163 902 2222 etc.
917 2195 957 2205 -
971 2162 1011 2221 Et
1023 2157 1134 2221 asserit
1148 2157 1184 2221 S.
1200 2157 1283 2240 Lip,
1302 2178 1333 2220 n.
1350 2161 1420 2222 515.

247 2254 318 2314 530.
330 2284 370 2294 -
383 2247 459 2309 Dico
471 2249 518 2310 H:
535 2246 710 2328 Approbare
723 2253 823 2327 potest
835 2247 917 2309 solus
927 2246 1107 2328 Episcopus,
1122 2252 1178 2310 aut
1188 2245 1242 2328 qui
1256 2245 1348 2310 habet
1354 2245 1485 2329 jurisdi·
1597 2269 1598 2276 ¹

206 2337 340 2402 ctionem
353 2337 442 2418 quasi
458 2334 667 2416 episcopalem.
684 2334 773 2399 Ratio
787 2340 849 2408 est,
863 2335 937 2416 quia
953 2335 993 2397 ad
1009 2335 1087 2398 solos
1102 2333 1239 2398 Ecclesia
1257 2335 1399 2398 Prnlatos
1415 2353 1485 2416 pcr-

207 2425 287 2490 iinet
302 2424 439 2504 iudicare
457 2424 494 2485 de
511 2422 679 2486 idoneitate
694 2421 909 2486 Ministrorum
928 2423 967 2486 ad
984 2421 1152 2487 audiendas
1169 2421 1369 2486 confessiones
1388 2423 1485 2507 depu-

207 2513 385 2576 tandorum.
401 2514 526 2574 Constat
538 2511 634 2574 ctiam
648 2529 686 2574 ex
705 2509 795 2574 Conc.
815 2509 965 2582 Trident,
984 2529 1077 2592 supra
1090 2509 1194 2575 citato.
1209 2545 1250 2560 -
1263 2514 1364 2575 Potest
1376 2517 1486 2576 autem

207 2598 373 2681 Episcopus
387 2599 552 2680 approbare
567 2598 631 2662 sire
640 2619 700 2682 per
713 2618 744 2660 cc
755 2599 819 2662 sive
828 2619 887 2682 per
901 2598 996 2661 oliam
1009 2619 1028 2662 a
1042 2617 1074 2664 se
1087 2601 1276 2682 delegatum
1290 2599 1361 2680 quia
1374 2618 1486 2681 appro

207 2687 291 2752 batio
304 2694 351 2752 esi
364 2695 451 2752 actus
460 2686 699 2769 jurisdictionis,
710 2687 886 2770 jurisdictio
898 2695 1004 2754 autem
1016 2688 1170 2752 ordinaria
1183 2693 1281 2770 potest
1292 2687 1486 2768 delegari.-

207 2776 242 2840 S.
258 2777 329 2860 Lip.
343 2798 375 2839 n.
392 2780 467 2854 550,
484 2780 554 2842 558.
844 2821 849 2832 -

246 2867 480 2952 advertendum
501 2883 607 2948 porro,
628 2865 710 2948 quod
724 2869 816 2947 juxta
834 2871 1015 2948 praesentem
1035 2865 1174 2930 Ecclesia
1192 2865 1402 2948 disciplinam,
1420 2887 1485 2932 una

208 2973 282 3020 aum
300 2953 517 3037 approbatione
531 2953 625 3018 ctiam
635 2953 811 3036 jurisdictio
830 2975 849 3017 a
867 2956 993 3019 Praelato
1013 2955 1225 3019 Sacerdotibus
1243 2955 1373 3018 ronlerri
1392 2957 1480 3031 colet,

208 3044 340 3126 exceptis
365 3041 567 3124 Regularibus
590 3043 759 3124 exemptis,
783 3061 818 3105 ac
842 3043 969 3124 proinde
994 3063 1054 3107 usu
1077 3043 1235 3107 communi
1257 3043 1483 3125 approbationis

208 3133 334 3196 nomine
359 3131 454 3195 etiam
473 3129 648 3213 jurisdictio
671 3131 950 3212 comprehenditur.
973 3132 1054 3197 Olim
1078 3149 1149 3195 vero
1170 3138 1241 3196 ante
1263 3132 1483 3198 'tridentinum
1600 3193 1601 3228 ,

208 3220 335 3298 scilicet,
350 3238 421 3285 cnm
438 3219 615 3302 approbatio
629 3220 770 3302 Episcopi
786 3219 954 3284 necessaria
968 3239 1030 3284 non
1046 3227 1143 3298 esset,
1155 3220 1330 3302 jurisdictio
1343 3240 1485 3284 cammu-
1600 3229 1601 3232 ’

206 3309 288 3374 niter
305 3309 477 3374 aParocbis
494 3307 728 3386 concedebatur;
744 3328 813 3391 quac
826 3309 952 3391 quidem
967 3308 1099 3373 facultas
1114 3310 1204 3372 modo
1222 3309 1257 3372 in
1271 3309 1412 3372 Parochis
1429 3309 1485 3372 vix

207 3397 388 3480 exercitium
406 3397 512 3474 habct;
531 3415 603 3460 cum
621 3397 676 3460 vix
694 3396 819 3480 reperiri
838 3415 921 3462 nunc
940 3398 1037 3479 possit
1052 3399 1210 3472 Sacerdos,
1225 3397 1281 3478 qui
1298 3395 1390 3460 simul
1407 3415 1483 3460 cum

207 3485 421 3569 approbatione
434 3505 498 3550 non
511 3485 606 3550 ctiam
617 3485 864 3568 jurisdictionem
878 3486 916 3550 ab
931 3486 1077 3568 Episcopo
1087 3487 1155 3568 jam
1169 3485 1324 3568 acceperit.

330 3640 526 3718 Quaeslta.

247 3790 317 3853 ata.
334 3821 373 3832 -
387 3788 491 3862 Quart.
510 3792 541 3850 1ο
556 3789 583 3849 A
600 3805 732 3871 quonam
747 3783 904 3867 li'pc'scopo
921 3781 1057 3846 labenda
1075 3785 1116 3845 ait
1129 3781 1337 3868 approbatio?

248 3877 337 3958 lterp.
349 3894 362 3938 :
373 3873 558 3956 Apprcbatio
575 3873 672 3938 tribui
688 3871 778 3938 debet
790 3872 828 3934 ah
841 3870 988 3954 Episcopo
1006 3871 1145 3936 dimoeris
1158 3871 1193 3936 in
1206 3891 1271 3955 qua
1282 3872 1484 3938 conlassiones

208 3963 392 4046 excipienda
409 3970 499 4040 sunt;
516 3965 599 4027 unde
615 3979 679 4026 non
691 3959 804 4024 sufficit
816 3959 993 4042 approbatio
1012 3960 1077 4025 siva
1095 3961 1234 4044 Episcopi
1246 3961 1481 4044 paenitentiam,

209 4051 274 4114 sivc
292 4051 433 4134 Episcopi
451 4053 657 4116 sacerdotum.
674 4054 798 4115 Constat
815 4068 853 4112 ex
872 4049 959 4114 Bulla
976 4049 1052 4116 Can
1070 4050 1163 4129 sicat,
1184 4051 1290 4113 innoc.
1307 4049 1393 4129 XII,
1415 4050 1485 4114 data

207 4139 257 4204 die
269 4143 307 4203 10
318 4139 418 4223 April.
433 4161 484 4206 an.
495 4146 586 4219 1700,
597 4139 651 4204 uhi
666 4138 820 4203 sancitum
830 4146 896 4202 est:
913 4136 1139 4221 Consercorioc,
1153 4149 1214 4202 tarn
1227 4137 1384 4202 amares
1393 4157 1482 4222 qnam

207 4228 578 4313 repularec‚qnicamqne
601 4229 752 4307 illiciat,
776 4227 951 4291 nallatennt
972 4247 1059 4311 parce
1087 4227 1195 4291 aadme
1214 4228 1396 4312 prenitentes
1421 4226 1484 4289 cine

208 4317 425 4401 approbatione
439 4317 590 4404 Episcopi
603 4318 676 4395 ioci,
692 4321 727 4380 in
746 4337 804 4400 pao
822 4316 880 4400 ipsi
895 4321 1073 4400 paenitenter
1089 4315 1214 4399 11191011,
1231 4327 1260 4380 et
1277 4316 1484 4399 Confessarioc

208 4405 342 4489 elipant;
357 4425 452 4490 nepae
470 4407 513 4470 ad
530 4407 585 4470 boc
601 4409 772 4490 saffrapari
789 4403 1037 4490 approbationem
1054 4406 1145 4468 remei
1161 4405 1210 4470 oei
1224 4405 1338 4490 pisaits
1356 4405 1394 4470 ab
1414 4403 1484 4466 aliia

212 4493 387 4560 ordinariis
400 4495 531 4558 ale'arnm
545 4493 701 4558 dioecesam
715 4497 883 4573 obtentam
893 4498 1015 4558 etiarnsi
1022 4502 1199 4579 paenitentes
1213 4493 1340 4558 illoram
1353 4493 1483 4560 Orina-
