3198 5034
155 230 199 290 ot
689 241 895 286 renarrans

154 353 266 416 illicite
282 359 365 433 agat.
377 385 416 398 -
429 352 549 434 Neqant
565 359 668 415 tamen
682 353 825 434 quidam,
842 351 915 432 quia
929 351 1048 432 (aiunt)
1062 352 1205 433 Religiosi
1220 371 1251 416 se
1265 354 1379 417 habent
1394 361 1431 419 ut

156 442 265 525 pupilli
275 491 281 516 ,
293 442 348 522 qui
360 442 503 503 bonasua
513 441 612 504 valide
622 443 735 504 donare
745 448 913 522 nequeunt.
924 442 982 504 Sed
992 441 1055 503 hac
1065 441 1169 522 opinio
1180 441 1296 504 nullius
1306 461 1432 524 prorsus

155 538 202 594 ost
213 530 374 594 momenti.

194 622 295 695 Quart
309 624 342 682 3⁰
353 619 406 680 Ad
415 637 482 700 qna
492 639 521 681 ee
534 619 678 682 extendat
692 619 858 681 dominium
872 618 1020 680 directum
1030 619 1180 701 Belipa'oei
1188 639 1245 682 non
1259 619 1432 685 solemniter

195 707 307 789 aserai?

151 729 287 879 ereep.
299 817 312 858 :
328 803 361 859 l·
376 798 425 860 Ad
440 797 520 859 bona
532 795 726 878 temporalia,
745 815 813 878 qna
828 795 1000 877 possidebat
1016 803 1088 859 aute
1108 805 1192 874 rota;
1208 803 1242 862 2⁰
1256 800 1295 861 ad
1312 799 1432 864 fruetus

155 905 211 949 seu
223 885 342 949 reditus
358 887 540 948 eorumdem
553 885 720 961 bonorum;
736 891 767 949 3ῠ
779 886 818 948 ad
832 903 867 946 ea
881 903 949 966 quae
961 884 1021 966 ipsi
1035 886 1071 948 de
1084 889 1154 967 jure
1168 887 1353 964 adveniunt,
1364 889 1432 951 sine

154 993 235 1037 nova
252 974 471 1055 acceptatione,
491 981 527 1037 ιιι
545 975 709 1038 haereditas
728 979 869 1054 paterna,
888 974 1001 1053 legata,
1022 981 1096 1050 etc.;
1118 980 1151 1038 ιι
1170 977 1208 1038 ad
1226 975 1331 1039 omnia
1351 977 1432 1039 bona

154 1081 224 1144 qua
237 1063 463 1143 aparentibus,
480 1063 631 1143 cognatis,
646 1063 793 1126 amicis...
810 1061 918 1143 accipit
933 1063 971 1124 de
985 1062 1184 1142 Superiorum
1195 1063 1328 1127 licentia.
1343 1067 1430 1127 Atta-

154 1169 228 1216 men
241 1150 268 1214 si
282 1152 346 1215 hnc
359 1152 423 1214 sint
437 1169 498 1214 usu
511 1151 774 1232 consumptibilia,
787 1151 821 1213 in
833 1167 1030 1214 communem
1044 1152 1223 1216 monasterii
1238 1171 1331 1216 usum
1339 1156 1432 1234 juxta

158 1259 276 1303 morem
288 1241 466 1322 applicanda
480 1247 568 1314 sunt,
587 1241 696 1302 saltem
710 1240 880 1318 generatim
895 1239 1055 1320 loquendo.

195 1334 264 1393 tto.
281 1365 321 1376 -
335 1333 436 1406 Quae.
456 1334 487 1392 t⁰
507 1329 555 1389 An
573 1329 746 1410 Belipiosas
764 1329 874 1410 absque
892 1328 1069 1410 Superioris
1087 1329 1207 1392 lieentia
1225 1332 1431 1414 mannsnipta

150 1421 289 1500 proprio
305 1437 439 1495 serrare,
458 1426 486 1480 et
499 1417 561 1479 aiio
576 1417 743 1498 transferre
753 1419 876 1499 possit?

194 1507 287 1589 Reep.
301 1506 430 1588 Affirm.
442 1508 535 1588 juxta
549 1523 744 1568 communem
766 1506 968 1582 sententiam;
986 1507 1196 1588 manuscripta
1210 1509 1310 1581 enim,
1326 1513 1430 1588 utpote

152 1599 260 1676 partus
271 1594 403 1676 ingenii,
417 1595 570 1657 habentur
584 1601 620 1657 ut
633 1594 750 1676 aliquid
764 1594 933 1675 spirituale.
952 1599 1098 1658 Praeterea
1112 1597 1267 1676 pertinent
1281 1597 1319 1658 ad
1331 1597 1427 1660 sdan·

153 1684 249 1759 tiam,
268 1703 337 1765 quae
354 1701 417 1745 non
434 1683 517 1746 cadit
535 1683 593 1746 sub
612 1690 682 1745 roto
701 1683 903 1764 paupertatis;
925 1684 977 1745 sed
996 1684 1074 1746 ratio
1093 1684 1192 1764 potior
1210 1693 1272 1759 est,
1295 1685 1369 1766 quia
1385 1685 1428 1748 sic

151 1771 210 1835 fert
233 1771 406 1836 eommunis
430 1778 462 1834 et
484 1777 603 1852 recepta
626 1771 705 1834 inter
724 1773 886 1852 Regulares
907 1772 1104 1835 consuetudo.
1124 1809 1165 1820 -
1182 1773 1217 1834 S.
1235 1774 1306 1855 Liq.
1325 1795 1356 1834 n.
1374 1778 1428 1848 li,

152 1859 264 1938 Salon„
284 1861 389 1924 etalii
406 1865 616 1936 communiter,
635 1861 691 1941 qui
709 1861 792 1923 idem
810 1860 906 1923 etiam
932 1861 970 1923 de
993 1863 1176 1924 Sanctorum
1196 1863 1347 1946 Reliquias
1366 1862 1429 1942 opi·

155 1956 281 2012 uantur.

194 2041 297 2114 Quin.
313 2045 345 2103 5·
356 2041 408 2101 An
418 2049 517 2122 peccet
530 2049 634 2101 conda
648 2049 746 2101 octana
758 2043 948 2121 paupertatis
961 2039 1144 2123 eclipticas,
1157 2045 1184 2102 si
1198 2041 1274 2123 qaid
1289 2041 1325 2102 de
1342 2039 1429 2102 redies

155 2127 197 2192 ad
213 2128 446 2190 deleminatnm
461 2149 547 2190 anam
561 2129 706 2190 concessis
721 2130 754 2188 in
768 2127 862 2190 aliam
877 2149 963 2189 asam
977 2129 1150 2210 impendat?

194 2217 284 2298 lleap.
298 2217 428 2298 Affirm.
443 2215 532 2280 Ratio
547 2223 608 2290 est,
622 2215 695 2296 quia
707 2215 742 2278 in
756 2215 806 2277 his
817 2215 987 2296 Religiosus
1001 2216 1094 2278 hahet
1105 2223 1230 2279 tantuna
1243 2237 1327 2280 mam
1338 2218 1427 2299 facti,

152 2305 246 2386 idque
259 2306 416 2386 precan'o,
430 2303 582 2384 quamdiu
595 2303 748 2384 Superiori
763 2302 929 2366 ridebitur.
946 2307 1001 2366 Est
1016 2307 1119 2367 autem
1133 2313 1219 2369 actus
1234 2305 1427 2387 proprietatis

153 2411 208 2455 seu
227 2391 358 2456 dominii
377 2393 413 2454 de
427 2411 460 2455 re
473 2393 577 2472 aliqua
595 2393 632 2454 ad
649 2391 808 2472 proprium
826 2391 992 2454 arbitrium
1011 2393 1183 2474 disponere,
1200 2401 1230 2457 et
1246 2395 1360 2476 alioqui
1377 2413 1429 2458 ro-

152 2481 259 2544 luntas
269 2499 324 2543 seu
338 2479 461 2543 licentia
474 2479 660 2562 Superioris,
677 2480 739 2542 nisi
753 2481 837 2543 aliud
850 2481 1050 2544 manifestum
1062 2482 1117 2557 sit,
1132 2484 1170 2546 ad
1183 2501 1277 2546 usum
1291 2483 1424 2564 assigna·

151 2573 221 2630 tum
236 2568 443 2648 restringitur.
460 2605 499 2616 -
515 2569 550 2630 S.
566 2569 651 2651 Ligu,
667 2591 698 2630 n.
714 2574 762 2644 te,
780 2580 809 2630 et
822 2569 879 2630 alii
891 2571 1095 2632 communiter.

193 2661 261 2720 15¹1.
276 2693 315 2702 —-
329 2659 429 2733 Quae.
444 2663 477 2722 6⁰
490 2659 542 2720 An
552 2660 652 2741 possit
664 2659 834 2740 Relipiosns
854 2661 919 2720 sine
938 2659 1061 2720 lieentia
1076 2659 1208 2734 donare,
1225 2681 1291 2742 qun
1301 2665 1426 2742 parcius

154 2747 280 2807 vivendo
295 2747 353 2807 sibi
366 2747 521 2808 subtrahit
538 2767 576 2810 ee
591 2747 677 2808 redas
690 2747 733 2808 ad
744 2767 830 2807 asara
844 2749 1009 2808 muressis?

192 2836 280 2917 Resp.
296 2835 374 2917 Nep.
391 2839 560 2916 penetotius
581 2835 735 2918 loquendo.
756 2835 846 2900 Ratio
869 2842 952 2917 patet
971 2855 1007 2898 ex
1028 2837 1180 2918 responsis
1201 2838 1239 2900 ad
1260 2837 1425 2917 quaesitum

153 2925 334 3007 precedens.
346 2959 387 2970 —
398 2925 580 3006 Excipiunt,
593 2925 620 2986 si
634 2930 714 2987 certa
727 2924 885 3004 quantitas
900 2925 944 2986 ita
958 2925 1107 3005 Religioso
1120 2924 1303 3005 assignetur,
1320 2931 1357 2988 ut
1371 2945 1425 2988 nec

151 3013 371 3078 Monastmium
387 3020 528 3075 tenmtur
541 3013 701 3094 quidpiam
719 3013 803 3075 aliud
822 3012 850 3074 ei
869 3019 1028 3094 prestere,
1042 3033 1097 3076 nec
1112 3013 1177 3094 ipse
1194 3013 1343 3076 rationem
1357 3015 1424 3078 red-

149 3103 229 3165 dere.
241 3138 280 3146 -
293 3100 373 3164 Dicit
386 3101 422 3163 S.
434 3101 517 3183 lq,
534 3123 565 3163 n.
582 3106 636 3174 23,
655 3101 793 3182 permitti
808 3101 1013 3164 communiter
1029 3102 1067 3164 ab
1084 3097 1275 3176 auctoribus,
1293 3109 1330 3165 ιιι
1346 3103 1425 3168 ltali-

150 3191 253 3271 giosus
264 3191 363 3271 possit
373 3190 512 3270 elargiri,
525 3191 574 3252 oui
587 3190 732 3263 voluerit,
746 3207 820 3252 suas
830 3192 1009 3271 pietantios,
1025 3209 1094 3272 quae
1107 3192 1235 3252 licuitne
1249 3191 1277 3253 ei
1288 3191 1424 3271 preben-

149 3285 213 3354 tur,
225 3286 262 3341 ut
271 3297 343 3352 ova,
356 3297 477 3354 earnes,
489 3286 559 3352 ete,
572 3278 634 3340 nisi
645 3278 788 3360 Superior
796 3278 829 3341 id
838 3297 977 3360 expresse
987 3280 1129 3342 vetuerit.
1142 3315 1182 3324 —
1193 3280 1228 3341 S.
1242 3279 1420 3358 Antoninus,

149 3403 188 3414 -
205 3369 344 3450 Sylvius,
360 3375 416 3430 etc.

188 3461 290 3533 Quina.
305 3462 336 3518 '1⁰
353 3457 402 3517 An
414 3466 514 3538 peccet
534 3467 641 3518 eontra
655 3466 756 3519 notum
770 3457 963 3539 paupertatis
978 3456 1163 3538 Belipioeas,
1181 3461 1235 3538 qai
1255 3457 1365 3540 occipit
1383 3459 1422 3519 ab

147 3556 288 3608 cananea
301 3547 460 3627 poeniteam
481 3547 513 3606 in
524 3550 580 3626 pio
594 3565 687 3628 opera
701 3546 744 3608 ad
756 3546 879 3607 libitam
897 3545 1155 3628 impendendam?

190 3633 276 3717 Resp.
296 3635 422 3716 dsfim.
444 3635 471 3696 si
489 3653 556 3696 eam
574 3634 633 3696 sibi
655 3633 792 3698 absolute
811 3634 913 3696 deam
936 3633 1078 3714 accipiat,
1098 3641 1135 3696 ut
1153 3635 1274 3715 proprio
1296 3633 1422 3697 nomine

148 3722 322 3801 elargiatur.
332 3724 512 3804 Ratiopatet
521 3743 559 3785 ex
567 3721 657 3784 dictis
668 3741 675 3783 τ
687 3723 818 3794 etenim,
832 3722 875 3784 sic
887 3723 1014 3801 agendo,
1024 3722 1193 3802 Religiosus
1204 3723 1313 3787 faceret
1322 3733 1421 3786 cctam

142 3811 363 3892 proprietatis,
379 3811 440 3875 nisi
455 3811 612 3874 licentiam
626 3810 675 3872 sui
690 3810 859 3890 Superioris
873 3809 1008 3873 haberet.
1022 3845 1063 3857 -
1079 3811 1169 3874 &cus
1184 3818 1289 3875 autem
1303 3811 1330 3874 si
1345 3811 1421 3876 aoei-

146 3905 245 3979 peret‚
266 3899 365 3962 alieno
383 3900 523 3975 nornine,
540 3899 635 3961 otiam
656 3898 769 3978 quidm
788 3905 820 3960 et
832 3906 987 3980 quantum
1006 3899 1174 3980 unicuique
1192 3901 1296 3976 vellet,
1315 3901 1420 3964 distri-

146 3987 317 4061 buendam,
335 3995 389 4050 aut
406 3989 534 4070 siopera
547 3986 597 4068 pia
611 3986 920 4049 deternainarentura
935 3987 1102 4064 denotata·
1115 3987 1188 4068 quia
1201 3991 1275 4052 tunc
1290 3988 1420 4069 Religio·

146 4093 199 4138 sus
212 4093 274 4138 non
289 4083 368 4138 esset
381 4076 442 4138 nisi
456 4079 575 4140 canalis
582 4123 590 4154 ,
603 4093 638 4138 ao
652 4075 737 4137 velut
748 4074 958 4136 mandatarius
972 4076 1139 4139 donatoris.
1152 4077 1229 4139 Hinc
1243 4096 1305 4140 non
1317 4083 1420 4159 pacem

146 4170 250 4227 eontra
272 4169 378 4226 vonum
399 4165 586 4246 paupertatis
610 4163 795 4242 Religiosus,
819 4165 874 4243 qui
897 4165 935 4226 ab
957 4172 1100 4228 extraneo
1124 4163 1233 4245 accipit
1255 4167 1418 4246 pecliniam

145 4253 329 4333 erogandam
345 4251 398 4315 tali
411 4255 551 4334 pauperi,
566 4253 620 4315 tali
635 4253 832 4328 Monasterio,
847 4253 1001 4327 Enniana
1016 4253 1069 4314 tali
1083 4270 1182 4316 musae
1196 4253 1270 4334 pia,
1284 4261 1341 4318 eto.
1353 4257 1417 4318 lmo

144 4359 200 4404 neo
217 4349 333 4422 penem,
350 4341 376 4404 si
395 4341 460 4421 ipse
478 4343 544 4404 sine
557 4341 681 4404 licentia
699 4340 869 4421 Superioris
885 4341 924 4404 ab
943 4349 1085 4406 extraneo
1103 4342 1238 4421 postulat
1255 4343 1417 4423 peeunim

143 4431 232 4494 ultori
250 4429 452 4494 determinato
473 4431 662 4493 tradendam.
684 4431 831 4492 Attamen
850 4429 877 4492 si
896 4437 1004 4510 agatur
1022 4431 1109 4492 dere
1127 4431 1232 4510 magni
1247 4431 1414 4507 momenti,

144 4521 252 4582 suadet
271 4517 447 4600 prudentia,
465 4526 495 4581 ot
514 4517 644 4597 requirit
658 4522 759 4580 rectus
775 4519 847 4581 ordo
861 4518 1010 4599 religiosa
1026 4517 1208 4597 disciplina,
1222 4525 1259 4583 ut
1273 4519 1416 4582 subditus
