3206 5042
648 223 691 268 nu
712 223 885 268 cursurus
1337 211 1403 272 tlt

125 334 194 398 sive
213 333 439 398 constructione
457 333 521 396 sive
539 338 700 406 contextu,
721 351 739 394 a
758 333 958 414 sequentibus
978 339 1169 413 separantur,
1189 340 1225 397 nt
1244 335 1406 400 nranifeste

126 422 304 504 significent
318 421 468 484 actionem
486 422 665 502 completam
681 439 735 502 per
750 439 781 484 se
800 421 1109 485 excommunicationi
1132 422 1310 502 subjectam.
1328 425 1407 487 Hinc

126 511 275 575 Sacerdos
294 511 348 591 qui
367 510 405 572 ab
424 509 587 574 interdicto
606 517 712 573 contre
726 529 758 572 se
776 511 853 584 lato,
870 512 917 573 vel
936 531 954 573 a
973 510 1127 573 sententia
1148 511 1287 591 Episcopi
1301 529 1408 574 eume

126 599 277 662 beneficio
298 598 468 662 amoventis
487 599 649 680 appellaret
668 599 839 679 adjudices
861 601 1034 673 saeculares,
1058 598 1405 664 excommunicationem

126 687 317 762 incurreret;
338 686 459 749 etiamsi
481 689 562 768 apud
581 686 661 768 ipsos
680 705 803 750 causam
824 706 888 750 non
907 689 1074 762 obtineret,
1091 687 1155 749 imo
1174 688 1296 750 etiamsi
1310 688 1348 750 ab
1363 690 1408 751 eis

126 775 398 839 condemnaretur.

169 866 276 939 Qun.
289 869 323 928 l⁰
340 865 469 940 Ouincm
484 865 628 926 dicantur
641 865 787 926 mandata
800 866 865 944 fori
878 865 1035 926 secularis
1051 863 1159 926 cdere?

170 952 264 1036 Resp.
282 953 452 1016 :Mandata
467 959 555 1026 sunt,
574 953 734 1014 sententiae
744 953 920 1032 judicialeS,
934 953 1029 1031 leges,
1046 954 1165 1014 decreta
1175 952 1406 1028 ministerialia,

127 1045 184 1103 aut
204 1041 302 1104 etiam
321 1041 561 1120 magistratuum
579 1039 775 1115 inferiorum,
796 1040 850 1121 qui
869 1039 1012 1120 politiam
1031 1039 1168 1102 civitatis
1187 1050 1313 1119 gerunt,
1332 1061 1410 1123 pro-

128 1129 259 1209 scripta;
274 1129 402 1209 ideoque
411 1129 463 1192 illa
472 1129 594 1191 edentes
605 1129 751 1191 dicuntur
761 1127 886 1209 ipsimet
892 1128 1010 1209 judices
1020 1176 1027 1203 ,
1038 1125 1239 1206 legislatores,
1253 1129 1407 1204 ministri,

126 1223 160 1280 et
176 1216 392 1298 magistratus,

741 1347 799 1404 Vll

168 1475 310 1544 cogentes
330 1474 391 1530 siue
409 1475 529 1543 directe,
552 1474 613 1530 sire
629 1473 767 1530 indirecte
783 1472 896 1545 iudices
917 1471 1006 1528 laicos
1027 1472 1062 1527 ad
1082 1472 1252 1529 trahendum
1271 1471 1306 1528 ad
1327 1488 1411 1528 suum

131 1552 265 1609 tribunal
281 1569 417 1626 personas
434 1553 646 1611 ecclesiasticas
664 1555 766 1628 praeter
785 1553 937 1609 canonicas
957 1551 1162 1624 dispositiones
1183 1572 1189 1608 ι
1212 1551 1279 1608 item
1295 1551 1412 1608 edentes

131 1632 214 1703 leges
227 1632 274 1690 vel
290 1633 403 1692 decreta
417 1638 515 1691 contra
528 1634 691 1690 libertatem
702 1635 753 1690 aut
763 1635 830 1705 jura
840 1631 986 1689 Ecclesiae.

731 1728 795 1800 (Ex
807 1727 898 1783 Rullo
913 1727 1018 1784 Cccnae.
1034 1755 1070 1768 -
1084 1725 1117 1781 15
1132 1726 1287 1798 Ercomnrl

175 1877 249 1936 98¹1.
266 1907 305 1916 -
319 1876 421 1947 Quen.
439 1879 470 1937 1⁰
485 1872 569 1948 Quid
583 1871 757 1953 sipirificarct
773 1871 863 1932 certa
881 1874 1017 1950 cogentes
1034 1868 1097 1932 sive
1111 1869 1223 1931 directo
1241 1869 1305 1930 sive
1325 1865 1411 1927 indi-

133 1965 239 2024 recte?

177 2051 270 2132 Hesp.
282 2069 295 2111 .·
310 2051 409 2113 Facile
427 2050 610 2129 intelligitur
623 2067 661 2110 ex
676 2048 766 2110 dictis
781 2047 815 2108 in
830 2047 1029 2127 explicatione
1048 2043 1244 2125 precedentis
1263 2061 1409 2108 censurae.

134 2136 197 2215 Qui
209 2138 294 2200 enim
308 2137 339 2202 vi
350 2146 406 2202 aut
417 2145 503 2202 metu
516 2138 653 2212 incusso,
669 2137 733 2200 sive
744 2135 884 2216 ipsismet
892 2134 1049 2216 judicibus
1064 2133 1129 2194 sive
1144 2132 1211 2195 aliis
1226 2131 1413 2212 quibuscum

130 2227 254 2309 judices
266 2227 402 2308 aliquam
415 2228 532 2290 habent
540 2230 605 2307 conj
611 2225 802 2300 unctionem,
816 2243 865 2286 eos
880 2224 1010 2302 adigunt
1018 2223 1056 2284 ad
1071 2221 1255 2284 trahendum
1268 2221 1306 2282 ad
1319 2235 1413 2281 suum

135 2315 279 2378 tribunal
296 2335 440 2395 personas
459 2315 686 2389 ecclesiasticas,
708 2313 828 2376 dicendi
847 2319 921 2374 sunt
940 2330 990 2374 eos
1008 2329 1112 2391 cogere
1131 2309 1195 2374 sire
1214 2309 1328 2372 directe
1349 2307 1413 2369 sive

135 2402 297 2467 indirecte.

176 2497 280 2570 Qumn.
297 2497 330 2556 2⁰
345 2494 395 2556 An
410 2494 572 2556 incurrerat
584 2491 922 2554 ccccommunicationcm
938 2491 1150 2570 magistratus,
1168 2489 1221 2568 qui
1239 2490 1273 2546 in
1289 2485 1361 2547 locis
1381 2486 1413 2546 in

137 2583 245 2664 quibus
261 2603 319 2664 per
337 2583 414 2665 leges
436 2583 537 2645 ciuiles
562 2581 676 2642 abolita
695 2589 739 2641 est
759 2580 931 2641 irnmunitcs
950 2575 1123 2660 personalis
1146 2575 1338 2652 clericorum,
1364 2593 1413 2635 cos

137 2673 250 2749 citant,
268 2671 316 2733 cel
327 2672 481 2751 deserunt,
498 2681 550 2734 aut
567 2689 742 2753 comparere
757 2677 870 2750 coquat
883 2667 924 2728 cd
938 2665 1078 2728 tribuual
1093 2664 1223 2726 laicum?

182 2759 275 2837 Hesp.
287 2759 363 2836 Nep.
380 2763 446 2820 Non
467 2759 550 2818 enim
568 2759 686 2836 judices
711 2755 866 2816 trabentes
880 2754 918 2814 ad
934 2753 1079 2824 tribunal,
1095 2752 1147 2811 scd
1161 2753 1297 2828 cogentes
1312 2769 1362 2812 eos
1377 2751 1416 2812 ad

141 2844 327 2905 trahendum
354 2845 513 2922 subJ'acent
541 2840 860 2903 excommunicationi.
889 2839 1094 2900 confirmatur
1124 2837 1328 2898 Instructione
1349 2841 1416 2918 jam

139 2931 233 2994 citata
254 2935 284 2994 S.
301 2935 338 2994 U.
357 2928 569 3010 Inquisitionis
594 2935 608 2993 l
638 2927 710 2990 Feb.
729 2931 822 3000 1871,
846 2945 914 3007 quae
938 2926 1016 2988 circa
1037 2929 1218 3007 praesentem
1241 2924 1417 2986 Articulmn

139 3021 205 3083 haec
218 3019 328 3082 habet:
344 3019 383 3080 In
396 3039 431 3081 cc
445 3017 581 3100 formula
593 3015 746 3079 attendere
758 3015 844 3076 debes
859 3015 980 3076 verbum
995 3020 1144 3096 cogentes,
1160 3013 1239 3096 qaod
1251 3033 1323 3074 sane
1340 3013 1418 3074 indi-

140 3119 204 3185 cat,
223 3109 558 3171 escommueicationcm
578 3127 626 3169 eos
644 3125 705 3165 noa
726 3104 895 3184 attingere,
910 3105 965 3185 qui
984 3104 1176 3165 subordinari
1199 3107 1277 3177 siat,
1300 3105 1419 3164 etiamsi

136 3197 259 3280 judices
276 3200 410 3278 fuerint,
425 3197 477 3259 scd
490 3201 521 3256 in
538 3216 586 3257 cos
598 3203 717 3256 teritum
729 3212 791 3256 esse
808 3193 914 3265 lotum,
929 3193 983 3274 qui
1003 3212 1022 3254 o
1038 3193 1153 3252 nemc'rce
1167 3195 1264 3252 coccii
1282 3191 1329 3252 ccl
1344 3190 1419 3250 tolia
1473 3259 1478 3266 ¹

142 3299 251 3368 ayunt,
268 3288 316 3350 vet
329 3287 407 3349 aiios
419 3287 460 3349 ad
473 3285 619 3367 operarium
641 3292 768 3363 cogunt,
784 3303 858 3364 quos
879 3283 970 3343 otc'om
988 3279 1210 3361 indulgentium
1230 3279 1346 3340 trullam
1361 3297 1418 3340 me-

143 3379 211 3437 reri
220 3377 312 3458 focile
325 3379 503 3458 perspicies.

185 3467 271 3540 Quod
285 3470 389 3528 autem
404 3465 441 3526 de
452 3462 554 3545 judice
572 3461 713 3524 interiore
733 3460 858 3534 dicitur,
879 3458 963 3521 idem
981 3459 1018 3520 de
1038 3457 1078 3519 iis
1101 3455 1335 3536 intelligendum
1355 3460 1417 3529 ost,

145 3553 210 3631 qui,
221 3553 344 3633 jurium
357 3571 485 3616 suorum
498 3554 683 3616 tuendorum
701 3567 802 3619 causa,
819 3566 979 3630 personam
994 3544 1226 3608 ecclesiasticam
1245 3561 1346 3605 coram
1362 3547 1416 3624 ju-

144 3639 209 3702 dice
223 3640 298 3704 laico
314 3642 516 3718 conveniunt,
530 3641 585 3704 ubi
607 3639 700 3703 solius
719 3637 777 3701 lori
798 3635 950 3700 secularis
965 3634 1119 3698 sententia
1134 3633 1290 3714 publicam
1303 3631 1421 3695 obtinet

147 3727 326 3794 firmitatem
340 3737 370 3794 et
384 3731 556 3795 efficaciam.
574 3731 660 3794 Tales
676 3727 776 3804 enno,
794 3726 821 3789 si
835 3732 973 3805 cogentes
986 3724 1065 3798 sint,
1081 3721 1176 3786 coacti
1191 3721 1286 3785 etiam
1300 3718 1421 3783 dicendi

147 3822 229 3880 sunt.

746 3921 821 4004 v11'1

181 4079 369 4134 Recurrentes
389 4079 424 4134 ad
440 4077 542 4134 laicam
559 4078 730 4152 potestatem
747 4075 782 4132 ad
801 4073 997 4148 impediendas
1014 4073 1127 4128 litteras
1143 4067 1189 4126 vel
1207 4069 1270 4126 acte
1283 4065 1422 4141 quelibet

146 4173 164 4214 a
182 4158 255 4214 Sede
278 4157 455 4230 Apostolioo,
474 4159 519 4215 rel
539 4159 575 4214 ab
592 4157 722 4230 ejusdem
738 4157 851 4227 legatis
872 4155 923 4210 aut
946 4151 1090 4223 Delegatis
1110 4151 1339 4223 quibuscumque
1359 4161 1422 4220 pro-

146 4237 233 4306 tecta,
248 4253 404 4309 eorumque
420 4236 676 4310 promulgationem
692 4235 737 4292 vel
753 4234 965 4292 exsecutionem
978 4233 1086 4288 directo
1100 4229 1144 4288 rel
1164 4229 1303 4286 indirecte
1323 4227 1422 4299 prohi-

145 4317 256 4409 bentes,
272 4317 322 4374 aut
335 4333 433 4373 eorum
451 4334 538 4374 causa
558 4317 619 4374 sire
638 4317 717 4391 ipses
737 4317 847 4391 partes,
871 4315 932 4372 sire
951 4312 1038 4381 alios,
1060 4309 1197 4368 ledentes
1218 4307 1262 4364 rel
1284 4309 1423 4380 perterre·

146 4397 294 4454 ‘ammes‘
734 4476 798 4552 (lico
815 4473 904 4533 Berlin
921 4473 1024 4531 Coercae.
1041 4505 1076 4516 -
1096 4471 1129 4528 13
1144 4467 1298 4543 Excomm.)
