3198 5036
619 256 662 301 11
682 255 927 301 nucunursrm
1343 227 1411 305 161

137 368 333 432 Sacerdotem
349 367 427 442 Soc,
443 372 480 429 ut
492 384 547 447 pro
561 383 595 430 eo
610 368 749 448 suppleat
763 367 799 429 in
816 365 909 430 lllissa
925 366 1066 447 legenda,
1082 367 1184 430 Titius
1197 367 1279 432 licito
1293 373 1413 452 supple-

139 457 204 534 bit,
220 457 311 519 modo
328 455 407 519 nihil
426 457 463 518 de
481 455 630 536 stipendio
653 455 805 536 disponat.
822 491 862 500 -
874 455 1024 530 anca‘c,
1041 455 1062 518 t.
1079 457 1130 532 lV,
1145 477 1175 519 n.
1193 460 1262 522 139.
1279 495 1319 504 -
1340 459 1412 524 Vas-

138 565 272 629 qma-
282 543 428 607 Sclua-
437 543 636 626 Castropaluo
650 549 755 607 contra
768 543 912 606 Sauciet.
925 545 1060 609 -Ratio
1076 550 1123 607 est
1137 543 1210 627 quia
1224 546 1414 627 stipendium

141 635 253 699 alitio
269 651 308 698 na
321 632 496 696 virtualiter
507 633 633 714 quidem
646 629 804 713 recipitur,
820 651 892 696 cum
908 631 988 696 nibil
1000 632 1142 714 disponat
1156 633 1233 698 circa
1251 635 1338 712 illud,
1352 645 1413 702 est

143 743 202 806 que
213 723 340 786 omnino
352 721 531 785 indifferens
542 721 603 796 illi,
618 722 673 802 qui
688 721 877 804 stipendium
892 723 1038 802 erogavit,
1053 721 1219 802 equolibet
1230 724 1322 788 Missa
1335 726 1414 806 lega-

138 819 204 875 tur.
220 849 261 858 -
283 811 515 894 confirmatur:
529 810 562 873 Si
584 809 703 885 Titius,
727 809 830 873 iturus
854 810 984 873 Parisios
1007 811 1042 872 in
1063 810 1198 875 favorem
1222 815 1410 896 Sempronii,

78 977 82 982 Ι
143 901 239 982 gratis
252 900 345 963 ferret
355 900 485 976 litteras,
495 900 533 962 ad
543 917 620 979 quas
631 899 769 961 ferendas
783 899 980 981 Sempmnius
992 904 1071 962 esset
1084 901 1220 964 mercede
1232 903 1410 980 conductae,

141 989 364 1072 utiqueflitius
376 1007 439 1051 uon
453 993 555 1068 agaret
569 994 675 1050 contra
688 994 909 1068 paupertatem,
922 1007 977 1050 uec
989 994 1163 1051 censeretur
1172 990 1231 1052 sibi
1246 993 1410 1072 acquirere,

140 1083 172 1140 et
184 1077 372 1158 Sempronio,
389 1079 500 1140 donare
514 1077 693 1139 mercedem.
710 1079 789 1156 Ergo
804 1076 947 1138 similiter
959 1077 994 1140 in
1006 1083 1110 1140 nostro
1122 1095 1204 1141 casu.
1214 1115 1253 1124 -
1265 1079 1411 1158 lacroic,

140 1167 217 1229 idid.

181 1256 268 1319 Dices
277 1277 289 1319 .·
298 1255 494 1336 Sempronius
504 1272 566 1317 uon
580 1254 672 1318 babet
680 1258 733 1336 jus
744 1253 792 1316 rel
807 1255 937 1317 titulum
949 1253 1101 1318 retinendi
1111 1255 1163 1318 illa
1175 1257 1337 1337 stipendia,
1350 1259 1412 1322 uisi

140 1345 350 1408 mediantibus
364 1342 464 1410 Missis
476 1343 555 1419 'liti3
571 1361 641 1424 ergo
655 1343 772 1418 Titius,
788 1342 890 1423 legens
903 1344 1025 1418 blissas,
1042 1343 1157 1407 confert
1172 1344 1217 1407 illi
1227 1349 1322 1427 juset
1336 1346 1413 1410 titu-

139 1434 207 1496 lum
220 1433 374 1496 retinendi
388 1431 555 1514 stipendia,
572 1451 607 1495 ac
620 1431 746 1513 proinde
765 1430 847 1494 idem
866 1436 913 1495 est
930 1451 964 1496 ac
983 1431 1010 1494 si
1031 1432 1183 1512 stipendia
1201 1439 1366 1516 acceptaret
1383 1443 1414 1500 et

138 1522 227 1585 daret
240 1520 427 1602 Sempronio.
1384 1537 1386 1544 ¹

149 1679 155 1693 ,
180 1611 271 1692 Reap.
285 1609 364 1692 Nep.
381 1619 460 1685 ant.,·
477 1627 550 1672 nam
565 1609 764 1690 Sempronius
772 1613 825 1691 Jus
839 1615 870 1671 et
882 1609 1012 1671 titulum
1024 1609 1177 1672 retinendi
1191 1611 1284 1675 babet
1297 1614 1329 1675 ri
1343 1633 1413 1676 con-

137 1703 257 1761 tractus
268 1697 478 1760 innominati:
495 1698 533 1758 do
545 1707 580 1758 ut
593 1697 701 1779 famas,
719 1715 779 1778 quo
794 1697 946 1776 obligatur
960 1697 999 1758 ad
1010 1695 1117 1759 Missas
1131 1699 1271 1778 legendas
1286 1701 1349 1764 sivo
1360 1720 1415 1781 per

138 1805 184 1860 se,
202 1786 266 1848 sive
280 1804 333 1865 per
347 1785 458 1860 alium;
473 1786 530 1847 boc
544 1790 648 1848 autem
662 1803 752 1848 onere
763 1786 883 1847 levatur
897 1803 915 1845 a
928 1785 1021 1858 Titio,
1038 1785 1092 1864 qui
1104 1791 1228 1848 tantum
1242 1788 1329 1866 ponit
1341 1789 1413 1851 Mis

140 1891 192 1936 sas
200 1874 285 1936 velut
299 1872 514 1946 conditionem,
525 1873 590 1934 sine
605 1891 666 1954 qua
677 1891 740 1934 non
751 1879 852 1953 posset
861 1871 1058 1952 Sempronius
1071 1871 1133 1934 frui
1146 1873 1197 1934 illo
1202 1877 1272 1954 jure
1281 1881 1312 1937 et
1322 1875 1413 1940 titulo

137 1960 296 2025 retinendi
311 1960 473 2042 stipendia.
490 1996 530 2006 —
543 1960 692 2040 Lacroic,
709 1961 783 2022 ibid.

179 2049 271 2112 Dices
290 2049 406 2113 iterum
421 2067 428 2110 :
444 2049 557 2112 Saltem
571 2048 672 2112 obstat
691 2053 850 2113 bacinum
863 2051 930 2112 Vlll
953 2047 1046 2130 Conp.
1064 2049 1144 2127 XII,
1158 2051 1321 2130 prohibens
1338 2053 1412 2133 ipsi-

136 2142 203 2202 met
215 2137 369 2212 Generali,
387 2155 425 2200 ue
438 2138 561 2214 Missas,
578 2155 646 2220 quae
663 2139 701 2202 ad
715 2143 781 2222 ejus
794 2137 998 2201 intentionem
1012 2123 1203 2202 celelfrantur
1217 2159 1235 2202 a
1247 2141 1412 2205 510111011-

140 2225 200 2291 bus
213 2225 387 2300 SocietatiS,
405 2226 533 2307 applicet
551 2227 720 2290 secundum
738 2226 945 2290 intentionem
963 2230 1183 2309 cujuscumque
1199 2227 1339 2305 alterius,
1357 2231 1412 2312 qui

139 2314 213 2380 inde
227 2315 349 2377 lucrum
363 2321 516 2395 reportare
529 2315 636 2397 possit.

181 2405 269 2486 Hesp.
285 2403 362 2485 Nep.
379 2402 529 2480 anteced.;
543 2421 617 2466 narn
637 2404 672 2467 in
695 2403 835 2486 positivis
858 2421 920 2467 non
939 2405 1019 2468 valet
1040 2405 1138 2467 illatio
1161 2424 1179 2468 a
1199 2407 1308 2488 majori
1327 2408 1374 2471 vel
1394 2427 1413 2472 a

136 2493 221 2576 pari;
236 2493 351 2555 adsunt
374 2497 479 2555 aulem
500 2492 649 2569 rationes,
672 2512 726 2556 cur
746 2493 811 2555 haec
831 2494 1050 2574 prohibeantur
1063 2493 1216 2569 Generali,
1233 2513 1296 2557 non
1309 2501 1412 2560 autem

136 2581 222 2656 aliis,
241 2601 272 2644 v.
288 2599 347 2662 gn,
364 2581 560 2644 necessitates
579 2582 751 2659 Societatis,
766 2587 822 2644 ato.
839 2600 929 2663 :ergo
947 2581 1025 2645 illud
1044 2585 1204 2646 Decretum
1223 2585 1323 2666 quoad
1337 2586 1412 2650 alios

137 2668 217 2732 nihil
230 2669 311 2732 facit.
324 2705 365 2715 -
378 2670 526 2746 Lacror'tc,
544 2669 620 2732 idid.

179 2759 280 2834 ans.
304 2759 449 2835 Quoeuum
468 2761 502 2819 in
527 2759 597 2821 Soc.
618 2763 658 2821 ait
680 2759 828 2841 obligatio
852 2759 952 2842 quoad
970 2759 1076 2822 Missus
1095 2771 1149 2822 aut
1165 2781 1271 2845 preces
1288 2763 1413 2844 injungi

137 2847 310 2910 consuetas?

177 2937 267 3019 Resp.
285 2943 317 2999 1⁰
334 2955 342 2998 τ
358 2936 502 3016 Religiosi
522 2939 600 3012 Soc,
618 2935 673 3018 qui
690 2955 790 3016 preces
806 2943 837 3000 et
850 2937 958 3000 Missas
974 2935 1129 3018 injunctas
1143 2957 1205 3000 non
1216 2939 1409 3019 persolvunt,

133 3043 193 3108 per
206 3045 235 3088 se
253 3025 402 3107 loquendo
420 3043 482 3086 non
502 3029 638 3106 peccant,
656 3023 729 3106 quia
750 3025 873 3088 nullum
896 3025 1001 3089 stricte
1017 3025 1192 3106 imponitur
1208 3032 1408 3108 praeceptum

135 3132 237 3196 neque
249 3115 308 3176 alia
322 3117 367 3176 est
382 3112 537 3193 obligatio,
550 3113 612 3175 nisi
625 3131 663 3175 ex
676 3114 802 3194 Regula,
814 3133 882 3195 qun
889 3134 946 3196 per
957 3135 988 3176 se
1002 3115 1060 3178 sub
1074 3121 1193 3195 peccato
1207 3133 1270 3178 non
1283 3113 1408 3196 obligat.

134 3237 177 3249 -
199 3203 330 3282 Suam,
347 3211 376 3264 et
399 3201 455 3262 alii
475 3205 681 3263 communiter.
702 3205 905 3265 —Attamen
925 3203 1092 3284 peecabrmt
1109 3205 1300 3285 SuperioreS,
1323 3202 1350 3264 si
1373 3222 1411 3266 ex

135 3291 323 3374 negligentia
334 3309 397 3353 non
409 3294 527 3364 curent,
538 3296 574 3352 ut
583 3288 783 3369 designentur
794 3291 848 3370 qui
861 3291 969 3354 Missas
983 3291 1144 3368 celebrent,
1159 3291 1205 3354 vel
1221 3297 1318 3366 orent,
1335 3311 1409 3372 prae-

134 3379 244 3443 sertim
276 3399 329 3460 pro
357 3377 599 3442 benefactoribus
627 3385 657 3441 et
681 3375 907 3441 fundatoribus.
938 3380 986 3442 Sic
1013 3397 1195 3461 responsum
1225 3387 1271 3444 est
1306 3383 1410 3446 Rumor

134 3487 217 3532 armo
239 3473 329 3533 root.
350 3473 418 3532 Non
439 3466 631 3530 satisfaciunt
653 3485 723 3530 varo
744 3467 880 3547 Regulae,
902 3468 957 3550 qui
978 3468 1084 3532 Missas
1101 3469 1242 3549 legendas
1264 3487 1316 3548 per
1335 3469 1410 3531 alios

136 3557 259 3638 legunt,
276 3555 350 3638 quia
363 3563 409 3619 ast
423 3575 502 3619 onus
516 3555 682 3638 personale.
698 3591 738 3602 -
752 3556 802 3620 Sic
815 3573 995 3637 responsum
1010 3558 1101 3620 Pron.
1118 3558 1218 3620 Rheni
1231 3576 1304 3622 ann.
1317 3561 1407 3621 1631.

134 3679 177 3694 -
189 3649 337 3710 Attamen
351 3645 499 3708 satisfacit
515 3664 624 3725 rogans
641 3644 755 3720 alium,
773 3652 809 3707 ut
823 3645 888 3708 vice
903 3663 958 3708 sua
974 3645 1063 3709 hodie
1077 3647 1125 3710 vel
1146 3647 1203 3709 bac
1220 3646 1411 3710 hebdomada

135 3735 279 3810 celebret,
294 3734 352 3798 alio
366 3736 431 3816 ipse
446 3734 495 3798 die
510 3735 559 3798 vel
571 3734 631 3798 alia
645 3733 836 3798 hebdomada
850 3739 1112 3816 compensaturus.
1127 3737 1205 3798 Item
1219 3733 1411 3798 satisfaciunt

136 3825 202 3905 qui,
218 3825 421 3906 prevideutes
434 3823 645 3887 difficultatem
657 3842 711 3904 pro
724 3824 915 3887 bebdomada
926 3823 1083 3906 sequenti,
1097 3826 1186 3888 Sacra
1199 3824 1234 3886 in
1245 3824 1410 3886 hebdoma-

133 3913 188 3989 da,
202 3931 272 3995 quae
286 3911 440 3995 precedit,
457 3911 639 3994 anticipant.
653 3947 694 3958 -
707 3913 856 3992 Laeroic,
876 3913 896 3974 l.
914 3915 970 3990 Vl,
981 3924 1069 3996 part.
1083 3915 1125 3989 ll,
1142 3933 1172 3974 n.
1188 3916 1256 3976 l68.

173 4003 263 4085 Reap.
279 4007 335 4065 2⁰:
352 4001 451 4066 Missae
475 4019 528 4082 pro
547 4001 697 4064 defunctis
718 4001 783 4064 Soc.
797 4001 947 4083 injunctae
962 4021 1025 4065 nou
1041 4001 1179 4082 obligant
1197 4001 1254 4064 sub
1269 4002 1408 4079 mortali,

127 4091 201 4154 sive
214 4091 461 4154 determinentur
474 4107 528 4171 per
539 4090 692 4170 generales
709 4090 831 4153 Ordinis
846 4091 1100 4166 Constitutiones,
1117 4090 1181 4154 sive
1193 4108 1231 4153 ex
1247 4091 1410 4172 particula·
1459 4146 1462 4158 .

131 4178 220 4242 ribus
233 4179 372 4261 Regulis‚
388 4179 453 4244 siva
474 4197 512 4241 ex
532 4177 732 4260 Superiorum
753 4179 938 4260 praescripto.
952 4179 1041 4244 Ratio
1056 4185 1117 4253 est,
1136 4179 1208 4261 quia
1222 4179 1282 4244 ista
1296 4181 1412 4243 habeut

132 4271 259 4330 tantum
270 4268 422 4332 rationem
437 4266 585 4348 simplicis
599 4267 753 4343 mandati,
767 4267 829 4330 nisi
842 4273 1027 4349 praeceptum
1039 4267 1217 4332 obedientia
1231 4269 1362 4332 accedat.
1372 4305 1412 4314 -

131 4356 186 4418 Six
200 4375 237 4419 ex
245 4357 361 4439 judicio
372 4356 526 4432 omnium,
540 4363 578 4419 ut
592 4359 721 4419 testatur
736 4356 855 4437 Pallia,
874 4367 945 4418 tom.
962 4359 985 4432 I,
1004 4367 1092 4419 tract.
1110 4359 1148 4434 V,
1163 4377 1187 4421 c.
1205 4377 1247 4434 rx,
1263 4379 1294 4420 n.
1312 4362 1411 4422 12.-

129 4443 279 4522 Lneroa'ar,
292 4446 381 4522 ibid,
400 4466 431 4506 n.
445 4449 515 4508 169.

174 4534 268 4617 Resp.
285 4539 317 4598 3⁰
335 4534 456 4599 :Missae
474 4532 571 4597 affixae
588 4533 733 4614 tempori,
750 4553 779 4596 v.
797 4551 857 4614 gn,
872 4553 940 4616 quae
952 4535 1010 4616 legi
1023 4535 1133 4600 debent
1146 4535 1283 4618 qualibet
1296 4533 1408 4597 hebdo-
