3180 5040
197 233 265 296 49ss
743 238 921 285 arruuorx

234 359 324 440 Ifesp.
340 355 464 438 Affinn.
479 353 567 420 Ratio
580 358 641 428 est,
659 359 690 416 1ο
704 351 777 432 quia
792 370 829 413 ex
843 349 933 413 dictis
948 349 982 412 in
997 350 1130 424 Quaesito
1144 356 1333 433 praecedeuti
1346 377 1416 424 non
1437 365 1490 427 ob

195 453 256 510 stat
275 451 434 528 peccatum
459 442 578 506 veniale
603 442 725 522 aliquod
746 458 808 501 non
830 438 1012 512 remissum,
1032 441 1201 520 quominus
1220 462 1314 524 poena
1337 467 1396 528 pro
1417 453 1490 514 aliis

195 536 295 599 debita
319 533 513 608 remittatur;
530 535 564 594 2⁰
587 530 662 612 quia
684 531 832 592 Summus
852 527 1016 603 Pontifex„
1037 531 1226 595 concedendo
1247 535 1489 617 Indulgentiaru

195 623 381 705 plenariam,
398 640 461 684 nen
479 619 681 701 presumitur
700 618 787 680 illam
809 617 885 680 velle
899 617 1082 696 restringere
1097 624 1222 682 tantum
1240 623 1278 684 ad
1292 641 1345 687 eos
1360 629 1484 708 quibus

196 712 399 774 remittuntur
418 709 523 772 omnia
546 707 692 783 venialia;
718 708 771 769 sed
793 705 896 786 potius
921 705 1032 769 merito
1050 715 1197 771 censetur
1219 729 1289 773 eam
1314 717 1485 781 concedere

191 804 283 882 juxta
299 799 495 880 capacitatem
518 796 661 878 subjecti,
678 796 721 858 ita
737 801 773 858 ut
790 793 970 857 remittatur
981 795 1091 858 saltem
1107 815 1199 876 poena
1210 818 1280 879 quea
1295 803 1420 866 remitti
1433 825 1487 886 po

195 896 269 962 test,
287 906 395 968 nempe
414 905 505 968 poena
525 892 717 966 peccatorum
736 887 802 964 jam
820 883 1032 946 remissorum.
1059 886 1150 948 Secus
1166 886 1252 950 enim
1272 891 1484 972 Indulgentiae

194 977 337 1060 plenariae
352 977 533 1056 plerumque
546 974 624 1036 nihil
638 973 829 1055 prodessent,
846 990 917 1034 oum
931 989 1001 1034 raro
1015 972 1117 1036 fideles
1130 974 1276 1039 affectum
1289 997 1418 1042 omnem
1431 985 1481 1045 rel

196 1066 367 1128 minimum
383 1083 454 1143 erga
473 1062 630 1144 quodlibet
647 1062 763 1124 veniale
780 1067 912 1135 exuant,
929 1079 963 1123 ac
982 1061 1185 1125 sufficientem
1201 1065 1335 1129 dolerem
1355 1070 1392 1131 de
1410 1089 1482 1133 onr-

196 1155 289 1217 nibus
309 1153 480 1216 venialibus
501 1151 546 1215 ita
570 1151 759 1232 concipiant,
782 1155 817 1212 ut
838 1149 979 1211 omniurn
1003 1149 1219 1215 remissionem
1236 1165 1479 1238 consequantur,

198 1243 274 1306 Hinc
291 1242 391 1316 fieret,
409 1245 444 1303 ut
462 1241 593 1322 potiores
612 1245 715 1302 essent
733 1238 933 1318 indulgentie
951 1237 1095 1319 partiales
1107 1258 1202 1321 quam
1219 1243 1377 1322 plenariae,
1394 1247 1480 1327 quod

197 1330 301 1393 sensui
313 1329 471 1393 communi
486 1335 647 1410 repugnat.
661 1363 701 1373 -
717 1327 752 1388 S.
769 1328 855 1408 Lip,
872 1326 892 1387 l.
906 1329 961 1402 VI,
978 1348 1009 1388 n.
1028 1331 1097 1391 531.

237 1419 381 1482 Nonnulli
403 1423 508 1480 tamen
533 1419 654 1491 decant,
669 1415 898 1496 indulgentiam
921 1415 1092 1495 plenariam
1114 1435 1177 1479 nen
1195 1421 1313 1482 concedi
1331 1421 1395 1484 nisi
1405 1424 1479 1504 ple

196 1509 285 1569 narie
299 1524 351 1568 sen
365 1506 552 1587 pleurisime,
570 1505 661 1567 sicuti
674 1505 778 1579 aiunt,
794 1503 839 1565 ita
851 1509 887 1566 ut
902 1509 1003 1566 totum
1017 1505 1064 1568 vel
1078 1505 1201 1568 nullum
1212 1507 1345 1570 effectum
1360 1510 1474 1572 sortiri

197 1596 314 1660 debeat.
331 1596 390 1658 Sed
401 1595 466 1658 haec
478 1594 632 1657 sententia
646 1611 707 1656 non
722 1597 846 1674 apparet
860 1593 1035 1673 probabilis.

238 1688 327 1749 1095.
344 1720 382 1728 -
397 1685 498 1759 011111.
514 1689 546 1746 t⁰
563 1683 644 1758 Quid
660 1683 851 1764 entellipotnr
866 1701 926 1764 per
939 1682 1153 1764 Indulpcntiec
1166 1689 1202 1749 to
1219 1684 1263 1746 111
1276 1689 1313 1748 lb
1330 1685 1451 1748 dierum
1460 1735 1471 1766 ‚

197 1793 344 1836 annorum
360 1772 624 1854 quadrupeneram
633 1819 643 1850 ,
660 1777 716 1834 etc.
733 1772 809 1833 etc?

237 1864 329 1944 Resp.
341 1881 353 1922 .·
366 1860 563 1941 Intelligenda
586 1865 646 1934 est,
663 1864 754 1942 juxta
777 1877 973 1922 communem
999 1863 1203 1939 senteutiam,
1223 1863 1359 1926 remissio
1379 1870 1475 1929 tauta

197 1970 309 2033 poenae,
337 1956 454 2032 quanta
480 1949 553 2012 olim
578 1949 804 2024 remittebatur,
831 1951 878 2011 vel
903 1949 1032 2012 remissa
1054 1951 1164 2015 fuisset
1183 1971 1236 2033 per
1259 1952 1476 2034 poenitentiam

198 2040 375 2103 canonicam
392 2040 528 2120 ejusdem
550 2038 706 2118 temporis.
728 2037 795 2112 Sic,
812 2057 843 2100 v.
860 2056 919 2117 gn,
938 2057 991 2118 per
1008 2040 1236 2120 indulgentiam
1253 2049 1367 2122 septem
1382 2060 1477 2106 anno

197 2147 270 2191 rum
290 2135 376 2190 tanta
393 2128 566 2191 remittitur
581 2146 687 2208 poena,
703 2133 820 2208 quanta
834 2126 1052 2190 remittebatur
1064 2147 1117 2210 per
1129 2130 1346 2211 paenitentiam
1360 2135 1475 2211 septem

198 2235 350 2280 annorum
362 2220 454 2300 juxta
468 2218 611 2298 antiquos
625 2220 760 2280 Cauenes
779 2215 901 2298 injungi
917 2215 1050 2278 solitam.
1069 2219 1238 2295 -Quanti
1254 2226 1359 2282 autem
1374 2220 1476 2282 velue

198 2306 263 2370 rint
275 2325 375 2370 coram
391 2310 449 2369 Deo
464 2305 652 2386 poenitentias
669 2304 838 2379 canoniea,
859 2309 889 2367 ct
909 2305 1018 2386 quanti
1033 2325 1116 2369 nune
1134 2308 1254 2369 valeant
1272 2306 1475 2388 Indulgentiae

197 2395 338 2474 partiales
354 2401 400 2457 tet
419 2396 540 2456 dierum
558 2395 604 2456 vel
621 2412 789 2469 annerrun,
805 2412 860 2457 nos
874 2394 1001 2456 omnino
1016 2394 1103 2470 latet;
1120 2395 1193 2475 quia
1205 2396 1387 2474 ignoramus
1402 2413 1479 2476 qua-

198 2482 259 2542 lem
280 2481 508 2559 proportionem
532 2481 751 2544 satisfactiones
772 2487 883 2546 nostroe
901 2481 1034 2545 babeant
1055 2500 1125 2545 erun
1144 2500 1234 2562 poena
1257 2501 1314 2561 pro
1342 2483 1480 2563 peccatis

197 2566 311 2629 nostris
326 2567 439 2630 debita.
451 2604 491 2612 -
506 2568 556 2629 Ito
570 2573 778 2632 communiter.

237 2658 340 2733 Qum.
362 2661 394 2719 5⁰
418 2657 469 2718 An
486 2657 692 2740 indulgentias
712 2658 858 2736 lueretur,
880 2663 937 2743 qui
951 2681 1021 2743 opus
1040 2677 1097 2741 pre
1114 2661 1154 2721 eis
1168 2660 1384 2740 prescriptum
1410 2679 1481 2720 non

198 2748 313 2828 integre
323 2747 462 2831 perficit?

237 2835 382 2918 1111111ο
405 2835 498 2920 Nep,
524 2838 550 2900 si
570 2845 690 2918 partem
713 2839 811 2918 operis
835 2839 1002 2901 notabilem
1025 2837 1164 2910 omittat,
1181 2836 1224 2898 ita
1244 2839 1281 2897 ut
1301 2837 1480 2898 seeundum

198 2924 433 2988 estimationem
455 2926 601 2988 moralem
624 2927 702 2990 illud
722 2929 823 3008 quoad
838 2927 1046 2991 substantiam
1062 2945 1122 2990 non
1137 2923 1288 3007 perficiat;
1304 2923 1379 3004 quia
1401 2923 1479 2987 sim-

197 3012 318 3092 pliciter
330 3013 559 3075 conditionibus
574 3015 733 3094 requisitis
748 3015 919 3078 satisfacere
931 3034 992 3078 non
1006 3022 1156 3079 censetur.

238 3101 328 3181 Hesp.
344 3105 379 3162 10
392 3121 399 3162 :
416 3103 522 3176 Serus,
538 3102 564 3164 si
574 3103 739 3166 minimam
752 3111 870 3184 partem
881 3105 1113 3184 praetermittam
1128 3103 1203 3184 quia
1216 3109 1289 3166 tunc
1301 3101 1476 3179 ecerat-iter,

198 3189 245 3254 vel
261 3191 361 3270 quoad
380 3191 580 3254 substantiam
595 3199 735 3255 censetur
749 3193 851 3274 perfici
870 3209 946 3272 opus
961 3193 1185 3274 prescriptum.
1202 3195 1274 3254 Pars
1291 3197 1398 3254 autem
1418 3191 1478 3252 mi-

198 3278 284 3341 nima
304 3285 465 3361 respective
487 3281 637 3344 sumenda
659 3289 715 3343 est.
739 3281 787 3344 Sic
807 3281 841 3344 in
858 3282 983 3346 Rosario
1002 3281 1128 3344 omissio
1147 3279 1242 3344 unius
1260 3280 1357 3342 Pater
1369 3287 1400 3342 et
1412 3279 1480 3341 Aca

198 3368 331 3430 minima
351 3369 488 3446 videtum
507 3389 592 3433 secus
615 3370 732 3433 verosi
756 3370 894 3451 quinque
915 3371 1061 3433 Poterat
1082 3371 1146 3432 Aee
1167 3369 1370 3451 requirantur,
1399 3368 1480 3448 quia
1574 3373 1575 3378 ’

197 3455 321 3520 omissio
343 3457 461 3538 quintae
484 3459 581 3540 partis
607 3459 705 3540 operis
730 3459 876 3522 notabilis
899 3466 956 3523 est.
973 3496 1013 3504 —
1034 3460 1086 3521 Ite
1110 3459 1148 3522 S.
1173 3458 1332 3540 Liporius,
1359 3453 1381 3516 t.
1413 3457 1480 3530 Vl,

196 3549 311 3610 11531.
328 3581 369 3592 -
389 3548 471 3624 Veit,
487 3567 518 3611 11.
534 3552 610 3623 658,
624 3555 681 3612 cte.

236 3639 472 3712 fotid—Qum.
483 3636 572 3698 mnu
588 3646 617 3700 et
628 3639 984 3722 quomedolndulpentiae
999 3637 1152 3719 defunctis
1167 3635 1321 3718 applicari
1330 3632 1482 3715 possint?

236 3724 326 3807 Recp.
343 3730 389 3788 1⁰:
406 3725 562 3806 Applicari
576 3732 719 3806 possunt,
739 3727 765 3790 si
782 3728 887 3790 adsint
904 3729 973 3790 duae
987 3727 1177 3790 conditiones
1196 3727 1376 3805 sequentes:
1395 3727 1431 3784 1⁰
1446 3727 1484 3784 ut

197 3819 347 3894 tanquam
372 3812 433 3876 illis
454 3815 651 3896 applicantes
671 3816 706 3878 111
726 3817 882 3896 Rescripto
896 3815 1052 3880 Pontificis
1067 3813 1237 3896 specialiter
1252 3811 1480 3885 concedantur;

196 3905 229 4048 ΞΟ
249 3909 286 3964 ut
305 3902 388 3966 adsit
403 3902 538 3968 intentio
557 3904 648 3967 talem
662 3904 896 3986 applicationem
914 3903 1054 3967 faciendi.
1071 3903 1177 3964 —Ite
1193 3919 1331 3964 omnes...
1347 3895 1483 3974 Suom,

219 3990 274 4070 ap.
291 4011 358 4067 1111,
376 3999 492 4056 11111.
1420 4041 1423 4044 -

236 4078 396 4160 11111.10;
414 4082 609 4163 Indulgentia
628 4089 733 4147 tamen
752 4084 861 4164 nequit
881 4082 1026 4164 applicari
1042 4080 1195 4145 defunctis
1208 4097 1264 4160 per
1277 4077 1411 4140 modum
1432 4075 1486 4137 ab

195 4167 369 4245 solutionis,
387 4172 440 4233 sed
457 4179 581 4235 tantum
599 4192 652 4254 per
668 4174 796 4236 modum
815 4173 974 4254 suffrapii,
995 4189 1105 4252 nempe
1122 4175 1220 4233 Deum
1243 4165 1438 4248 deprecando
1450 4169 1485 4226 ut

195 4257 327 4338 benigne
341 4259 416 4323 velit
434 4261 526 4323 talem
539 4262 773 4341 applicationem
787 4268 941 4343 acceptare
955 4269 986 4326 et
1000 4259 1166 4324 animabus
1179 4253 1358 4336 Purgatorii
1370 4252 1484 4316 facere.

196 4347 284 4409 Ratio
299 4354 360 4424 est,
375 4347 449 4429 quia
462 4349 602 4413 Pontifex
613 4350 860 4431 jurisdictionem
875 4369 937 4414 non
954 4350 1049 4413 habet
1065 4349 1102 4412 in
1112 4346 1235 4410 animas
1248 4342 1484 4407 defunctorum.

196 4432 274 4496 Hine
297 4455 347 4498 eas
369 4437 522 4500 absolvere
546 4457 564 4500 a
585 4439 685 4520 poeuis
705 4441 788 4503 velut
808 4458 861 4521 per
881 4439 1068 4502 sententiam
1087 4453 1150 4500 non
1171 4437 1284 4516 petest.
1301 4467 1342 4479 -
1359 4430 1412 4494 tra
1426 4430 1490 4494 Le-
1574 4483 1575 4496 ,

196 4523 299 4594 meix,
315 4541 346 4582 n.
363 4528 452 4585 1336.
465 4559 506 4570 -
523 4526 619 4606 Lupe,
635 4529 714 4610 disp.
731 4547 833 4603 xxvtt,
853 4550 884 4590 11.
900 4533 949 4593 118.
