3206 5042
632 279 869 324 escensurus
1320 269 1389 328 ted

117 387 228 452 Officiis
246 386 376 467 publicis
395 386 542 450 Ecclesiae.
560 386 690 450 -Vide
712 392 816 451 Gonst.
837 389 1021 471 Apostolicce
1041 389 1147 470 Sedis,
1165 411 1195 451 n.
1219 397 1254 454 tr
1269 411 1388 456 excom-

117 475 364 540 municationum
378 493 448 556 quae
464 475 643 555 simpliciter
657 479 744 538 Rom.
762 480 850 539 Pont.
867 485 1074 542 reservantur.

159 570 190 628 3ο
209 563 294 640 Vale,
311 563 510 626 salutationes
524 565 651 627 omnino
667 564 872 645 particulares,

158 657 191 714 4⁰
211 652 402 726 Communia,
423 652 567 733 quaelibet
588 653 713 716 societas
734 653 863 734 negotii,
889 655 1103 730 habitationis,
1128 663 1317 730 contractus
1345 675 1390 720 ce

119 739 315 822 operationis,
331 747 388 802 etc.

159 835 192 894 5⁰
206 827 325 906 Mensa,
342 827 484 892 inritatio
498 829 648 910 reciproca
662 831 701 892 ad
716 847 865 892 mensam.
882 867 922 878 -
939 831 975 895 S.
991 834 1061 913 Lip.
1080 855 1111 894 n.
1130 837 1197 896 188.

158 921 264 980 Causae
285 922 389 980 autem
420 936 525 998 graues
551 937 693 980 excusare
720 925 849 998 possunt
877 921 1187 983 communicationem
1208 920 1392 1002 reciprocam

120 1006 201 1068 inter
224 1005 526 1068 excommunicatum
550 1005 714 1067 vitandum
735 1013 766 1068 et
789 1006 904 1080 fideles,
927 1007 1040 1071 scilicet
1067 1009 1244 1082 necessitas,
1277 1011 1393 1072 bonum

121 1094 257 1175 spiritale
280 1093 538 1156 excommunicati
559 1093 672 1173 ipsius,
698 1095 868 1175 conjunctio
892 1095 1143 1169 matrimonialis
1172 1104 1271 1159 status
1293 1099 1393 1178 subje-

121 1181 247 1257 ctionis,
270 1201 298 1244 v.
319 1200 378 1262 gr„
397 1181 585 1244 filiifamilias
609 1181 758 1258 minores
775 1182 949 1262 ignorantia
968 1184 1033 1246 sive
1047 1184 1143 1266 juris
1166 1185 1230 1246 sive
1253 1183 1333 1246 facti.
1354 1221 1393 1229 —

122 1271 159 1332 S.
176 1270 261 1350 Lep„
279 1269 353 1330 ittet.

163 1360 233 1420 Haec
255 1363 359 1422 autem
383 1359 486 1422 omnia
505 1361 541 1424 de
563 1361 634 1422 solis
656 1359 789 1422 vitandis
812 1361 973 1438 dicuntum
989 1362 1132 1443 quamvis
1156 1361 1239 1424 enim
1259 1364 1395 1424 toleretis

122 1445 254 1509 minime
265 1447 365 1510 faveat
378 1448 573 1530 privilegium
587 1449 712 1512 Martini
727 1454 763 1523 V,
778 1469 815 1512 ex
827 1450 974 1512 hodierna
990 1458 1093 1513 tamen
1107 1451 1327 1513 cousuetudine
1340 1450 1393 1512 isti

123 1553 186 1596 non
199 1535 334 1615 emplius
347 1543 472 1616 peccunt
488 1537 523 1599 iu
534 1537 676 1600 civilibus
690 1539 943 1602 communicando
957 1558 1028 1602 curu
1046 1539 1202 1612 fidelibus,
1218 1539 1339 1600 etiamsi
1357 1539 1395 1600 ab

123 1622 199 1702 ipsis
213 1642 276 1686 uon
290 1623 406 1688 fuerint
419 1626 572 1706 requisiti.
590 1629 811 1689 Verumtamen
833 1629 916 1690 haud
934 1628 1017 1690 licite
1033 1627 1258 1690 communicare
1279 1627 1311 1688 hi
1328 1645 1395 1706 pos-

125 1715 199 1774 sunt
211 1731 284 1774 cum
297 1713 438 1775 fidelibus
452 1715 487 1775 in
501 1714 631 1786 divinis,
648 1715 722 1794 quie
735 1715 932 1794 privilegium
948 1716 996 1776 his
1014 1722 1152 1788 tanturn,
1172 1733 1234 1775 non
1253 1733 1321 1775 vero
1335 1714 1396 1774 illis

125 1798 217 1861 ieret.
235 1803 319 1862 Patet
330 1819 367 1861 ex
381 1802 585 1864 Declaratione
601 1799 636 1862 S.
652 1801 909 1878 Poern'tentinrin,
926 1801 974 1863 die
990 1807 1009 1864 5
1023 1800 1097 1864 iulii
1114 1806 1201 1864 teor.

147 1997 241 2086 5111.
262 2000 307 2067 De
321 1991 733 2069 &communicationibus
745 2003 1002 2069 Constitutiont's
1021 2003 1242 2070 Aeosroucm
1259 2001 1372 2070 Senis.

682 2181 821 2226 eductum
838 2183 849 2225 1

406 2309 446 2364 De
461 2308 671 2366 Constitutione
683 2309 858 2383 Apostolicee
871 2309 956 2366 Sedis
974 2307 1004 2364 iu
1018 2325 1131 2381 genero.

251 2451 539 2518 Praenotanda.

168 2591 239 2655 970.
256 2624 297 2635 —
312 2593 335 2653 1.
361 2591 548 2656 constitutio
568 2593 755 2674 Apostolicoe
776 2592 866 2655 Sedis
883 2591 997 2672 obligat
1020 2609 1125 2654 onrrtes
1146 2589 1260 2653 Christi
1283 2589 1399 2662 fideleS,

129 2679 343 2759 uepraesertim
361 2681 477 2761 judices
494 2699 599 2742 omnes
618 2681 848 2754 ecclesiasticae,
866 2687 931 2740 tam
951 2680 1066 2741 interni
1084 2696 1177 2757 quam
1195 2677 1314 2738 externi
1327 2676 1399 2750 fori,

130 2765 183 2844 qui
206 2766 240 2824 in
261 2768 420 2828 sententiis
434 2775 465 2828 et
479 2768 606 2845 iudiciis
622 2767 752 2828 serendis
776 2767 833 2826 sub
856 2766 941 2842 gravi
962 2771 1116 2836 tenentur,
1133 2763 1191 2824 nisi
1209 2767 1294 2843 justa
1308 2761 1403 2824 inter-

131 2853 217 2911 cedat
238 2851 443 2913 excusationis
462 2869 567 2924 causa,
586 2852 684 2914 eidem
705 2871 735 2912 se
754 2852 951 2912 conformare.
970 2851 1096 2932 Siquid
1115 2854 1217 2912 autern
1236 2851 1270 2911 in
1289 2854 1404 2912 contre-

133 2936 231 3011 rium,
249 2937 312 2999 sive
327 2938 407 3001 bona
421 2938 485 3000 sive
500 2940 580 3000 mala
594 2938 667 3014 fide,
684 2938 786 3018 peragi
801 2939 973 3018 contingat,
991 2940 1023 3002 id
1042 2939 1108 3019 ipso
1122 2937 1199 3001 facto
1213 2937 1340 3000 irritum
1358 2945 1405 3000 est

133 3032 225 3106 attpue
240 3025 470 3090 invalidum—
480 3031 604 3090 Constat
616 3046 654 3088 ex
668 3027 742 3108 ipsis
752 3027 987 3090 constitutionis
1003 3027 1118 3102 verbiS,
1135 3046 1203 3109 quae
1219 3027 1261 3090 sic
1273 3025 1402 3088 habent:

133 3115 330 3178 Decernirnus
346 3117 400 3178 ltus
419 3117 553 3178 Litteras
572 3124 662 3196 etque
679 3117 779 3178 omniu
798 3126 826 3176 et
843 3115 980 3196 sinpnle,
1000 3135 1067 3197 quoe
1082 3117 1113 3176 in
1132 3119 1174 3178 eis
1193 3116 1355 3176 constitute
1370 3133 1405 3172 ec

136 3203 255 3264 decretu
269 3215 375 3269 sunt...
390 3205 554 3286 respective
568 3214 638 3264 rote
654 3215 744 3286 utque
757 3206 850 3286 firma
865 3224 925 3265 esse
935 3213 965 3265 et
976 3205 1058 3285 fore,
1076 3223 1199 3284 suosque
1210 3203 1366 3284 plenus-ios
1379 3209 1407 3259 et

134 3289 271 3371 t'uteptus
285 3296 405 3375 effectus
420 3294 570 3364 obtinere·
583 3294 681 3374 sicque
695 3303 723 3352 et
740 3314 798 3353 non
812 3293 901 3354 olitet·
917 3294 947 3353 in
963 3293 1128 3374 petenensis
1141 3311 1197 3372 per
1212 3308 1408 3372 qtcoscumque

127 3379 252 3462 judices
269 3383 447 3446 Ordinatios
460 3393 487 3443 et
507 3381 679 3463 Delcpntos,
701 3382 819 3443 subluto
835 3383 877 3444 eis
893 3391 919 3443 et
935 3402 1037 3443 corutn
1054 3380 1179 3442 cuilibet
1194 3381 1300 3461 qttuois
1318 3378 1409 3438 aliter

131 3467 301 3548 judicandi
316 3483 343 3533 et
361 3471 580 3553 interpretandi
593 3471 740 3551 sanctiate
759 3482 787 3532 et
804 3471 999 3548 auctoritate,
1010 3469 1154 3550 judicari
1171 3489 1206 3528 ue
1224 3467 1350 3548 definiri
1361 3465 1409 3525 de-

138 3565 220 3627 bere;
246 3571 273 3620 et
294 3562 415 3622 irritum
437 3569 527 3642 utque
546 3561 636 3620 irmne
661 3579 718 3622 esse
741 3579 776 3620 uc
795 3559 864 3640 sore
887 3558 1037 3640 quidquid
1054 3575 1146 3638 super
1159 3557 1206 3617 tis
1224 3577 1242 3615 o
1263 3573 1409 3636 quoquam

137 3654 245 3734 quouis
262 3652 456 3728 auctoritate,
478 3649 568 3710 etiem
577 3658 730 3730 pruteotu
744 3647 904 3729 cujustibet
919 3645 1081 3729 priuilepii
1088 3693 1097 3724 ‚
1119 3654 1172 3707 out
1187 3641 1410 3705 corisuetudtiu's

138 3739 270 3801 inducite
293 3739 341 3800 oet
359 3738 549 3817 inducendae,
573 3757 662 3819 quom
686 3737 809 3798 ebusum
826 3755 886 3798 esse
904 3736 1104 3810 declaremus,
1122 3734 1247 3796 scienter
1265 3730 1314 3794 oet
1326 3733 1411 3811 ipno-

138 3837 246 3890 rnnter
255 3830 416 3908 conciperit
430 3830 588 3889 attentari.

178 3918 215 3978 ΙΙ.
232 3916 271 3977 Vi
286 3915 522 3978 constitutionis
537 3915 689 3996 ejusdem,
703 3935 745 3978 cce
759 3916 898 3996 deinceps
914 3920 1038 3977 tantum
1053 3929 1188 3976 censure
1202 3912 1270 3974 lata
1286 3915 1407 3972 senten-

139 4005 190 4068 tiae
201 4004 320 4086 dejure
331 4005 481 4066 cornoruni
497 4003 614 4083 vigent,
631 4022 700 4083 qun
715 4004 762 4068 rel
776 4005 810 4066 in
830 4003 896 4085 ipse
910 4021 1049 4084 expresse
1063 3999 1270 4074 continentur,
1289 3998 1335 4060 vel
1351 3995 1411 4076 ipsi

139 4114 157 4156 a
172 4100 307 4174 tempore
321 4111 382 4175 quo
395 4093 586 4173 promulgata
601 4098 646 4156 cst
660 4099 865 4166 accesserunt,
883 4093 930 4154 vel
943 4091 1140 4172 postmodum
1159 4088 1311 4162 accedent;
1329 4085 1413 4148 addi-

140 4183 181 4246 tis
197 4189 299 4245 tamen
314 4181 353 4243 iis
377 4199 446 4262 quae
466 4199 484 4241 a
502 4180 635 4243 Concilio
655 4181 833 4243 Tridentino
846 4181 975 4242 suerunt
987 4179 1122 4240 inflictae.
1140 4177 1193 4238 dit
1213 4175 1297 4238 enim
1310 4171 1412 4236 Ponti·

140 4271 207 4334 fex:
226 4271 270 4332 De
293 4269 477 4352 Apostolicoe
501 4267 623 4330 Nostros
643 4271 798 4350 potestatis
814 4267 1022 4352 plenitudiue,
1036 4267 1095 4328 truc
1113 4275 1258 4348 perpetuo
1279 4260 1413 4322 valituro

143 4359 365 4422 Constitutione
376 4357 582 4430 decernimus,
598 4365 632 4418 ut
648 4377 686 4417 eu
700 4356 934 4438 quibuscumque
951 4358 1084 4417 censuris
1102 4358 1163 4416 siue
1177 4349 1413 4415 excommunico-

31 4525 38 4536 ·
142 4450 246 4521 tionis,
270 4453 332 4510 siue
351 4447 568 4530 suspensionis,
584 4446 644 4507 siue
661 4445 833 4522 interdicti,
857 4463 922 4526 qun
944 4465 999 4526 pet·
1015 4443 1134 4505 inodutn
1158 4442 1226 4504 [Δία
1242 4439 1410 4516 sententie,

142 4541 263 4620 ipsoque
282 4537 363 4618 suctu
383 4533 589 4608 incurrendae,
610 4534 751 4596 hactenus
773 4534 920 4614 irnpositoe
941 4542 1024 4612 sunt,
1048 4532 1168 4594 nonnisi
1186 4529 1265 4604 etto,
1288 4547 1361 4610 qrcos
1383 4533 1414 4585 tn
