<?xml version="1.0" encoding="UTF-8"?>
<!DOCTYPE html PUBLIC "-//W3C//DTD XHTML 1.0 Transitional//EN"
    "http://www.w3.org/TR/xhtml1/DTD/xhtml1-transitional.dtd">
<html xmlns="http://www.w3.org/1999/xhtml" xml:lang="en" lang="en">
 <head>
  <title>
</title>
<meta http-equiv="Content-Type" content="text/html;charset=utf-8" />
  <meta name='ocr-system' content='tesseract 3.04.00' />
  <meta name='ocr-capabilities' content='ocr_page ocr_carea ocr_par ocr_line ocrx_word'/>
</head>
<body>
  <div class='ocr_page' id='page_1' title='image "./compendiumtheol03gurygoog_0496.png"; bbox 0 0 3180 5040; ppageno 0'>
   <div class='ocr_carea' id='block_1_1' title="bbox 602 224 1378 302">
    <p class='ocr_par' dir='ltr' id='par_1_1' title="bbox 602 224 1378 302">
     <span class='ocr_line' id='line_1_1' title="bbox 602 224 1378 302; baseline 0.005 -6"><span class='ocrx_word' id='word_1_1' title='bbox 602 252 645 296; x_wconf 82' lang='lat' dir='ltr'><strong>nu</strong></span> <span class='ocrx_word' id='word_1_2' title='bbox 667 251 845 302; x_wconf 75' lang='lat' dir='ltr'><strong>censuris</strong></span> <span class='ocrx_word' id='word_1_3' title='bbox 1292 224 1378 300; x_wconf 80' lang='lat' dir='ltr'><strong>aaa</strong></span> 
     </span>
    </p>
   </div>
   <div class='ocr_carea' id='block_1_2' title="bbox 81 360 1374 1945">
    <p class='ocr_par' dir='ltr' id='par_1_2' title="bbox 81 360 1365 886">
     <span class='ocr_line' id='line_1_2' title="bbox 81 360 1359 447; baseline -0.002 -17"><span class='ocrx_word' id='word_1_4' title='bbox 81 365 141 447; x_wconf 81' lang='lat' dir='ltr'><strong>qrri</strong></span> <span class='ocrx_word' id='word_1_5' title='bbox 159 365 239 432; x_wconf 87' lang='lat' dir='ltr'><strong>illud</strong></span> <span class='ocrx_word' id='word_1_6' title='bbox 253 363 363 438; x_wconf 72' lang='lat' dir='ltr'><strong>amat,</strong></span> <span class='ocrx_word' id='word_1_7' title='bbox 380 363 416 430; x_wconf 86' lang='lat' dir='ltr'><strong>tit</strong></span> <span class='ocrx_word' id='word_1_8' title='bbox 433 360 628 440; x_wconf 58' lang='lat' dir='ltr'><strong>irregularia</strong></span> <span class='ocrx_word' id='word_1_9' title='bbox 646 367 850 442; x_wconf 69' lang='lat' dir='ltr'><strong>nusgmssor</strong></span> <span class='ocrx_word' id='word_1_10' title='bbox 870 368 976 428; x_wconf 72' lang='lat' dir='ltr'><strong>cunm</strong></span> <span class='ocrx_word' id='word_1_11' title='bbox 994 362 1171 429; x_wconf 60' lang='lat' dir='ltr'><strong>mentionis</strong></span> <span class='ocrx_word' id='word_1_12' title='bbox 1191 381 1210 426; x_wconf 87' lang='lat' dir='ltr'><strong>a</strong></span> <span class='ocrx_word' id='word_1_13' title='bbox 1228 364 1359 440; x_wconf 73' lang='lat' dir='ltr'><strong>avida,</strong></span> 
     </span>
     <span class='ocr_line' id='line_1_3' title="bbox 86 450 1360 534; baseline -0.002 -16"><span class='ocrx_word' id='word_1_14' title='bbox 86 454 157 520; x_wconf 89' lang='lat' dir='ltr'><strong>licet</strong></span> <span class='ocrx_word' id='word_1_15' title='bbox 174 452 308 534; x_wconf 83' lang='lat' dir='ltr'><strong>graviter</strong></span> <span class='ocrx_word' id='word_1_16' title='bbox 326 457 443 531; x_wconf 84' lang='lat' dir='ltr'><strong>peccet,</strong></span> <span class='ocrx_word' id='word_1_17' title='bbox 457 450 576 518; x_wconf 74' lang='lat' dir='ltr'><strong>nudam</strong></span> <span class='ocrx_word' id='word_1_18' title='bbox 595 455 701 516; x_wconf 81' lang='lat' dir='ltr'><strong>tamen</strong></span> <span class='ocrx_word' id='word_1_19' title='bbox 720 467 880 515; x_wconf 76' lang='lat' dir='ltr'><strong>cananum</strong></span> <span class='ocrx_word' id='word_1_20' title='bbox 893 450 1038 525; x_wconf 74' lang='lat' dir='ltr'>incurrit,</span> <span class='ocrx_word' id='word_1_21' title='bbox 1057 451 1159 518; x_wconf 82' lang='lat' dir='ltr'><strong>nectit</strong></span> <span class='ocrx_word' id='word_1_22' title='bbox 1174 451 1360 532; x_wconf 71' lang='lat' dir='ltr'><strong>irregularis.</strong></span> 
     </span>
     <span class='ocr_line' id='line_1_4' title="bbox 88 539 1363 621; baseline 0 -15"><span class='ocrx_word' id='word_1_23' title='bbox 88 548 158 608; x_wconf 80' lang='lat' dir='ltr'><strong>flac</strong></span> <span class='ocrx_word' id='word_1_24' title='bbox 169 542 258 608; x_wconf 82' lang='lat' dir='ltr'><strong>enirn</strong></span> <span class='ocrx_word' id='word_1_25' title='bbox 272 539 398 604; x_wconf 71' lang='lat' dir='ltr'><strong>mesano</strong></span> <span class='ocrx_word' id='word_1_26' title='bbox 411 557 475 602; x_wconf 91' lang='lat' dir='ltr'><strong>non</strong></span> <span class='ocrx_word' id='word_1_27' title='bbox 488 539 654 606; x_wconf 78' lang='lat' dir='ltr'><strong>adhibetur</strong></span> <span class='ocrx_word' id='word_1_28' title='bbox 668 539 708 602; x_wconf 82' lang='lat' dir='ltr'><strong>cd</strong></span> <span class='ocrx_word' id='word_1_29' title='bbox 720 539 916 618; x_wconf 77' lang='lat' dir='ltr'><strong>corrigendos</strong></span> <span class='ocrx_word' id='word_1_30' title='bbox 931 540 1151 621; x_wconf 79' lang='lat' dir='ltr'><strong>delinquentes.</strong></span> <span class='ocrx_word' id='word_1_31' title='bbox 1169 545 1201 606; x_wconf 88' lang='lat'><strong>3⁰</strong></span> <span class='ocrx_word' id='word_1_32' title='bbox 1213 541 1293 617; x_wconf 84' lang='lat' dir='ltr'><strong>Quia</strong></span> <span class='ocrx_word' id='word_1_33' title='bbox 1306 543 1363 606; x_wconf 77' lang='lat' dir='ltr'><strong>du-</strong></span> 
     </span>
     <span class='ocr_line' id='line_1_5' title="bbox 87 625 1365 708; baseline 0 -16"><span class='ocrx_word' id='word_1_34' title='bbox 87 638 176 692; x_wconf 84' lang='lat' dir='ltr'><strong>rante</strong></span> <span class='ocrx_word' id='word_1_35' title='bbox 191 627 354 691; x_wconf 88' lang='lat' dir='ltr'><strong>interdicto</strong></span> <span class='ocrx_word' id='word_1_36' title='bbox 369 627 512 706; x_wconf 85' lang='lat' dir='ltr'><strong>generali,</strong></span> <span class='ocrx_word' id='word_1_37' title='bbox 527 627 597 688; x_wconf 90' lang='lat' dir='ltr'><strong>licet</strong></span> <span class='ocrx_word' id='word_1_38' title='bbox 609 627 757 689; x_wconf 87' lang='lat' dir='ltr'><strong>celebrare</strong></span> <span class='ocrx_word' id='word_1_39' title='bbox 770 625 872 689; x_wconf 87' lang='lat' dir='ltr'><strong>Officia</strong></span> <span class='ocrx_word' id='word_1_40' title='bbox 886 627 992 690; x_wconf 88' lang='lat' dir='ltr'><strong>divina</strong></span> <span class='ocrx_word' id='word_1_41' title='bbox 999 629 1238 708; x_wconf 68' lang='lat' dir='ltr'><strong>pseusennes,</strong></span> <span class='ocrx_word' id='word_1_42' title='bbox 1249 635 1283 694; x_wconf 85' lang='lat' dir='ltr'><strong>et</strong></span> <span class='ocrx_word' id='word_1_43' title='bbox 1295 631 1365 694; x_wconf 88' lang='lat' dir='ltr'><strong>suh-</strong></span> 
     </span>
     <span class='ocr_line' id='line_1_6' title="bbox 87 713 1365 796; baseline -0.002 -13"><span class='ocrx_word' id='word_1_44' title='bbox 87 718 184 783; x_wconf 82' lang='lat' dir='ltr'><strong>missa</strong></span> <span class='ocrx_word' id='word_1_45' title='bbox 197 735 284 794; x_wconf 74' lang='lat' dir='ltr'><strong>r&#39;oce,</strong></span> <span class='ocrx_word' id='word_1_46' title='bbox 298 723 332 780; x_wconf 86' lang='lat' dir='ltr'><strong>et</strong></span> <span class='ocrx_word' id='word_1_47' title='bbox 343 714 438 782; x_wconf 85' lang='lat' dir='ltr'><strong>ctiam</strong></span> <span class='ocrx_word' id='word_1_48' title='bbox 452 714 630 780; x_wconf 85' lang='lat' dir='ltr'><strong>solemniter</strong></span> <span class='ocrx_word' id='word_1_49' title='bbox 648 715 684 778; x_wconf 80' lang='lat' dir='ltr'><strong>in</strong></span> <span class='ocrx_word' id='word_1_50' title='bbox 705 715 892 796; x_wconf 78' lang='lat' dir='ltr'><strong>quibusdum</strong></span> <span class='ocrx_word' id='word_1_51' title='bbox 912 713 1013 792; x_wconf 83' lang='lat' dir='ltr'><strong>iestis;</strong></span> <span class='ocrx_word' id='word_1_52' title='bbox 1026 716 1063 784; x_wconf 82' lang='lat' dir='ltr'><strong>tn</strong></span> <span class='ocrx_word' id='word_1_53' title='bbox 1082 718 1247 784; x_wconf 64' lang='lat' dir='ltr'><strong>metucns</strong></span> <span class='ocrx_word' id='word_1_54' title='bbox 1262 737 1332 782; x_wconf 84' lang='lat' dir='ltr'><strong>vero</strong></span> <span class='ocrx_word' id='word_1_55' title='bbox 1347 739 1365 781; x_wconf 91' lang='lat' dir='ltr'><strong>a</strong></span> 
     </span>
     <span class='ocr_line' id='line_1_7' title="bbox 87 803 616 886; baseline -0.006 -16"><span class='ocrx_word' id='word_1_56' title='bbox 87 806 203 870; x_wconf 82' lang='lat' dir='ltr'><strong>divinis</strong></span> <span class='ocrx_word' id='word_1_57' title='bbox 218 805 314 873; x_wconf 72' lang='lat' dir='ltr'><strong>mam</strong></span> <span class='ocrx_word' id='word_1_58' title='bbox 328 805 393 870; x_wconf 81' lang='lat' dir='ltr'><strong>hac</strong></span> <span class='ocrx_word' id='word_1_59' title='bbox 403 803 616 886; x_wconf 84' lang='lat' dir='ltr'><strong>prohibentur.</strong></span> 
     </span>
    </p>

    <p class='ocr_par' dir='ltr' id='par_1_3' title="bbox 127 891 782 976">
     <span class='ocr_line' id='line_1_8' title="bbox 127 891 782 976; baseline -0.011 -16"><span class='ocrx_word' id='word_1_60' title='bbox 127 896 246 976; x_wconf 74' lang='lat' dir='ltr'><strong>Duplex</strong></span> <span class='ocrx_word' id='word_1_61' title='bbox 255 892 463 973; x_wconf 71' lang='lat' dir='ltr'><strong>distinguitur</strong></span> <span class='ocrx_word' id='word_1_62' title='bbox 474 893 603 959; x_wconf 76' lang='lat' dir='ltr'><strong>cesano</strong></span> <span class='ocrx_word' id='word_1_63' title='bbox 613 911 634 956; x_wconf 86' lang='lat' dir='ltr'><strong>a</strong></span> <span class='ocrx_word' id='word_1_64' title='bbox 644 891 762 956; x_wconf 80' lang='lat' dir='ltr'><strong>(lirinis</strong></span> <span class='ocrx_word' id='word_1_65' title='bbox 775 912 782 953; x_wconf 91' lang='lat'>:</span> 
     </span>
    </p>

    <p class='ocr_par' dir='ltr' id='par_1_4' title="bbox 89 978 1366 1134">
     <span class='ocr_line' id='line_1_9' title="bbox 128 978 1366 1064; baseline 0.002 -19"><span class='ocrx_word' id='word_1_66' title='bbox 128 989 161 1045; x_wconf 81' lang='lat'><strong>1⁰</strong></span> <span class='ocrx_word' id='word_1_67' title='bbox 175 983 249 1044; x_wconf 83' lang='lat' dir='ltr'><strong>Alia</strong></span> <span class='ocrx_word' id='word_1_68' title='bbox 263 1003 282 1041; x_wconf 86' lang='grc' dir='ltr'><em>α</em></span> <span class='ocrx_word' id='word_1_69' title='bbox 290 982 379 1064; x_wconf 76' lang='lat' dir='ltr'><strong>jura,</strong></span> <span class='ocrx_word' id='word_1_70' title='bbox 397 999 466 1061; x_wconf 80' lang='lat' dir='ltr'><strong>quaa</strong></span> <span class='ocrx_word' id='word_1_71' title='bbox 479 980 545 1060; x_wconf 87' lang='lat' dir='ltr'><strong>ipso</strong></span> <span class='ocrx_word' id='word_1_72' title='bbox 559 980 638 1044; x_wconf 86' lang='lat' dir='ltr'><strong>facto</strong></span> <span class='ocrx_word' id='word_1_73' title='bbox 653 978 790 1054; x_wconf 81' lang='lat' dir='ltr'><strong>exsistit,</strong></span> <span class='ocrx_word' id='word_1_74' title='bbox 807 982 929 1059; x_wconf 76' lang='lat' dir='ltr'><strong>quondo</strong></span> <span class='ocrx_word' id='word_1_75' title='bbox 944 982 1092 1060; x_wconf 70' lang='lat' dir='ltr'><strong>polluitur</strong></span> <span class='ocrx_word' id='word_1_76' title='bbox 1100 983 1239 1058; x_wconf 68' lang='lat' dir='ltr'><strong>aalma,</strong></span> <span class='ocrx_word' id='word_1_77' title='bbox 1255 986 1302 1050; x_wconf 80' lang='lat' dir='ltr'><strong>rel</strong></span> <span class='ocrx_word' id='word_1_78' title='bbox 1314 1003 1366 1048; x_wconf 84' lang='lat' dir='ltr'><strong>ex-</strong></span> 
     </span>
     <span class='ocr_line' id='line_1_10' title="bbox 89 1076 237 1134; baseline -0.014 0"><span class='ocrx_word' id='word_1_79' title='bbox 89 1076 237 1134; x_wconf 88' lang='lat' dir='ltr'><strong>secratur.</strong></span> 
     </span>
    </p>

    <p class='ocr_par' dir='ltr' id='par_1_5' title="bbox 87 1156 1368 1416">
     <span class='ocr_line' id='line_1_11' title="bbox 128 1156 1368 1239; baseline -0.004 -13"><span class='ocrx_word' id='word_1_80' title='bbox 128 1164 162 1226; x_wconf 69' lang='lat'><strong>2⁰</strong></span> <span class='ocrx_word' id='word_1_81' title='bbox 175 1159 249 1222; x_wconf 79' lang='lat' dir='ltr'><strong>Atta</strong></span> <span class='ocrx_word' id='word_1_82' title='bbox 261 1159 301 1224; x_wconf 81' lang='lat' dir='ltr'><strong>ab</strong></span> <span class='ocrx_word' id='word_1_83' title='bbox 312 1157 446 1236; x_wconf 76' lang='lat' dir='ltr'><strong>domne,</strong></span> <span class='ocrx_word' id='word_1_84' title='bbox 459 1176 530 1239; x_wconf 80' lang='lat' dir='ltr'><strong>qun</strong></span> <span class='ocrx_word' id='word_1_85' title='bbox 542 1157 713 1238; x_wconf 77' lang='lat' dir='ltr'><strong>imponitur</strong></span> <span class='ocrx_word' id='word_1_86' title='bbox 727 1176 745 1220; x_wconf 91' lang='lat' dir='ltr'><strong>a</strong></span> <span class='ocrx_word' id='word_1_87' title='bbox 759 1156 918 1236; x_wconf 73' lang='lat' dir='ltr'><strong>Sarpedone</strong></span> <span class='ocrx_word' id='word_1_88' title='bbox 930 1157 1176 1238; x_wconf 65' lang='lat' dir='ltr'><strong>inimicantem</strong></span> <span class='ocrx_word' id='word_1_89' title='bbox 1188 1159 1319 1225; x_wconf 82' lang='lat' dir='ltr'><strong>habento</strong></span> <span class='ocrx_word' id='word_1_90' title='bbox 1334 1161 1368 1222; x_wconf 92' lang='lat' dir='ltr'><strong>in</strong></span> 
     </span>
     <span class='ocr_line' id='line_1_12' title="bbox 90 1245 1368 1328; baseline 0.001 -17"><span class='ocrx_word' id='word_1_91' title='bbox 90 1249 155 1312; x_wconf 92' lang='lat' dir='ltr'><strong>foro</strong></span> <span class='ocrx_word' id='word_1_92' title='bbox 170 1255 313 1321; x_wconf 81' lang='lat' dir='ltr'><strong>externo,</strong></span> <span class='ocrx_word' id='word_1_93' title='bbox 329 1247 363 1308; x_wconf 90' lang='lat' dir='ltr'><strong>in</strong></span> <span class='ocrx_word' id='word_1_94' title='bbox 378 1245 503 1326; x_wconf 83' lang='lat' dir='ltr'><strong>signum</strong></span> <span class='ocrx_word' id='word_1_95' title='bbox 523 1247 678 1322; x_wconf 84' lang='lat' dir='ltr'><strong>moeroris,</strong></span> <span class='ocrx_word' id='word_1_96' title='bbox 695 1245 743 1310; x_wconf 81' lang='lat' dir='ltr'><strong>rel</strong></span> <span class='ocrx_word' id='word_1_97' title='bbox 758 1245 798 1308; x_wconf 86' lang='lat' dir='ltr'><strong>ad</strong></span> <span class='ocrx_word' id='word_1_98' title='bbox 814 1246 1039 1326; x_wconf 68' lang='lat' dir='ltr'><strong>reparationem</strong></span> <span class='ocrx_word' id='word_1_99' title='bbox 1056 1247 1158 1326; x_wconf 62' lang='lat' dir='ltr'><strong>maris</strong></span> <span class='ocrx_word' id='word_1_100' title='bbox 1171 1246 1296 1328; x_wconf 75' lang='lat' dir='ltr'><strong>injuria</strong></span> <span class='ocrx_word' id='word_1_101' title='bbox 1309 1252 1368 1312; x_wconf 87' lang='lat' dir='ltr'><strong>Deo</strong></span> 
     </span>
     <span class='ocr_line' id='line_1_13' title="bbox 87 1333 992 1416; baseline 0 -18"><span class='ocrx_word' id='word_1_102' title='bbox 87 1337 198 1412; x_wconf 81' lang='lat' dir='ltr'><strong>illatae3</strong></span> <span class='ocrx_word' id='word_1_103' title='bbox 212 1342 248 1403; x_wconf 85' lang='lat' dir='ltr'><strong>et</strong></span> <span class='ocrx_word' id='word_1_104' title='bbox 260 1340 333 1404; x_wconf 88' lang='lat' dir='ltr'><strong>tunc</strong></span> <span class='ocrx_word' id='word_1_105' title='bbox 349 1333 443 1402; x_wconf 86' lang='lat' dir='ltr'><strong>afficit</strong></span> <span class='ocrx_word' id='word_1_106' title='bbox 455 1353 562 1402; x_wconf 86' lang='lat' dir='ltr'><strong>omnes</strong></span> <span class='ocrx_word' id='word_1_107' title='bbox 577 1334 631 1416; x_wconf 89' lang='lat' dir='ltr'><strong>qui</strong></span> <span class='ocrx_word' id='word_1_108' title='bbox 644 1333 679 1400; x_wconf 86' lang='lat' dir='ltr'><strong>in</strong></span> <span class='ocrx_word' id='word_1_109' title='bbox 694 1351 728 1396; x_wconf 89' lang='lat' dir='ltr'><strong>eo</strong></span> <span class='ocrx_word' id='word_1_110' title='bbox 743 1335 805 1396; x_wconf 91' lang='lat' dir='ltr'><strong>loco</strong></span> <span class='ocrx_word' id='word_1_111' title='bbox 820 1341 992 1403; x_wconf 76' lang='lat' dir='ltr'><strong>curantur.</strong></span> 
     </span>
    </p>

    <p class='ocr_par' dir='ltr' id='par_1_6' title="bbox 90 1422 1371 1680">
     <span class='ocr_line' id='line_1_14' title="bbox 130 1422 1371 1502; baseline 0.002 -16"><span class='ocrx_word' id='word_1_112' title='bbox 130 1427 239 1487; x_wconf 76' lang='lat' dir='ltr'><strong>Causa</strong></span> <span class='ocrx_word' id='word_1_113' title='bbox 249 1432 353 1486; x_wconf 91' lang='lat' dir='ltr'><strong>autem</strong></span> <span class='ocrx_word' id='word_1_114' title='bbox 366 1423 543 1486; x_wconf 74' lang='lat' dir='ltr'><strong>cessationis</strong></span> <span class='ocrx_word' id='word_1_115' title='bbox 555 1441 573 1484; x_wconf 93' lang='lat' dir='ltr'><strong>a</strong></span> <span class='ocrx_word' id='word_1_116' title='bbox 583 1422 698 1484; x_wconf 87' lang='lat' dir='ltr'><strong>divinis</strong></span> <span class='ocrx_word' id='word_1_117' title='bbox 710 1423 808 1502; x_wconf 81' lang='lat' dir='ltr'><strong>ajuro</strong></span> <span class='ocrx_word' id='word_1_118' title='bbox 819 1423 991 1488; x_wconf 87' lang='lat' dir='ltr'><strong>referuntur</strong></span> <span class='ocrx_word' id='word_1_119' title='bbox 1002 1425 1038 1492; x_wconf 85' lang='lat' dir='ltr'><strong>in</strong></span> <span class='ocrx_word' id='word_1_120' title='bbox 1053 1431 1186 1490; x_wconf 83' lang='lat' dir='ltr'><strong>tractatu</strong></span> <span class='ocrx_word' id='word_1_121' title='bbox 1197 1423 1234 1488; x_wconf 78' lang='lat' dir='ltr'><strong>de</strong></span> <span class='ocrx_word' id='word_1_122' title='bbox 1245 1425 1371 1488; x_wconf 73' lang='lat' dir='ltr'><strong>Eucda</strong></span> 
     </span>
     <span class='ocr_line' id='line_1_15' title="bbox 90 1510 1371 1594; baseline 0.002 -22"><span class='ocrx_word' id='word_1_123' title='bbox 90 1513 191 1591; x_wconf 79' lang='lat' dir='ltr'><strong>risn&#39;a,</strong></span> <span class='ocrx_word' id='word_1_124' title='bbox 206 1513 261 1576; x_wconf 87' lang='lat' dir='ltr'><strong>nbi</strong></span> <span class='ocrx_word' id='word_1_125' title='bbox 276 1513 377 1592; x_wconf 81' lang='lat' dir='ltr'><strong>agitur</strong></span> <span class='ocrx_word' id='word_1_126' title='bbox 390 1514 426 1577; x_wconf 89' lang='lat' dir='ltr'><strong>de</strong></span> <span class='ocrx_word' id='word_1_127' title='bbox 439 1513 503 1574; x_wconf 89' lang='lat' dir='ltr'><strong>ioco</strong></span> <span class='ocrx_word' id='word_1_128' title='bbox 517 1510 737 1578; x_wconf 83' lang='lat' dir='ltr'><strong>celebrationis.</strong></span> <span class='ocrx_word' id='word_1_129' title='bbox 753 1513 957 1587; x_wconf 81' lang='lat' dir='ltr'><strong>Sacramenta,</strong></span> <span class='ocrx_word' id='word_1_130' title='bbox 974 1531 1044 1594; x_wconf 75' lang='lat' dir='ltr'><strong>qua</strong></span> <span class='ocrx_word' id='word_1_131' title='bbox 1057 1512 1230 1582; x_wconf 71' lang='lat' dir='ltr'><strong>niaanri</strong></span> <span class='ocrx_word' id='word_1_132' title='bbox 1242 1519 1371 1594; x_wconf 78' lang='lat' dir='ltr'><strong>possum</strong></span> 
     </span>
     <span class='ocr_line' id='line_1_16' title="bbox 90 1599 1097 1680; baseline -0.002 -14"><span class='ocrx_word' id='word_1_133' title='bbox 90 1609 230 1680; x_wconf 85' lang='lat' dir='ltr'><strong>tempore</strong></span> <span class='ocrx_word' id='word_1_134' title='bbox 244 1599 414 1675; x_wconf 84' lang='lat' dir='ltr'><strong>interdicti,</strong></span> <span class='ocrx_word' id='word_1_135' title='bbox 429 1601 638 1666; x_wconf 70' lang='lat' dir='ltr'><strong>annuatur</strong></span> <span class='ocrx_word' id='word_1_136' title='bbox 652 1599 748 1665; x_wconf 78' lang='lat' dir='ltr'><strong>etiam</strong></span> <span class='ocrx_word' id='word_1_137' title='bbox 761 1605 895 1680; x_wconf 86' lang='lat' dir='ltr'><strong>tempore</strong></span> <span class='ocrx_word' id='word_1_138' title='bbox 909 1601 1097 1670; x_wconf 69' lang='lat' dir='ltr'><strong>wamherus.</strong></span> 
     </span>
    </p>

    <p class='ocr_par' dir='ltr' id='par_1_7' title="bbox 131 1688 1024 1770">
     <span class='ocr_line' id='line_1_17' title="bbox 131 1688 1024 1770; baseline -0.007 -14"><span class='ocrx_word' id='word_1_139' title='bbox 131 1692 236 1765; x_wconf 79' lang='lat' dir='ltr'><strong>Qonn.</strong></span> <span class='ocrx_word' id='word_1_140' title='bbox 249 1689 278 1750; x_wconf 94' lang='lat' dir='ltr'><strong><em>A</em></strong></span> <span class='ocrx_word' id='word_1_141' title='bbox 293 1690 472 1770; x_wconf 76' lang='lat' dir='ltr'><strong>quibusnam</strong></span> <span class='ocrx_word' id='word_1_142' title='bbox 486 1690 607 1754; x_wconf 68' lang='lat' dir='ltr'><strong>uacatio</strong></span> <span class='ocrx_word' id='word_1_143' title='bbox 620 1708 640 1750; x_wconf 85' lang='lat' dir='ltr'><strong>a</strong></span> <span class='ocrx_word' id='word_1_144' title='bbox 652 1688 766 1750; x_wconf 83' lang='lat' dir='ltr'><strong>divinis</strong></span> <span class='ocrx_word' id='word_1_145' title='bbox 782 1689 897 1770; x_wconf 83' lang='lat' dir='ltr'><strong>imponi</strong></span> <span class='ocrx_word' id='word_1_146' title='bbox 908 1690 1024 1769; x_wconf 79' lang='lat' dir='ltr'><strong>possit?</strong></span> 
     </span>
    </p>

    <p class='ocr_par' dir='ltr' id='par_1_8' title="bbox 90 1775 1374 1945">
     <span class='ocr_line' id='line_1_18' title="bbox 132 1775 1374 1860; baseline 0.002 -20"><span class='ocrx_word' id='word_1_147' title='bbox 132 1778 227 1860; x_wconf 81' lang='lat' dir='ltr'><strong>Resp.</strong></span> <span class='ocrx_word' id='word_1_148' title='bbox 244 1796 256 1836; x_wconf 90' lang='lat'><strong>.·</strong></span> <span class='ocrx_word' id='word_1_149' title='bbox 270 1778 390 1858; x_wconf 83' lang='lat' dir='ltr'><strong>imponi</strong></span> <span class='ocrx_word' id='word_1_150' title='bbox 403 1782 502 1857; x_wconf 87' lang='lat' dir='ltr'><strong>potest</strong></span> <span class='ocrx_word' id='word_1_151' title='bbox 520 1777 559 1838; x_wconf 88' lang='lat' dir='ltr'><strong>ab</strong></span> <span class='ocrx_word' id='word_1_152' title='bbox 577 1775 688 1840; x_wconf 84' lang='lat' dir='ltr'><strong>iisdem</strong></span> <span class='ocrx_word' id='word_1_153' title='bbox 701 1775 756 1856; x_wconf 87' lang='lat' dir='ltr'><strong>qui</strong></span> <span class='ocrx_word' id='word_1_154' title='bbox 769 1783 901 1856; x_wconf 69' lang='lat' dir='ltr'><strong>possim</strong></span> <span class='ocrx_word' id='word_1_155' title='bbox 916 1775 993 1840; x_wconf 88' lang='lat' dir='ltr'><strong>forro</strong></span> <span class='ocrx_word' id='word_1_156' title='bbox 1007 1795 1165 1853; x_wconf 84' lang='lat' dir='ltr'><strong>censuras,</strong></span> <span class='ocrx_word' id='word_1_157' title='bbox 1180 1779 1374 1858; x_wconf 77' lang='lat' dir='ltr'><strong>procedenti-</strong></span> 
     </span>
     <span class='ocr_line' id='line_1_19' title="bbox 90 1863 857 1945; baseline -0.007 -16"><span class='ocrx_word' id='word_1_158' title='bbox 90 1867 151 1929; x_wconf 91' lang='lat' dir='ltr'><strong>hus</strong></span> <span class='ocrx_word' id='word_1_159' title='bbox 166 1864 279 1927; x_wconf 87' lang='lat' dir='ltr'><strong>debitis</strong></span> <span class='ocrx_word' id='word_1_160' title='bbox 294 1864 529 1927; x_wconf 90' lang='lat' dir='ltr'><strong>monitionibus.</strong></span> <span class='ocrx_word' id='word_1_161' title='bbox 545 1898 586 1908; x_wconf 98' lang='lat'>—</span> <span class='ocrx_word' id='word_1_162' title='bbox 599 1863 634 1926; x_wconf 89' lang='lat' dir='ltr'><strong>S.</strong></span> <span class='ocrx_word' id='word_1_163' title='bbox 650 1864 722 1945; x_wconf 79' lang='lat' dir='ltr'><strong>Liq.</strong></span> <span class='ocrx_word' id='word_1_164' title='bbox 740 1885 771 1924; x_wconf 91' lang='lat' dir='ltr'><strong>n.</strong></span> <span class='ocrx_word' id='word_1_165' title='bbox 787 1869 857 1929; x_wconf 82' lang='grc'><strong>330.</strong></span> 
     </span>
    </p>
   </div>
   <div class='ocr_carea' id='block_1_3' title="bbox 470 2041 1007 2220">
    <p class='ocr_par' dir='ltr' id='par_1_9' title="bbox 470 2041 1007 2220">
     <span class='ocr_line' id='line_1_20' title="bbox 629 2041 852 2102; baseline 0.027 -6"><span class='ocrx_word' id='word_1_166' title='bbox 629 2041 810 2100; x_wconf 81' lang='lat' dir='ltr'>APPENDIX</span> <span class='ocrx_word' id='word_1_167' title='bbox 827 2043 852 2102; x_wconf 85' lang='lat'><strong>11</strong></span> 
     </span>
     <span class='ocr_line' id='line_1_21' title="bbox 470 2175 1007 2220; baseline -0.002 -2"><span class='ocrx_word' id='word_1_168' title='bbox 470 2179 511 2219; x_wconf 80' lang='lat' dir='ltr'><strong>rr</strong></span> <span class='ocrx_word' id='word_1_169' title='bbox 530 2177 727 2220; x_wconf 79' lang='lat' dir='ltr'><strong>surunrcns</strong></span> <span class='ocrx_word' id='word_1_170' title='bbox 745 2175 1007 2220; x_wconf 79' lang='lat' dir='ltr'><strong>rccnrsrnsrrcn</strong></span> 
     </span>
    </p>
   </div>
   <div class='ocr_carea' id='block_1_4' title="bbox 94 2299 1381 2904">
    <p class='ocr_par' dir='ltr' id='par_1_10' title="bbox 94 2299 1381 2904">
     <span class='ocr_line' id='line_1_22' title="bbox 134 2299 1378 2382; baseline -0.002 -13"><span class='ocrx_word' id='word_1_171' title='bbox 134 2305 230 2369; x_wconf 77' lang='lat' dir='ltr'><strong>rote.</strong></span> <span class='ocrx_word' id='word_1_172' title='bbox 243 2336 285 2348; x_wconf 94' lang='lat'><em>-</em></span> <span class='ocrx_word' id='word_1_173' title='bbox 295 2303 426 2380; x_wconf 86' lang='lat' dir='ltr'><strong>Corpora</strong></span> <span class='ocrx_word' id='word_1_174' title='bbox 439 2299 576 2368; x_wconf 85' lang='lat' dir='ltr'><strong>fidelium</strong></span> <span class='ocrx_word' id='word_1_175' title='bbox 590 2299 806 2366; x_wconf 83' lang='lat' dir='ltr'><strong>defunctorum</strong></span> <span class='ocrx_word' id='word_1_176' title='bbox 821 2319 858 2364; x_wconf 81' lang='lat' dir='ltr'><strong>en</strong></span> <span class='ocrx_word' id='word_1_177' title='bbox 871 2307 1018 2382; x_wconf 78' lang='lat' dir='ltr'><strong>precepto</strong></span> <span class='ocrx_word' id='word_1_178' title='bbox 1029 2299 1170 2370; x_wconf 74' lang='lat' dir='ltr'><strong>narona</strong></span> <span class='ocrx_word' id='word_1_179' title='bbox 1182 2301 1217 2369; x_wconf 89' lang='lat' dir='ltr'><strong>in</strong></span> <span class='ocrx_word' id='word_1_180' title='bbox 1226 2303 1294 2366; x_wconf 52' lang='lat' dir='ltr'><strong>»loco</strong></span> <span class='ocrx_word' id='word_1_181' title='bbox 1307 2321 1378 2367; x_wconf 85' lang='lat' dir='ltr'><strong>san-</strong></span> 
     </span>
     <span class='ocr_line' id='line_1_23' title="bbox 94 2388 1376 2470; baseline -0.005 -14"><span class='ocrx_word' id='word_1_182' title='bbox 94 2399 143 2456; x_wconf 90' lang='lat' dir='ltr'><strong>cto</strong></span> <span class='ocrx_word' id='word_1_183' title='bbox 168 2393 209 2454; x_wconf 90' lang='lat' dir='ltr'><strong>ad</strong></span> <span class='ocrx_word' id='word_1_184' title='bbox 234 2389 290 2454; x_wconf 90' lang='lat' dir='ltr'><strong>hoc</strong></span> <span class='ocrx_word' id='word_1_185' title='bbox 313 2388 472 2452; x_wconf 87' lang='lat' dir='ltr'><strong>benedicto</strong></span> <span class='ocrx_word' id='word_1_186' title='bbox 492 2393 523 2452; x_wconf 91' lang='lat' dir='ltr'><strong>et</strong></span> <span class='ocrx_word' id='word_1_187' title='bbox 545 2397 731 2463; x_wconf 86' lang='lat' dir='ltr'><strong>consecrato,</strong></span> <span class='ocrx_word' id='word_1_188' title='bbox 749 2395 803 2452; x_wconf 89' lang='lat' dir='ltr'><strong>aut</strong></span> <span class='ocrx_word' id='word_1_189' title='bbox 825 2389 860 2451; x_wconf 87' lang='lat' dir='ltr'><strong>in</strong></span> <span class='ocrx_word' id='word_1_190' title='bbox 876 2389 944 2468; x_wconf 90' lang='lat' dir='ltr'><strong>ipsa</strong></span> <span class='ocrx_word' id='word_1_191' title='bbox 961 2389 1085 2456; x_wconf 82' lang='lat' dir='ltr'><strong>eeclesia</strong></span> <span class='ocrx_word' id='word_1_192' title='bbox 1099 2391 1269 2470; x_wconf 83' lang='lat' dir='ltr'><strong>sepelienda</strong></span> <span class='ocrx_word' id='word_1_193' title='bbox 1292 2397 1376 2454; x_wconf 86' lang='lat' dir='ltr'><strong>sunt.</strong></span> 
     </span>
     <span class='ocr_line' id='line_1_24' title="bbox 97 2477 1380 2558; baseline -0.003 -14"><span class='ocrx_word' id='word_1_194' title='bbox 97 2480 157 2558; x_wconf 82' lang='lat' dir='ltr'><strong>eri</strong></span> <span class='ocrx_word' id='word_1_195' title='bbox 170 2485 279 2543; x_wconf 85' lang='lat' dir='ltr'><strong>antem</strong></span> <span class='ocrx_word' id='word_1_196' title='bbox 293 2497 356 2542; x_wconf 89' lang='lat' dir='ltr'><strong>non</strong></span> <span class='ocrx_word' id='word_1_197' title='bbox 369 2477 526 2558; x_wconf 78' lang='lat' dir='ltr'><strong>pertinent</strong></span> <span class='ocrx_word' id='word_1_198' title='bbox 538 2478 577 2540; x_wconf 89' lang='lat' dir='ltr'><strong>ad</strong></span> <span class='ocrx_word' id='word_1_199' title='bbox 587 2477 754 2540; x_wconf 85' lang='lat' dir='ltr'><strong>Ecclesiam</strong></span> <span class='ocrx_word' id='word_1_200' title='bbox 764 2477 890 2554; x_wconf 84' lang='lat' dir='ltr'><strong>Christi,</strong></span> <span class='ocrx_word' id='word_1_201' title='bbox 903 2497 957 2540; x_wconf 90' lang='lat' dir='ltr'><strong>nec</strong></span> <span class='ocrx_word' id='word_1_202' title='bbox 967 2495 1053 2541; x_wconf 88' lang='lat' dir='ltr'><strong>more</strong></span> <span class='ocrx_word' id='word_1_203' title='bbox 1066 2479 1265 2543; x_wconf 71' lang='lat' dir='ltr'><strong>eodeuastico</strong></span> <span class='ocrx_word' id='word_1_204' title='bbox 1279 2497 1335 2545; x_wconf 85' lang='lat' dir='ltr'><strong>nec</strong></span> <span class='ocrx_word' id='word_1_205' title='bbox 1346 2477 1380 2540; x_wconf 91' lang='lat' dir='ltr'><strong>in</strong></span> 
     </span>
     <span class='ocr_line' id='line_1_25' title="bbox 95 2565 1381 2648; baseline -0.003 -16"><span class='ocrx_word' id='word_1_206' title='bbox 95 2571 160 2632; x_wconf 90' lang='lat' dir='ltr'><strong>loco</strong></span> <span class='ocrx_word' id='word_1_207' title='bbox 183 2574 305 2644; x_wconf 87' lang='lat' dir='ltr'><strong>sancto,</strong></span> <span class='ocrx_word' id='word_1_208' title='bbox 323 2565 444 2648; x_wconf 88' lang='lat' dir='ltr'><strong>sepeliri</strong></span> <span class='ocrx_word' id='word_1_209' title='bbox 461 2573 603 2648; x_wconf 89' lang='lat' dir='ltr'><strong>possunt.</strong></span> <span class='ocrx_word' id='word_1_210' title='bbox 620 2566 803 2646; x_wconf 80' lang='lat' dir='ltr'><strong>Denegauda</strong></span> <span class='ocrx_word' id='word_1_211' title='bbox 821 2574 867 2630; x_wconf 90' lang='lat' dir='ltr'><strong>est</strong></span> <span class='ocrx_word' id='word_1_212' title='bbox 886 2567 1045 2648; x_wconf 77' lang='lat' dir='ltr'><strong>sepultura</strong></span> <span class='ocrx_word' id='word_1_213' title='bbox 1065 2567 1265 2634; x_wconf 72' lang='lat' dir='ltr'><strong>acclamastica</strong></span> <span class='ocrx_word' id='word_1_214' title='bbox 1284 2567 1381 2632; x_wconf 87' lang='lat' dir='ltr'><strong>etiam</strong></span> 
     </span>
     <span class='ocr_line' id='line_1_26' title="bbox 98 2654 1378 2735; baseline -0.005 -13"><span class='ocrx_word' id='word_1_215' title='bbox 98 2656 288 2722; x_wconf 87' lang='lat' dir='ltr'><strong>Christianis</strong></span> <span class='ocrx_word' id='word_1_216' title='bbox 303 2656 357 2735; x_wconf 89' lang='lat' dir='ltr'><strong>qui</strong></span> <span class='ocrx_word' id='word_1_217' title='bbox 371 2674 406 2718; x_wconf 86' lang='lat' dir='ltr'><strong>aa</strong></span> <span class='ocrx_word' id='word_1_218' title='bbox 419 2655 543 2735; x_wconf 78' lang='lat' dir='ltr'><strong>indigni</strong></span> <span class='ocrx_word' id='word_1_219' title='bbox 556 2654 617 2718; x_wconf 85' lang='lat' dir='ltr'><strong>risi</strong></span> <span class='ocrx_word' id='word_1_220' title='bbox 631 2663 716 2729; x_wconf 89' lang='lat' dir='ltr'><strong>sunt,</strong></span> <span class='ocrx_word' id='word_1_221' title='bbox 732 2661 890 2734; x_wconf 85' lang='lat' dir='ltr'><strong>propterea</strong></span> <span class='ocrx_word' id='word_1_222' title='bbox 903 2655 984 2735; x_wconf 88' lang='lat' dir='ltr'><strong>quod</strong></span> <span class='ocrx_word' id='word_1_223' title='bbox 994 2661 1049 2718; x_wconf 90' lang='lat' dir='ltr'><strong>aut</strong></span> <span class='ocrx_word' id='word_1_224' title='bbox 1058 2655 1150 2718; x_wconf 88' lang='lat' dir='ltr'><strong>fidem</strong></span> <span class='ocrx_word' id='word_1_225' title='bbox 1165 2657 1378 2729; x_wconf 85' lang='lat' dir='ltr'><strong>deseruerunt,</strong></span> 
     </span>
     <span class='ocr_line' id='line_1_27' title="bbox 97 2741 1381 2818; baseline -0.006 -8"><span class='ocrx_word' id='word_1_226' title='bbox 97 2755 156 2812; x_wconf 89' lang='lat' dir='ltr'><strong>aut</strong></span> <span class='ocrx_word' id='word_1_227' title='bbox 177 2747 214 2808; x_wconf 91' lang='lat' dir='ltr'><strong>in</strong></span> <span class='ocrx_word' id='word_1_228' title='bbox 235 2744 427 2805; x_wconf 88' lang='lat' dir='ltr'><strong>contumacia</strong></span> <span class='ocrx_word' id='word_1_229' title='bbox 448 2747 478 2802; x_wconf 89' lang='lat' dir='ltr'><strong>et</strong></span> <span class='ocrx_word' id='word_1_230' title='bbox 501 2741 730 2818; x_wconf 83' lang='lat' dir='ltr'><strong>impoenitentia</strong></span> <span class='ocrx_word' id='word_1_231' title='bbox 751 2759 767 2800; x_wconf 89' lang='lat' dir='ltr'><strong>c</strong></span> <span class='ocrx_word' id='word_1_232' title='bbox 786 2741 865 2802; x_wconf 82' lang='lat' dir='ltr'><strong>rivis</strong></span> <span class='ocrx_word' id='word_1_233' title='bbox 885 2749 1094 2813; x_wconf 75' lang='lat' dir='ltr'><strong>excesserint,</strong></span> <span class='ocrx_word' id='word_1_234' title='bbox 1114 2742 1162 2802; x_wconf 83' lang='lat' dir='ltr'><strong>vol</strong></span> <span class='ocrx_word' id='word_1_235' title='bbox 1182 2742 1238 2804; x_wconf 85' lang='lat' dir='ltr'><strong>filii</strong></span> <span class='ocrx_word' id='word_1_236' title='bbox 1259 2742 1381 2804; x_wconf 84' lang='lat' dir='ltr'><strong>rebelles</strong></span> 
     </span>
     <span class='ocr_line' id='line_1_28' title="bbox 99 2825 1330 2904; baseline -0.003 -10"><span class='ocrx_word' id='word_1_237' title='bbox 99 2835 199 2904; x_wconf 85' lang='lat' dir='ltr'><strong>fuere,</strong></span> <span class='ocrx_word' id='word_1_238' title='bbox 217 2835 253 2890; x_wconf 87' lang='lat' dir='ltr'><strong>ut</strong></span> <span class='ocrx_word' id='word_1_239' title='bbox 268 2833 386 2888; x_wconf 87' lang='lat' dir='ltr'><strong>constat</strong></span> <span class='ocrx_word' id='word_1_240' title='bbox 401 2845 438 2888; x_wconf 83' lang='lat' dir='ltr'><strong>en</strong></span> <span class='ocrx_word' id='word_1_241' title='bbox 452 2826 540 2888; x_wconf 88' lang='lat' dir='ltr'><strong>dictis</strong></span> <span class='ocrx_word' id='word_1_242' title='bbox 554 2828 591 2886; x_wconf 89' lang='lat' dir='ltr'><strong>de</strong></span> <span class='ocrx_word' id='word_1_243' title='bbox 608 2826 765 2887; x_wconf 83' lang='lat' dir='ltr'><strong>effectibus</strong></span> <span class='ocrx_word' id='word_1_244' title='bbox 777 2825 1105 2888; x_wconf 79' lang='lat' dir='ltr'><strong>excommunicationis</strong></span> <span class='ocrx_word' id='word_1_245' title='bbox 1119 2834 1151 2888; x_wconf 90' lang='lat' dir='ltr'><strong>et</strong></span> <span class='ocrx_word' id='word_1_246' title='bbox 1161 2827 1330 2892; x_wconf 82' lang='lat' dir='ltr'><strong>interdicti.</strong></span> 
     </span>
    </p>
   </div>
   <div class='ocr_carea' id='block_1_5' title="bbox 226 2969 425 3050">
    <p class='ocr_par' dir='ltr' id='par_1_11' title="bbox 226 2969 425 3050">
     <span class='ocr_line' id='line_1_29' title="bbox 226 2969 425 3050; baseline 0.005 -16"><span class='ocrx_word' id='word_1_247' title='bbox 226 2969 425 3050; x_wconf 79' lang='lat' dir='ltr'><strong>Quaesitc.</strong></span> 
     </span>
    </p>
   </div>
   <div class='ocr_carea' id='block_1_6' title="bbox 104 3097 1390 4142">
    <p class='ocr_par' dir='ltr' id='par_1_12' title="bbox 146 3097 1254 3180">
     <span class='ocr_line' id='line_1_30' title="bbox 146 3097 1254 3180; baseline -0.003 -12"><span class='ocrx_word' id='word_1_248' title='bbox 146 3107 237 3170; x_wconf 77' lang='grc'><strong>1050.</strong></span> <span class='ocrx_word' id='word_1_249' title='bbox 255 3138 294 3147; x_wconf 89' lang='lat'>-</span> <span class='ocrx_word' id='word_1_250' title='bbox 309 3104 411 3176; x_wconf 69' lang='lat' dir='ltr'><strong>Quinc.</strong></span> <span class='ocrx_word' id='word_1_251' title='bbox 429 3104 461 3161; x_wconf 76' lang='lat'><strong>1⁰</strong></span> <span class='ocrx_word' id='word_1_252' title='bbox 478 3097 843 3180; x_wconf 70' lang='lat' dir='ltr'><strong>Quinamprnoandisint</strong></span> <span class='ocrx_word' id='word_1_253' title='bbox 855 3098 1017 3179; x_wconf 76' lang='lat' dir='ltr'><strong>sepultura</strong></span> <span class='ocrx_word' id='word_1_254' title='bbox 1030 3099 1254 3165; x_wconf 69' lang='lat' dir='ltr'><strong>materiatura?</strong></span> 
     </span>
    </p>

    <p class='ocr_par' dir='ltr' id='par_1_13' title="bbox 143 3185 856 3274">
     <span class='ocr_line' id='line_1_31' title="bbox 143 3185 856 3274; baseline -0.013 -16"><span class='ocrx_word' id='word_1_255' title='bbox 143 3191 239 3274; x_wconf 81' lang='lat' dir='ltr'><strong>Bcsp.</strong></span> <span class='ocrx_word' id='word_1_256' title='bbox 252 3211 264 3254; x_wconf 92' lang='lat'><strong>.·</strong></span> <span class='ocrx_word' id='word_1_257' title='bbox 278 3193 320 3254; x_wconf 87' lang='lat' dir='ltr'><strong>De</strong></span> <span class='ocrx_word' id='word_1_258' title='bbox 329 3191 399 3270; x_wconf 89' lang='lat' dir='ltr'><strong>jure</strong></span> <span class='ocrx_word' id='word_1_259' title='bbox 413 3185 573 3250; x_wconf 87' lang='lat' dir='ltr'><strong>communi</strong></span> <span class='ocrx_word' id='word_1_260' title='bbox 586 3194 660 3250; x_wconf 90' lang='lat' dir='ltr'><strong>sunt</strong></span> <span class='ocrx_word' id='word_1_261' title='bbox 674 3192 856 3268; x_wconf 85' lang='lat' dir='ltr'><strong>soquentes:</strong></span> 
     </span>
    </p>

    <p class='ocr_par' dir='ltr' id='par_1_14' title="bbox 104 3274 1385 3446">
     <span class='ocr_line' id='line_1_32' title="bbox 146 3274 1385 3362; baseline -0.002 -19"><span class='ocrx_word' id='word_1_262' title='bbox 146 3288 182 3343; x_wconf 84' lang='lat' dir='ltr'><strong>l⁰</strong></span> <span class='ocrx_word' id='word_1_263' title='bbox 199 3277 342 3362; x_wconf 83' lang='lat' dir='ltr'><strong>Infideles</strong></span> <span class='ocrx_word' id='word_1_264' title='bbox 358 3295 475 3352; x_wconf 89' lang='lat' dir='ltr'><strong>omnes,</strong></span> <span class='ocrx_word' id='word_1_265' title='bbox 494 3274 681 3357; x_wconf 88' lang='lat' dir='ltr'><strong>quicumque</strong></span> <span class='ocrx_word' id='word_1_266' title='bbox 699 3275 778 3350; x_wconf 89' lang='lat' dir='ltr'><strong>sint,</strong></span> <span class='ocrx_word' id='word_1_267' title='bbox 795 3275 859 3338; x_wconf 85' lang='lat' dir='ltr'><strong>sire</strong></span> <span class='ocrx_word' id='word_1_268' title='bbox 873 3275 999 3355; x_wconf 80' lang='lat' dir='ltr'><strong>pagani,</strong></span> <span class='ocrx_word' id='word_1_269' title='bbox 1020 3276 1083 3340; x_wconf 86' lang='lat' dir='ltr'><strong>sire</strong></span> <span class='ocrx_word' id='word_1_270' title='bbox 1096 3276 1211 3352; x_wconf 75' lang='lat' dir='ltr'><strong>ludaei,</strong></span> <span class='ocrx_word' id='word_1_271' title='bbox 1228 3279 1385 3346; x_wconf 73' lang='lat' dir='ltr'><strong>hlahurm-</strong></span> 
     </span>
     <span class='ocr_line' id='line_1_33' title="bbox 104 3364 920 3446; baseline -0.009 -11"><span class='ocrx_word' id='word_1_272' title='bbox 104 3368 190 3446; x_wconf 83' lang='lat' dir='ltr'><strong>tani‚</strong></span> <span class='ocrx_word' id='word_1_273' title='bbox 207 3367 272 3436; x_wconf 87' lang='lat' dir='ltr'><strong>sive</strong></span> <span class='ocrx_word' id='word_1_274' title='bbox 287 3367 382 3432; x_wconf 86' lang='lat' dir='ltr'><strong>etiarn</strong></span> <span class='ocrx_word' id='word_1_275' title='bbox 396 3365 528 3430; x_wconf 76' lang='lat' dir='ltr'><strong>munus</strong></span> <span class='ocrx_word' id='word_1_276' title='bbox 543 3364 609 3430; x_wconf 88' lang='lat' dir='ltr'><strong>sino</strong></span> <span class='ocrx_word' id='word_1_277' title='bbox 624 3364 779 3446; x_wconf 87' lang='lat' dir='ltr'><strong>Baptismo</strong></span> <span class='ocrx_word' id='word_1_278' title='bbox 796 3365 920 3431; x_wconf 87' lang='lat' dir='ltr'><strong>mortui.</strong></span> 
     </span>
    </p>

    <p class='ocr_par' dir='ltr' id='par_1_15' title="bbox 105 3453 1387 3718">
     <span class='ocr_line' id='line_1_34' title="bbox 145 3453 1386 3540; baseline -0.003 -18"><span class='ocrx_word' id='word_1_279' title='bbox 145 3463 182 3522; x_wconf 72' lang='lat'><strong>2⁰</strong></span> <span class='ocrx_word' id='word_1_280' title='bbox 196 3461 221 3520; x_wconf 88' lang='lat' dir='ltr'><em>A</em></span> <span class='ocrx_word' id='word_1_281' title='bbox 222 3467 357 3540; x_wconf 80' lang='lat' dir='ltr'><strong>postona</strong></span> <span class='ocrx_word' id='word_1_282' title='bbox 374 3453 571 3521; x_wconf 87' lang='lat' dir='ltr'><strong>achristianu</strong></span> <span class='ocrx_word' id='word_1_283' title='bbox 586 3453 670 3518; x_wconf 88' lang='lat' dir='ltr'><strong>Fido.</strong></span> <span class='ocrx_word' id='word_1_284' title='bbox 687 3453 894 3518; x_wconf 83' lang='lat' dir='ltr'><strong>Adnuruerari</strong></span> <span class='ocrx_word' id='word_1_285' title='bbox 912 3459 1016 3518; x_wconf 87' lang='lat' dir='ltr'><strong>autern</strong></span> <span class='ocrx_word' id='word_1_286' title='bbox 1037 3454 1149 3518; x_wconf 76' lang='lat' dir='ltr'><strong>dabam</strong></span> <span class='ocrx_word' id='word_1_287' title='bbox 1167 3454 1248 3518; x_wconf 89' lang='lat' dir='ltr'><strong>inter</strong></span> <span class='ocrx_word' id='word_1_288' title='bbox 1268 3462 1386 3536; x_wconf 85' lang='lat' dir='ltr'><strong>aposta-</strong></span> 
     </span>
     <span class='ocr_line' id='line_1_35' title="bbox 106 3541 1387 3626; baseline -0.005 -11"><span class='ocrx_word' id='word_1_289' title='bbox 106 3559 155 3615; x_wconf 84' lang='lat' dir='ltr'><strong>tas</strong></span> <span class='ocrx_word' id='word_1_290' title='bbox 171 3565 277 3613; x_wconf 85' lang='lat' dir='ltr'><strong>ornnes</strong></span> <span class='ocrx_word' id='word_1_291' title='bbox 288 3543 381 3626; x_wconf 83' lang='lat' dir='ltr'><strong>impii</strong></span> <span class='ocrx_word' id='word_1_292' title='bbox 393 3541 545 3619; x_wconf 86' lang='lat' dir='ltr'><strong>homines,</strong></span> <span class='ocrx_word' id='word_1_293' title='bbox 562 3542 618 3626; x_wconf 91' lang='lat' dir='ltr'><strong>qui</strong></span> <span class='ocrx_word' id='word_1_294' title='bbox 629 3542 751 3624; x_wconf 86' lang='lat' dir='ltr'><strong>scriptis</strong></span> <span class='ocrx_word' id='word_1_295' title='bbox 764 3541 964 3616; x_wconf 88' lang='lat' dir='ltr'><strong>atheismum,</strong></span> <span class='ocrx_word' id='word_1_296' title='bbox 981 3543 1387 3624; x_wconf 86' lang='lat' dir='ltr'><strong>deisnrum,pantheismu1n</strong></span> 
     </span>
     <span class='ocr_line' id='line_1_36' title="bbox 105 3629 1256 3718; baseline -0.005 -17"><span class='ocrx_word' id='word_1_297' title='bbox 105 3639 229 3708; x_wconf 86' lang='lat' dir='ltr'><strong>docent,</strong></span> <span class='ocrx_word' id='word_1_298' title='bbox 243 3652 298 3697; x_wconf 90' lang='lat' dir='ltr'><strong>seu</strong></span> <span class='ocrx_word' id='word_1_299' title='bbox 309 3651 371 3699; x_wconf 90' lang='lat' dir='ltr'><strong>uno</strong></span> <span class='ocrx_word' id='word_1_300' title='bbox 384 3631 475 3697; x_wconf 84' lang='lat' dir='ltr'><strong>verho</strong></span> <span class='ocrx_word' id='word_1_301' title='bbox 487 3633 675 3718; x_wconf 87' lang='lat' dir='ltr'><strong>quicumque</strong></span> <span class='ocrx_word' id='word_1_302' title='bbox 689 3629 890 3696; x_wconf 87' lang='lat' dir='ltr'><strong>christianam</strong></span> <span class='ocrx_word' id='word_1_303' title='bbox 905 3631 1120 3698; x_wconf 84' lang='lat' dir='ltr'><strong>revelationem</strong></span> <span class='ocrx_word' id='word_1_304' title='bbox 1134 3640 1256 3713; x_wconf 81' lang='lat' dir='ltr'><strong>negant.</strong></span> 
     </span>
    </p>

    <p class='ocr_par' dir='ltr' id='par_1_16' title="bbox 106 3719 1387 3892">
     <span class='ocr_line' id='line_1_37' title="bbox 150 3719 1387 3804; baseline 0 -18"><span class='ocrx_word' id='word_1_305' title='bbox 150 3728 183 3786; x_wconf 84' lang='lat'><strong>3⁰</strong></span> <span class='ocrx_word' id='word_1_306' title='bbox 198 3721 362 3800; x_wconf 74' lang='lat' dir='ltr'><strong>Haeretici,</strong></span> <span class='ocrx_word' id='word_1_307' title='bbox 380 3721 434 3804; x_wconf 90' lang='lat' dir='ltr'><strong>qui</strong></span> <span class='ocrx_word' id='word_1_308' title='bbox 449 3739 565 3786; x_wconf 89' lang='lat' dir='ltr'><strong>errores</strong></span> <span class='ocrx_word' id='word_1_309' title='bbox 579 3739 651 3788; x_wconf 87' lang='lat' dir='ltr'><strong>suos</strong></span> <span class='ocrx_word' id='word_1_310' title='bbox 669 3721 772 3802; x_wconf 84' lang='lat' dir='ltr'><strong>palam</strong></span> <span class='ocrx_word' id='word_1_311' title='bbox 790 3719 981 3800; x_wconf 85' lang='lat' dir='ltr'><strong>profitentur,</strong></span> <span class='ocrx_word' id='word_1_312' title='bbox 998 3739 1166 3803; x_wconf 83' lang='lat' dir='ltr'><strong>eorumque</strong></span> <span class='ocrx_word' id='word_1_313' title='bbox 1180 3720 1314 3786; x_wconf 87' lang='lat' dir='ltr'><strong>fautores</strong></span> <span class='ocrx_word' id='word_1_314' title='bbox 1334 3741 1387 3786; x_wconf 89' lang='lat' dir='ltr'><strong>no-</strong></span> 
     </span>
     <span class='ocr_line' id='line_1_38' title="bbox 106 3808 685 3892; baseline -0.017 -12"><span class='ocrx_word' id='word_1_315' title='bbox 106 3810 198 3888; x_wconf 88' lang='lat' dir='ltr'><strong>torii,</strong></span> <span class='ocrx_word' id='word_1_316' title='bbox 215 3829 269 3874; x_wconf 87' lang='lat' dir='ltr'><strong>nec</strong></span> <span class='ocrx_word' id='word_1_317' title='bbox 284 3829 346 3876; x_wconf 88' lang='lat' dir='ltr'><strong>non</strong></span> <span class='ocrx_word' id='word_1_318' title='bbox 359 3809 546 3875; x_wconf 83' lang='lat' dir='ltr'><strong>schismatici</strong></span> <span class='ocrx_word' id='word_1_319' title='bbox 561 3808 685 3892; x_wconf 82' lang='lat' dir='ltr'><strong>publici.</strong></span> 
     </span>
    </p>

    <p class='ocr_par' dir='ltr' id='par_1_17' title="bbox 106 3897 1390 4142">
     <span class='ocr_line' id='line_1_39' title="bbox 151 3897 1390 3980; baseline 0 -18"><span class='ocrx_word' id='word_1_320' title='bbox 151 3904 185 3962; x_wconf 82' lang='lat' dir='ltr'><strong>t⁰</strong></span> <span class='ocrx_word' id='word_1_321' title='bbox 198 3899 474 3961; x_wconf 81' lang='lat' dir='ltr'><strong>Excomonunicati</strong></span> <span class='ocrx_word' id='word_1_322' title='bbox 483 3897 646 3980; x_wconf 77' lang='lat' dir='ltr'><strong>pelliciat</strong></span> <span class='ocrx_word' id='word_1_323' title='bbox 660 3900 790 3973; x_wconf 82' lang='lat' dir='ltr'><strong>notorii,</strong></span> <span class='ocrx_word' id='word_1_324' title='bbox 809 3905 839 3960; x_wconf 88' lang='lat' dir='ltr'><strong>et</strong></span> <span class='ocrx_word' id='word_1_325' title='bbox 853 3898 1012 3959; x_wconf 82' lang='lat' dir='ltr'><strong>interdicti</strong></span> <span class='ocrx_word' id='word_1_326' title='bbox 1025 3899 1217 3977; x_wconf 77' lang='lat' dir='ltr'><strong>nominatior,</strong></span> <span class='ocrx_word' id='word_1_327' title='bbox 1234 3899 1262 3965; x_wconf 88' lang='lat' dir='ltr'><strong>si</strong></span> <span class='ocrx_word' id='word_1_328' title='bbox 1275 3899 1390 3980; x_wconf 76' lang='lat' dir='ltr'><strong>ubsque</strong></span> 
     </span>
     <span class='ocr_line' id='line_1_40' title="bbox 106 3985 1390 4073; baseline -0.001 -21"><span class='ocrx_word' id='word_1_329' title='bbox 106 3987 302 4073; x_wconf 81' lang='lat' dir='ltr'><strong>poenitentiae</strong></span> <span class='ocrx_word' id='word_1_330' title='bbox 316 3987 412 4067; x_wconf 80' lang='lat' dir='ltr'><strong>signis</strong></span> <span class='ocrx_word' id='word_1_331' title='bbox 427 3985 620 4060; x_wconf 88' lang='lat' dir='ltr'><strong>decesserint,</strong></span> <span class='ocrx_word' id='word_1_332' title='bbox 635 4004 690 4050; x_wconf 92' lang='lat' dir='ltr'><strong>neo</strong></span> <span class='ocrx_word' id='word_1_333' title='bbox 702 3992 811 4050; x_wconf 80' lang='lat' dir='ltr'><strong>votum</strong></span> <span class='ocrx_word' id='word_1_334' title='bbox 825 3985 925 4048; x_wconf 88' lang='lat' dir='ltr'><strong>ullum</strong></span> <span class='ocrx_word' id='word_1_335' title='bbox 939 3986 1191 4050; x_wconf 84' lang='lat' dir='ltr'><strong>reconciliationis</strong></span> <span class='ocrx_word' id='word_1_336' title='bbox 1206 4006 1278 4049; x_wconf 90' lang='lat' dir='ltr'><strong>oum</strong></span> <span class='ocrx_word' id='word_1_337' title='bbox 1292 3989 1390 4051; x_wconf 84' lang='lat' dir='ltr'><strong>Eccle-</strong></span> 
     </span>
     <span class='ocr_line' id='line_1_41' title="bbox 108 4074 452 4142; baseline -0.015 -1"><span class='ocrx_word' id='word_1_338' title='bbox 108 4079 160 4142; x_wconf 85' lang='lat' dir='ltr'><strong>sia</strong></span> <span class='ocrx_word' id='word_1_339' title='bbox 173 4074 452 4140; x_wconf 83' lang='lat' dir='ltr'><strong>manifestaverint.</strong></span> 
     </span>
    </p>
   </div>
   <div class='ocr_carea' id='block_1_7' title="bbox 109 4163 1395 4496">
    <p class='ocr_par' dir='ltr' id='par_1_18' title="bbox 109 4163 1395 4496">
     <span class='ocr_line' id='line_1_42' title="bbox 154 4163 1388 4247; baseline -0.002 -18"><span class='ocrx_word' id='word_1_340' title='bbox 154 4171 186 4229; x_wconf 79' lang='lat'><strong>50</strong></span> <span class='ocrx_word' id='word_1_341' title='bbox 201 4163 351 4241; x_wconf 80' lang='lat' dir='ltr'><strong>Sutoidoe,</strong></span> <span class='ocrx_word' id='word_1_342' title='bbox 365 4163 420 4244; x_wconf 90' lang='lat' dir='ltr'><strong>qui</strong></span> <span class='ocrx_word' id='word_1_343' title='bbox 436 4163 494 4226; x_wconf 89' lang='lat' dir='ltr'><strong>sihi</strong></span> <span class='ocrx_word' id='word_1_344' title='bbox 510 4169 641 4226; x_wconf 89' lang='lat' dir='ltr'><strong>mortem</strong></span> <span class='ocrx_word' id='word_1_345' title='bbox 653 4163 836 4239; x_wconf 84' lang='lat' dir='ltr'><strong>intulerunt,</strong></span> <span class='ocrx_word' id='word_1_346' title='bbox 853 4164 901 4226; x_wconf 91' lang='lat' dir='ltr'><strong>ira</strong></span> <span class='ocrx_word' id='word_1_347' title='bbox 912 4169 967 4230; x_wconf 88' lang='lat' dir='ltr'><strong>aut</strong></span> <span class='ocrx_word' id='word_1_348' title='bbox 981 4165 1189 4244; x_wconf 82' lang='lat' dir='ltr'><strong>desperatione</strong></span> <span class='ocrx_word' id='word_1_349' title='bbox 1202 4167 1388 4247; x_wconf 86' lang='lat' dir='ltr'><strong>impellente,</strong></span> 
     </span>
     <span class='ocr_line' id='line_1_43' title="bbox 109 4251 1393 4334; baseline -0.003 -15"><span class='ocrx_word' id='word_1_350' title='bbox 109 4255 177 4320; x_wconf 89' lang='lat' dir='ltr'><strong>nisi</strong></span> <span class='ocrx_word' id='word_1_351' title='bbox 196 4253 284 4333; x_wconf 84' lang='lat' dir='ltr'><strong>signa</strong></span> <span class='ocrx_word' id='word_1_352' title='bbox 300 4251 489 4333; x_wconf 70' lang='lat' dir='ltr'><strong>peonitentia</strong></span> <span class='ocrx_word' id='word_1_353' title='bbox 507 4255 562 4314; x_wconf 92' lang='lat' dir='ltr'><strong>aut</strong></span> <span class='ocrx_word' id='word_1_354' title='bbox 581 4252 724 4315; x_wconf 80' lang='lat' dir='ltr'><strong>amentiae</strong></span> <span class='ocrx_word' id='word_1_355' title='bbox 744 4251 891 4315; x_wconf 89' lang='lat' dir='ltr'><strong>dederint.</strong></span> <span class='ocrx_word' id='word_1_356' title='bbox 904 4257 971 4316; x_wconf 90' lang='lat' dir='ltr'><strong>Non</strong></span> <span class='ocrx_word' id='word_1_357' title='bbox 990 4253 1157 4333; x_wconf 78' lang='lat' dir='ltr'><strong>denegatur</strong></span> <span class='ocrx_word' id='word_1_358' title='bbox 1175 4261 1280 4318; x_wconf 89' lang='lat' dir='ltr'><strong>autern</strong></span> <span class='ocrx_word' id='word_1_359' title='bbox 1295 4254 1393 4334; x_wconf 90' lang='lat' dir='ltr'><strong>sepul-</strong></span> 
     </span>
     <span class='ocr_line' id='line_1_44' title="bbox 114 4339 1395 4424; baseline -0.002 -17"><span class='ocrx_word' id='word_1_360' title='bbox 114 4351 188 4407; x_wconf 86' lang='lat' dir='ltr'><strong>tura</strong></span> <span class='ocrx_word' id='word_1_361' title='bbox 207 4341 246 4403; x_wconf 91' lang='lat' dir='ltr'><strong>iis</strong></span> <span class='ocrx_word' id='word_1_362' title='bbox 267 4340 323 4424; x_wconf 91' lang='lat' dir='ltr'><strong>qui</strong></span> <span class='ocrx_word' id='word_1_363' title='bbox 343 4341 379 4402; x_wconf 93' lang='lat' dir='ltr'><strong>in</strong></span> <span class='ocrx_word' id='word_1_364' title='bbox 400 4344 483 4404; x_wconf 90' lang='lat' dir='ltr'><strong>statu</strong></span> <span class='ocrx_word' id='word_1_365' title='bbox 501 4339 659 4421; x_wconf 88' lang='lat' dir='ltr'><strong>phrenesis</strong></span> <span class='ocrx_word' id='word_1_366' title='bbox 680 4346 734 4403; x_wconf 89' lang='lat' dir='ltr'><strong>aut</strong></span> <span class='ocrx_word' id='word_1_367' title='bbox 753 4340 788 4402; x_wconf 90' lang='lat' dir='ltr'><strong>in</strong></span> <span class='ocrx_word' id='word_1_368' title='bbox 807 4340 866 4402; x_wconf 87' lang='lat' dir='ltr'><strong>alio</strong></span> <span class='ocrx_word' id='word_1_369' title='bbox 888 4340 987 4404; x_wconf 89' lang='lat' dir='ltr'><strong>morbi</strong></span> <span class='ocrx_word' id='word_1_370' title='bbox 1006 4359 1131 4406; x_wconf 86' lang='lat' dir='ltr'><strong>excessu</strong></span> <span class='ocrx_word' id='word_1_371' title='bbox 1150 4343 1263 4422; x_wconf 88' lang='lat' dir='ltr'><strong>seipsos</strong></span> <span class='ocrx_word' id='word_1_372' title='bbox 1282 4342 1395 4406; x_wconf 87' lang='lat' dir='ltr'><strong>occide·</strong></span> 
     </span>
     <span class='ocr_line' id='line_1_45' title="bbox 114 4438 929 4496; baseline -0.001 0"><span class='ocrx_word' id='word_1_373' title='bbox 114 4438 203 4496; x_wconf 83' lang='lat' dir='ltr'><strong>runt.</strong></span> <span class='ocrx_word' id='word_1_374' title='bbox 927 4443 929 4447; x_wconf 84' lang='grc'><strong><em>·</em></strong></span> 
     </span>
    </p>
   </div>
   <div class='ocr_carea' id='block_1_8' title="bbox 161 4520 1397 4604">
    <p class='ocr_par' dir='ltr' id='par_1_19' title="bbox 161 4520 1397 4604">
     <span class='ocr_line' id='line_1_46' title="bbox 161 4520 1397 4604; baseline -0.002 -21"><span class='ocrx_word' id='word_1_375' title='bbox 161 4525 248 4586; x_wconf 87' lang='grc'><strong>1060.</strong></span> <span class='ocrx_word' id='word_1_376' title='bbox 265 4557 304 4570; x_wconf 87' lang='grc'><strong>--</strong></span> <span class='ocrx_word' id='word_1_377' title='bbox 319 4526 353 4585; x_wconf 81' lang='lat'><strong>6⁰</strong></span> <span class='ocrx_word' id='word_1_378' title='bbox 372 4520 550 4584; x_wconf 83' lang='lat' dir='ltr'><strong>Duellantes</strong></span> <span class='ocrx_word' id='word_1_379' title='bbox 574 4521 601 4584; x_wconf 87' lang='lat' dir='ltr'><strong>si</strong></span> <span class='ocrx_word' id='word_1_380' title='bbox 628 4522 661 4583; x_wconf 83' lang='lat' dir='ltr'><strong>in</strong></span> <span class='ocrx_word' id='word_1_381' title='bbox 687 4525 753 4604; x_wconf 84' lang='lat' dir='ltr'><strong>ipsc</strong></span> <span class='ocrx_word' id='word_1_382' title='bbox 777 4521 923 4604; x_wconf 79' lang='lat' dir='ltr'><strong>conflicta</strong></span> <span class='ocrx_word' id='word_1_383' title='bbox 948 4520 1103 4602; x_wconf 88' lang='lat' dir='ltr'><strong>perierint.</strong></span> <span class='ocrx_word' id='word_1_384' title='bbox 1121 4557 1159 4569; x_wconf 90' lang='lat'>-</span> <span class='ocrx_word' id='word_1_385' title='bbox 1180 4520 1274 4585; x_wconf 80' lang='lat' dir='ltr'><strong>Cone.</strong></span> <span class='ocrx_word' id='word_1_386' title='bbox 1296 4520 1397 4599; x_wconf 72' lang='lat' dir='ltr'><strong>Tria,</strong></span> 
     </span>
    </p>
   </div>
   <div class='ocr_carea' id='block_1_9' title="bbox 0 0 1631 5040">
    <p class='ocr_par' dir='ltr' id='par_1_20' title="bbox 0 0 1631 5040">
     <span class='ocr_line' id='line_1_47' title="bbox 0 0 1631 5040; baseline 0 0"><span class='ocrx_word' id='word_1_387' title='bbox 0 0 1631 5040; x_wconf 95' lang='lat' dir='ltr'><strong> </strong></span> 
     </span>
    </p>
   </div>
  </div>
 </body>
</html>
