3224 5044
483 181 690 225 rasurarus
716 182 758 224 nu
786 179 1013 226 unrsrnonro
1317 171 1380 231 341

108 298 203 361 lilius
221 295 326 358 nullus
349 294 390 356 sit
412 292 583 355 habendus.
610 291 698 354 Ratio
718 295 800 372 patet
822 310 860 352 ex
878 291 966 354 dictis
992 294 1039 354 de-
1053 301 1165 355 natura
1193 301 1367 359 contractus
1376 283 1388 370 ,¹

109 398 189 448 tom.
206 389 233 459 l,
249 406 279 444 a.
292 387 351 446 154
364 390 393 442 et
405 385 475 444 714.
1324 449 1329 459 ,

157 478 196 537 11.
217 471 374 553 sponsalia
393 471 495 532 volent
516 469 622 531 eodem
643 469 748 542 modo,
769 467 833 530 sive
855 470 917 531 sint
938 469 1084 532 solemnia
1104 489 1157 532 sen
1179 471 1388 548 εωίεεὶαειίεα,

112 565 183 627 sive
195 563 259 625 sint
269 564 394 642 priuata
408 577 462 620 seu
474 557 677 634 clandestina,
695 557 768 638 quia
782 575 947 621 consensus
961 559 1092 621 duorum
1104 558 1216 622 sufficit
1229 562 1267 624 ed
1279 581 1391 633 ¹verum
1445 583 1448 590 ’

112 656 323 724 contractum3
339 665 393 710 nec
407 665 545 728 unquam
560 646 691 708 Ecclesia
709 646 846 708 irritavit
861 645 1012 730 sponsalia
1026 647 1155 727 privata.
1174 651 1240 711 imo
1257 668 1340 713 nuuc
1357 651 1389 714 in

112 740 271 822 plerisque
283 737 354 799 locis
370 735 521 817 sponsalia
535 734 683 798 solemnia
696 734 730 797 iu
744 735 978 798 desuetudinem
993 735 1145 798 abierunt.

159 831 210 891 lll.
234 825 392 908 Sponsalia
411 825 491 887 inita
512 824 570 887 sub
591 823 763 886 conditione
783 823 820 884 de
838 825 984 906 prasenti
1000 824 1051 886 hic
1073 829 1104 888 et
1124 843 1208 888 nunc
1227 828 1344 898 valent,
1365 830 1392 890 si

115 916 254 981 conditio
276 915 317 977 sit
335 914 503 989 verificata;
525 913 552 975 si
572 919 678 974 autem
698 911 754 974 sub
774 912 946 974 conditione
970 912 1006 974 de
1027 914 1135 994 saturo
1156 916 1391 992 contrahantur,

118 1007 268 1070 valebunt
287 1004 394 1066 statim
415 1022 448 1065 ac
466 1001 599 1064 conditio
618 1000 850 1082 adimplebitur,
872 1001 985 1082 absque
1007 1020 1085 1064 novo
1106 1011 1394 1068 consensu-contra-

115 1094 281 1169 hentium,
299 1093 389 1156 modo
407 1097 516 1154 neuter
534 1107 718 1153 consensum
736 1095 826 1152 antea
845 1091 953 1152 datum
974 1090 1167 1153 revocaverit.
1188 1091 1306 1156 Interea
1324 1113 1395 1158 vero

117 1183 335 1248 contrahentes
355 1187 500 1244 tenentur
519 1179 557 1242 ad
577 1180 816 1258 exspectandum
839 1178 1022 1241 conditionis
1046 1179 1273 1260 impletionem,
1295 1183 1322 1246 si
1341 1184 1396 1246 ho-

118 1279 212 1336 nesta
229 1271 279 1334 sit.

163 1363 216 1424 lV.
240 1362 365 1436 Quando
377 1359 469 1422 verba
483 1359 529 1420 vel
545 1357 632 1437 signa
647 1365 722 1420 sunt
735 1357 844 1430 dubia,
858 1356 891 1419 iu
907 1357 971 1420 ioro
985 1359 1176 1422 conscientiae
1189 1361 1336 1423 standum
1351 1368 1396 1424 est

121 1449 291 1513 intentioni
311 1447 578 1522 contrahentium,
595 1445 621 1507 si
635 1447 672 1507 de
686 1445 738 1508 illa
756 1451 873 1508 constet
888 1465 894 1506 :
911 1447 946 1508 in
960 1453 1084 1510 externo
1102 1451 1223 1524 summ,
1240 1449 1395 1512 communi

120 1538 334 1618 intelligentie
347 1544 378 1600 ot
393 1536 496 1600 sensui
511 1535 684 1598 verborum.
702 1571 740 1580 -
755 1533 789 1595 S.
803 1535 886 1616 Lip,
904 1535 955 1598 lib.
971 1539 1026 1612 Vl,
1040 1558 1070 1598 n.
1086 1542 1156 1602 840.

229 1717 421 1793 Quaeslta.

168 1880 240 1938 Ι144.
251 1911 288 1920 -
305 1878 407 1950 Quae.
422 1880 455 1937 l⁰
470 1876 520 1934 Aa
533 1873 655 1934 valeant
667 1873 818 1953 sponsalia
833 1892 871 1933 ex
884 1881 964 1933 meta
977 1874 1066 1953 praei
1081 1874 1257 1936 contracta?
1362 1919 1371 1943 .

169 1965 263 2045 Resp.
276 1963 354 2042 Nep.
363 1961 562 2044 probabilius.
577 1960 664 2026 Ratio
675 1966 735 2034 est,
749 1960 823 2040 quia
836 1960 1069 2024 Matrimonium
1083 1981 1120 2024 ex
1134 1969 1221 2026 metu
1232 1964 1316 2044 gravi
1330 1983 1400 2027 con-

127 2059 263 2115 tractum
285 2052 407 2114 nullum
426 2057 487 2126 est,
506 2056 544 2112 ut
563 2068 602 2112 ex
619 2053 692 2112 ture
713 2048 856 2112 canonico
881 2055 1014 2122 constat,
1034 2057 1065 2112 et
1083 2050 1163 2112 inira
1183 2051 1399 2132 explicabitur,

124 2163 158 2203 n.
174 2145 233 2204 'll'l
251 2151 281 2202 et
293 2143 362 2203 834.
382 2143 461 2220 Ergo
475 2157 510 2200 eo
523 2138 589 2219 ipso
604 2137 688 2200 nulla
707 2155 771 2200 esse
786 2137 898 2200 dehent
913 2139 1007 2200 etiam
1027 2139 1178 2218 sponsalia
1195 2159 1232 2202 ex
1249 2141 1301 2203 tali
1315 2147 1402 2204 metu

124 2230 219 2294 inita.
238 2265 277 2274 -
293 2229 327 2291 S.
342 2229 412 2310 Lip.
429 2249 461 2290 n.
473 2231 545 2291 844.
560 2263 600 2272 -
621 2226 699 2289 Hinc
717 2226 906 2288 conditiones
923 2245 1043 2302 omnes,
1065 2245 1134 2308 qua
1151 2229 1351 2309 requiruntur
1368 2237 1405 2293 ut

129 2325 234 2382 metus
248 2318 398 2380 invalidet
411 2315 663 2394 Matrimonium,
678 2315 777 2377 multo
791 2315 890 2396 magis
904 2316 1079 2378 necessariae
1096 2323 1169 2379 sunt
1185 2336 1239 2397 pro
1252 2317 1402 2382 invalida-

128 2408 213 2471 tione
227 2407 425 2488 sponsalium.

169 2499 270 2572 Quae.
284 2499 318 2559 4ο
330 2497 381 2558 An
397 2495 514 2558 cabant
528 2493 685 2578 sponsalia
698 2513 736 2555 ea
750 2501 829 2555 meta
844 2491 901 2554 levi
917 2493 1015 2556 initu?

170 2585 263 2668 Resp.
278 2585 404 2666 Affinn.
419 2585 507 2650 Ratio
519 2588 579 2662 est,
593 2583 667 2664 quia
681 2581 835 2645 incutiens
847 2588 968 2644 metum
979 2584 1077 2646 levem
1089 2602 1151 2647 non
1165 2591 1305 2648 censetur
1315 2586 1403 2648 alteri

127 2693 256 2754 gravem
278 2673 425 2753 injuriam
447 2672 575 2747 inferre,
597 2672 751 2752 siquidem
773 2671 824 2734 hic
849 2676 968 2733 metum
989 2672 1082 2735 talem
1107 2672 1192 2734 facile
1212 2681 1404 2736 contemnere

128 2767 244 2842 potest,
262 2779 297 2822 ac
313 2761 440 2840 proinde
459 2767 600 2822 censetur
619 2765 726 2840 sponte
746 2759 877 2820 voluisse
895 2759 1044 2840 injuriam
1062 2760 1137 2840 pati.
1152 2761 1258 2823 Recole
1274 2761 1355 2822 dicta
1368 2763 1405 2823 de

129 2848 256 2909 Actibus
271 2849 426 2920 dumanas,
443 2857 513 2909 tom.
528 2850 556 2920 1,
573 2867 603 2908 n.
615 2853 664 2912 40.
680 2845 715 2908 S.
731 2846 814 2926 Lep,
830 2846 906 2907 ibid.
921 2883 960 2892 —
973 2847 1120 2922 Lacroala,
1137 2867 1169 2908 n.
1186 2851 1259 2922 105,
1273 2854 1328 2910 eto.
1342 2849 1405 2911 Ne-

128 2944 207 3016 pant
227 2942 328 2998 manen
348 2934 505 3008 nonnulli,
522 2933 595 3014 qma
615 2952 705 2996 nemo
728 2940 850 2996 tenetur
866 2935 1014 3015 injuriam
1035 2935 1114 3016 pati,
1133 2953 1188 2998 nec
1207 2935 1333 3016 proinde
1352 2955 1405 3017 por

130 3023 282 3104 injuriam
303 3021 430 3102 obligari
453 3028 562 3102 potest.
579 3057 618 3066 —
632 3025 800 3094 Caeterum,
822 3021 848 3083 si
872 3030 973 3086 metus
995 3023 1071 3086 levis
1090 3042 1214 3087 causam
1234 3024 1405 3088 contractui

130 3111 311 3194 sponsalitio
330 3110 464 3184 dederit,
480 3110 674 3172 communior
692 3129 726 3172 ao
744 3109 928 3190 probabilior
945 3112 1097 3174 sententia
1118 3113 1326 3194 theologorum
1341 3119 1402 3186 est,

129 3202 221 3264 illum
238 3199 371 3281 possein
386 3197 570 3262 conscientia
583 3197 725 3260 rescindi.
737 3233 777 3244 -
788 3197 823 3260 S.
839 3199 908 3280 Lip.
922 3220 955 3260 n.
971 3203 1041 3262 844.

172 3294 242 3352 145.
260 3325 299 3335 -
317 3293 419 3366 Qum.
436 3291 470 3352 3⁰
483 3289 535 3350 An
554 3291 636 3350 inter
654 3286 793 3349 babentes
812 3287 1053 3369 impedimentum
1066 3289 1210 3352 dirimens
1228 3289 1328 3352 valida
1342 3291 1403 3351 sint

129 3378 285 3461 sponsalia
301 3378 355 3439 snb
370 3377 553 3455 conditione,
569 3377 598 3436 si
608 3376 695 3458 Papa
710 3375 952 3458 dispensaverit?

173 3469 262 3550 Resp.
275 3487 288 3528 .·
302 3470 396 3531 Juxta
416 3467 452 3529 S.
471 3465 554 3548 Lip„
572 3486 602 3526 n.
619 3469 694 3540 859,
710 3476 738 3527 et
757 3463 834 3526 alios
854 3483 915 3528 non
936 3483 1062 3546 paucos,
1084 3466 1155 3530 licet
1173 3467 1324 3546 sponsalia
1341 3485 1404 3528 non

132 3558 255 3619 valeant
270 3561 342 3618 aute
355 3556 561 3619 conditionem
576 3554 750 3635 impletam,
766 3558 917 3628 attamen,
932 3553 1087 3616 verificata
1100 3554 1288 3630 conditione,
1302 3556 1405 3618 valent

131 3645 200 3707 sine
220 3663 298 3708 novo
317 3663 475 3709 consensu.
497 3646 614 3707 Verum
635 3642 787 3708 sententia
807 3642 948 3722 negativa
970 3643 1101 3705 tenenda
1123 3649 1169 3706 est
1192 3661 1228 3706 ex
1252 3642 1405 3706 lleoisione

130 3733 166 3796 S.
192 3733 274 3796 Rotae
296 3734 380 3796 Runa.
406 3734 488 3816 apud
512 3731 654 3795 Clerieati
672 3731 707 3794 de
727 3732 864 3796 Mania.
886 3731 950 3796 dee.
970 3749 1051 3806 svn,
1072 3753 1103 3794 n.
1122 3736 1177 3807 41,
1200 3730 1256 3794 ubi
1274 3737 1406 3795 testatur

130 3821 212 3885 hanc
230 3822 325 3886 inisse
343 3828 520 3904 perpetuam
535 3823 565 3884 S.
581 3826 666 3886 Rotae
682 3821 876 3884 sententiam.
897 3824 1021 3884 Constm
1034 3819 1129 3884 etiam
1144 3839 1182 3884 ex
1199 3819 1404 3884 Declaralione

133 3911 169 3973 S.
190 3911 302 3992 Conpr.
321 3911 424 3990 Cone,
443 3913 476 3972 in
488 3910 647 3986 lennensi,
664 3915 703 3973 14
716 3909 854 3972 Decemb.
870 3914 960 3974 1733.

171 4001 273 4075 Qomn.
287 4005 321 4062 4ο
334 3999 382 4060 An
388 4000 602 4082 promissiones
607 4047 616 4078 ,
632 4017 701 4081 qaae
713 4000 784 4081 fieri
796 3997 896 4060 solent
906 3998 943 4060 de
956 3999 1084 4062 ineundo
1100 3998 1314 4076 Matrimonio,
1330 4018 1403 4061 sem-

129 4108 187 4170 per
200 4087 343 4149 babendoe
356 4089 418 4149 sint
432 4098 466 4148 ut
481 4108 552 4150 aera
568 4088 743 4169 sponsalia?

172 4177 289 4258 neap.-
303 4177 433 4239 Videtur
451 4177 643 4255 negandum
665 4195 743 4256 saepe
760 4176 844 4239 enim
862 4177 1078 4257 promissiones
1097 4177 1157 4241 illa
1176 4177 1279 4259 potius
1297 4197 1404 4260 propo·

134 4265 201 4340 siti,
221 4281 316 4344 quem
339 4281 418 4327 verae
436 4263 648 4344 promissionis
671 4263 800 4344 speciem
818 4283 881 4345 pree
903 4283 935 4327 se
955 4265 1070 4328 ierunt.
1091 4267 1126 4330 ln
1147 4267 1234 4347 praxi
1250 4266 1348 4347 igitur
1367 4267 1407 4328 ad

135 4351 339 4416 intentionem
353 4351 570 4433 particularem
584 4351 833 4432 promittentium
849 4353 1070 4416 attendendum
1085 4362 1142 4418 est.
1154 4393 1193 4404 -
1210 4355 1283 4418 Vide
1295 4353 1405 4432 Casas,

136 4463 167 4503 n.
182 4447 242 4508 836
255 4451 284 4504 et
297 4461 358 4524 seq.

244 4559 349 4601 coare·
364 4559 422 4602 Tora
432 4554 463 4600 u.
1269 4549 1298 4599 41
