3180 5040
772 273 881 318 luunt

576 450 805 516 macrinus
825 449 875 509 DE
896 447 1082 512 CENSURIS

189 616 248 667 err.
267 615 288 664 1.
303 637 335 650 -
351 612 388 662 De
401 608 518 660 censuris
535 609 564 656 in
579 620 673 670 perere
690 633 1404 656 ·······················
1442 615 1483 660 447

221 686 276 736 Art.
293 685 362 748 I„—
379 683 536 738 necatum,
553 675 676 728 divisione
688 680 714 725 et
724 672 915 724 conditionibus
929 683 1097 722 censurarum
1100 706 1401 726 ..........
1420 679 1482 729 ibid.

254 757 273 806 1.
288 781 320 793 -
338 755 374 804 De
386 757 480 802 nature
498 762 621 800 censurae.
657 779 1011 796 ············
1032 778 1042 793 =·
1064 777 1401 799 ···········
1420 752 1482 800 idid.

254 827 285 876 11.
300 851 332 862 -
347 823 440 874 Divisio
458 833 624 872 censurarum
628 849 1402 872 ·························
1441 829 1481 874 444

254 897 297 946 444.
313 921 345 931 -
362 893 525 945 conditiones
539 902 706 942 censurarum
723 920 1401 942 ······················
1419 893 1480 943 ectr.

221 969 277 1020 Art.
294 968 325 1016 44.
344 992 375 1002 -
392 966 428 1014 De
444 962 567 1027 principio
585 975 630 1011 scu
646 967 750 1011 44441444
769 970 937 1010 censurarum
940 991 1403 1012 ...............
1441 971 1481 1016 444

222 1039 278 1090 ttrt.
295 1038 339 1087 ltl.
356 1063 387 1072 -
404 1037 440 1084 De
458 1034 572 1098 subjectu
589 1045 758 1082 censurarum
760 1063 1337 1082 ...................
1345 1069 1369 1094 ¹.
1396 1069 1404 1084 .
1439 1042 1480 1087 tto

222 1109 278 1160 Art.
297 1109 340 1158 IV.
356 1133 386 1143 —
404 1108 440 1156 De
457 1105 618 1157 absolutione
632 1117 650 1154 a
666 1101 789 1152 censuris.
822 1133 1403 1155 ...................
1439 1109 1479 1155 444

193 1205 253 1255 stur.
272 1205 302 1253 11.
320 1230 353 1239 -
370 1203 407 1251 De
420 1202 535 1251 censuris
549 1201 577 1248 in
591 1201 689 1264 specie,
704 1212 795 1262 nempe
812 1202 838 1246 t⁰
854 1195 886 1244 de
903 1193 1187 1258 recommunicuttcne;
1201 1201 1229 1246 2⁰
1247 1197 1280 1248 de
1294 1213 1405 1264 strepere-

257 1275 343 1336 er'orte;
362 1281 388 1323 3ο
401 1273 433 1322 de
449 1271 602 1320 interdicto.
635 1299 1400 1322 .........................
1437 1278 1478 1323 419

226 1347 280 1400 Art.
299 1347 318 1396 l.
336 1371 367 1382 -
384 1346 420 1394 De
438 1340 703 1394 excommunicatione
706 1372 1400 1392 .......................
1416 1341 1479 1392 ibid.

258 1422 270 1476 5
286 1432 303 1466 4.
321 1442 352 1452 -
368 1417 402 1465 De
420 1420 512 1464 nutura
528 1418 552 1463 et
566 1413 690 1463 divisione
708 1408 979 1462 excommunitationis
982 1445 1396 1464 ..............
1413 1412 1477 1461 idid.

258 1490 313 1545 tn.
331 1513 362 1523 —
379 1487 414 1535 De
427 1485 554 1535 effectibus
567 1481 837 1534 excommunicationis
841 1515 1394 1534 ...................
1433 1489 1474 1535 tet

288 1558 308 1606 1.
326 1583 357 1592 -—
371 1556 483 1606 Privatio
497 1558 723 1606 sacramentorum
726 1587 1389 1607 ......................
1403 1553 1474 1602 idid.

289 1629 320 1677 ΙΙ.
339 1653 370 1663 -
386 1626 659 1677 Privatiodivinorum
675 1624 831 1675 officiorum.
855 1661 861 1672 .
887 1661 892 1672 .
918 1661 923 1671 .
949 1657 955 1670 .
980 1660 985 1671 .
1012 1660 1017 1671 .
1043 1658 1049 1672 .
1072 1658 1080 1676 .
1105 1658 1113 1672 .
1137 1659 1146 1676 .
1171 1660 1179 1674 .
1203 1661 1211 1674 .
1232 1660 1239 1674 .
1261 1661 1268 1676 .
1289 1659 1296 1674 .
1317 1659 1327 1672 .
1348 1661 1355 1673 .
1377 1659 1385 1676 .
1422 1629 1475 1674 424
1574 1679 1575 1690 2

292 1700 335 1748 llt.
354 1725 386 1735 -
402 1698 512 1750 Privatio
530 1697 712 1760 suffragiorum
728 1695 905 1746 communium
919 1693 1045 1745 Ecclesia.
1078 1730 1086 1744 .
1110 1729 1116 1745 .
1142 1732 1150 1745 .
1176 1732 1182 1746 .
1207 1733 1213 1747 .
1236 1731 1244 1747 .
1264 1732 1273 1748 .
1293 1733 1302 1748 .
1323 1731 1332 1747 .
1353 1731 1361 1748 .
1384 1694 1476 1744 ,idid
1574 1695 1575 1722 i

291 1770 335 1820 lv.
354 1795 384 1806 -
401 1768 512 1820 Privatio
527 1769 664 1833 sepulture
677 1765 853 1818 ecclesiastice
857 1801 1392 1820 ..................
1430 1771 1477 1818 ess
1574 1781 1575 1802 t

292 1842 323 1890 V.
340 1867 372 1877 -
388 1840 499 1890 Privatio
513 1839 698 1904 jurisdictionis
711 1836 887 1888 ecclesiastice
890 1872 1393 1891 .................
1410 1836 1478 1887 idid.

291 1912 334 1960 Vi.
353 1937 384 1948 —
400 1911 512 1962 Privatio
523 1910 705 1961 beneficiorum
707 1943 1396 1962 .......................
1432 1913 1476 1959 tit

293 1983 348 2032 vn.
366 2009 397 2019 -
413 1983 524 2033 Privatio
545 1979 784 2032 communicationis
799 1979 916 2030 sorensis.
949 2013 1396 2033 ...............
1412 1980 1479 2030 tutu.
1574 1957 1575 2024 f

292 2054 359 2103 v111.
377 2081 409 2092 -
425 2053 537 2104 Privatio
554 2053 682 2104 societatis
696 2051 788 2102 crutis.
825 2086 1398 2104 ...................
1411 2050 1479 2100 ibid.
1574 2077 1575 2092 t

261 2128 327 2182 4444.
348 2151 380 2162 -
397 2127 431 2174 De
449 2123 755 2176 excommunicationibus
772 2121 966 2172 constitutionis
982 2122 1137 2188 Apostolice
1154 2121 1231 2173 Sedis
1235 2157 1399 2175 ......
1436 2127 1479 2173 tte

293 2197 420 2245 Punctum
433 2211 449 2245 1.
464 2223 495 2233 -
512 2199 547 2246 De
564 2195 748 2247 Constitutione
763 2193 917 2258 Apostottcre
932 2193 1009 2243 Sedis
1025 2193 1052 2242 in
1068 2207 1168 2258 genere.
1202 2231 1210 2244 .
1235 2230 1241 2244 .
1266 2231 1273 2244 .
1299 2232 1307 2246 .
1331 2231 1338 2244 .
1363 2231 1369 2243 .
1393 2193 1481 2243 ,tutu
1574 2183 1575 2198 ¹

293 2267 421 2316 Punctum
437 2282 464 2316 n.
480 2295 511 2305 -
528 2270 564 2319 De
584 2263 890 2318 excommunicationibus
907 2264 966 2315 iate
984 2265 1115 2316 sententie
1134 2265 1239 2330 speciali
1256 2267 1334 2318 modo
1355 2268 1404 2318 Ro-

325 2352 402 2388 mano
416 2339 530 2389 Pontifici
546 2338 681 2390 reservatis
705 2372 1400 2390 .......................
1437 2341 1483 2387 tet

324 2409 559 2460 Encommunicutio
577 2416 649 2460 extra
668 2409 784 2459 ordinem
797 2407 913 2458 addenda
918 2442 1397 2458 ................
1437 2412 1479 2458 444
1574 2471 1575 2480 ¹

293 2479 422 2527 Punctum
437 2493 516 2526 444-
532 2482 568 2528 De
592 2478 901 2529 excommunicationibus
918 2478 978 2531 iate
1005 2477 1131 2529 sententie
1152 2480 1264 2528 Romano
1283 2477 1404 2530 Pontifici

327 2547 506 2610 (simpliciter)
526 2562 565 2597 res
567 2562 610 2597 ert
613 2549 661 2597 4444
664 2584 1394 2600 ........................
1411 2549 1487 2600 τ”.ὂιά

292 2615 420 2665 Punctum
441 2632 533 2667 1r.-
501 2620 588 2670 -De
612 2619 922 2674 excommunicationibus
947 2621 1006 2674 iotae
1028 2621 1152 2673 sententiae
1182 2633 1237 2683 qne
1261 2619 1393 2686 Episcopis

325 2685 378 2738 sive
393 2689 533 2740 ordinariis
546 2693 606 2740 sunt
619 2695 756 2742 reservate
759 2725 1389 2746 .....................
1429 2696 1483 2743 tue

293 2760 420 2810 Punctum
435 2777 502 2812 v.—
473 2764 555 2814 —De
570 2763 878 2815 excommunicationibus
893 2765 952 2816 latre
968 2764 1099 2817 sententiae
1110 2763 1204 2816 nemini
1215 2761 1394 2813 reservatis..
1434 2769 1485 2814 tes

324 2833 607 2885 Ercommunicntioncs
625 2839 698 2885 extra
714 2835 830 2886 ordinem
846 2837 978 2888 addendae.
1076 2869 1399 2886 ...........
1438 2840 1484 2885 tes

262 2902 448 2966 Appendix.·-
465 2909 500 2955 De
516 2906 599 2956 indice
614 2906 740 2956 librorum
751 2907 950 2970 prohibitorum.
984 2940 1400 2959 ..............
1440 2911 1485 2954 461

295 2974 431 3038 Pracipuae
443 2976 535 3027 indicis
553 2977 981 3072 444414141144441441’4444441144
984 3012 1400 3031 ..............
1416 2975 1487 3026 ibrd·
1574 2985 1575 3032 ἶ

232 3041 287 3095 Λή.
306 3045 386 3092 ll.-
400 3047 436 3094 Dc
449 3060 614 3109 suspensione
616 3085 774 3100 ......
777 3065 780 3070 ·
800 3082 1401 3102 ....................
1440 3053 1485 3100 tes
1574 3049 1575 3104 1

265 3113 328 3165 Des
316 3116 525 3179 suspensionibus
538 3119 732 3171 constitutionis
748 3121 901 3184 Apostottcae
914 3121 991 3172 Sedis
992 3155 1401 3174 ..............
1441 3124 1486 3171 tii
1574 3111 1575 3174 i

296 3187 316 3236 l
333 3213 365 3223 -
381 3190 566 3254 suspensiones
580 3191 805 3242 inconstitutione
822 3205 948 3257 expresse
954 3227 1402 3244 ...............
1415 3190 1485 3240 ibid.

295 3258 377 3310 ΙΙ·-
345 3261 574 3325 -Suspensiones
590 3275 605 3314 4
619 3263 730 3314 Concilio
744 3263 892 3314 Tridentino
910 3263 968 3316 latae
982 3299 1400 3316 ..............
1440 3267 1485 3314 478

296 3329 387 3379 ΠΙ.-
356 3334 541 3397 —Suspensio
557 3333 674 3384 eddendu
686 3339 759 3387 extra
773 3335 889 3387 ordinem
901 3350 933 3387 ex
945 3335 1017 3388 buliu
1033 3339 1166 3389 Romanus
1182 3338 1370 3401 Pontifex..
1392 3341 1468 3385 ,74
1472 3340 1484 3383 s

265 3400 441 3464 appendicula
455 3405 485 3455 de
497 3405 652 3469 depositione
669 3411 694 3457 et
707 3407 890 3471 degradatione
894 3441 1398 3460 .................
1415 3404 1485 3453 ibid.

233 3469 287 3522 Art
309 3473 396 3522 lll.-
415 3476 451 3525 De
469 3475 612 3528 interdicto.
644 3511 1399 3532 .........................
1439 3482 1486 3527 iit
1574 3519 1575 3538 t

265 3542 324 3593 De
318 3545 458 3596 intendens
473 3548 665 3599 Constitutiouis
682 3550 835 3613 Apostoiieae
849 3550 924 3600 Sectis
927 3581 1401 3606 ................
1441 3553 1484 3599 ter

296 3615 364 3664 1.-
382 3618 539 3670 interdicta
532 3634 559 3670 1n
574 3619 758 3671 Constitutione
772 3635 891 3686 expresso
895 3655 1403 3678 .................
1417 3618 1487 3668 iord.

297 3685 377 3736 IL—
393 3689 529 3741 Interdicta
549 3690 601 3742 lata
618 3705 633 3742 4
648 3692 759 3743 Concrho
773 3692 922 3744 Tridentino
922 3725 1403 3747 ................
1443 3695 1490 3742 414

264 3756 483 3821 1444441141.-
500 3763 592 3811 Des
552 3763 832 3816 cessationecditinis
836 3798 1402 3818 ...................
1418 3761 1490 3810 ibid

266 3829 399 3894 Appendix
415 3833 446 3881 11.
462 3859 493 3872 -
508 3834 543 3883 De
561 3834 692 3898 sepultura
705 3834 842 3886 ecclesiast
825 3839 875 3886 trra
891 3868 1403 3890 .................
1444 3839 1488 3884 tit

408 4021 411 4026 “
479 4011 708 4075 TRAGTATUS
728 4015 779 4074 DE
799 4015 1204 4080 mummtul‘rtttnus

204 4175 263 4230 Car.
283 4176 302 4228 l·
319 4202 350 4215 -
364 4181 401 4230 De
416 4181 662 4246 immurmurantes
673 4183 700 4232 in
710 4187 813 4248 peracre.¹
829 4216 1406 4239 ...................
1447 4187 1490 4232 tss

203 4275 263 4328 mr.
278 4275 357 4326 11.-
374 4277 410 4326 De
425 4277 670 4343 irrequtarttatuos
685 4279 713 4328 in
725 4279 891 4342 particulari
893 4315 1024 4334 .....
1030 4327 1031 4332 ,
1048 4310 1409 4333 ............
1449 4282 1493 4328 stt?

235 4348 290 4400 Art.
304 4347 323 4398 1.
340 4377 370 4384 —
387 4347 708 4412 Deirregularitatibusex
722 4350 821 4402 deiectu
824 4383 1407 4406 ...................
1423 4347 1493 4397 ibid.
1574 4383 1575 4390 1

268 4420 337 4467 1.-
353 4421 389 4470 Ex
408 4421 609 4470 deiectuanimi.
642 4455 1408 4476 .........................
1423 4418 1493 4468 idid.
1574 4439 1575 4448 ¹

266 4488 347 4537 11.-
364 4493 401 4540 Ex
418 4491 516 4540 deiectu
533 4493 644 4555 corporis
648 4526 1408 4547 .........................
1424 4491 1492 4539 idid.

266 4557 310 4606 ill.
329 4585 359 4595 -
375 4561 414 4607 Ex
433 4560 531 4610 deiectu
546 4562 674 4612 natalium
677 4595 1407 4618 ........................
1448 4565 1492 4613 418
