3198 5036
597 265 639 309 un
659 263 907 309 eucnnmsrra
1327 254 1394 312 137

126 391 218 436 vacuo
242 374 379 454 deponet.
401 375 500 436 Potest
521 374 615 436 etiarn
636 374 747 436 sinmn
770 373 805 436 in
825 373 976 436 ciborium
1000 373 1161 436 infundere
1183 375 1223 438 ad
1247 376 1395 441 minimas

122 462 287 542 particulas
305 461 497 542 colligendas.
515 463 632 525 Vinum
652 469 756 525 tamen
770 481 832 525 non
847 463 905 525 erit
924 482 939 525 e
956 462 1068 525 ciborio
1086 462 1270 538 hibendum,
1290 467 1340 528 sed
1359 467 1394 529 in

123 551 245 612 calicem
259 549 495 613 retundendum.
508 587 550 597 -
562 552 711 630 Lacroicc,
726 573 758 612 a.
773 555 843 616 502.

162 639 193 702 Si
213 640 356 702 Sacerdos
372 658 410 702 err
423 639 649 704 inadvertentia
664 641 845 722 sumpsisset
859 640 945 721 prius
958 640 1162 715 ablutionem,
1180 642 1279 704 adhuc
1293 648 1393 722 posset

121 727 281 808 purificare
296 727 465 803 ciborium,
479 735 510 791 et
524 747 644 792 sumere
657 728 817 809 reliquias,
834 747 868 792 eo
884 730 965 810 quod
978 748 1032 809 pro
1049 729 1224 810 sumptione
1237 731 1394 794 moraliter

121 834 183 878 una
204 821 374 897 reputatur.
395 853 434 862 -
452 817 502 879 Ita
523 818 676 892 Lucroia,
699 838 730 880 n.
755 821 824 882 501.
844 855 882 863 -
900 817 1007 898 Eldel,
1031 839 1063 879 a.
1086 823 1192 897 77.,—
1215 820 1333 898 Tama,
1356 820 1394 882 de

121 902 351 985 Communione,
369 926 394 966 c.
412 925 450 982 11,
468 927 498 967 n.
516 911 565 970 3-1.

162 995 323 1057 Particula
334 997 542 1058 consecrandae
556 996 668 1058 debent
679 1013 743 1058 esse
755 1002 900 1058 recentes.
914 997 1089 1075 optandum
1102 996 1178 1060 foret
1187 1003 1223 1059 ut
1235 1016 1297 1060 non
1310 1017 1393 1062 exce·

121 1084 230 1146 darent
246 1083 422 1164 quindecim
437 1084 515 1160 dies,
530 1085 593 1159 vel,
606 1085 645 1148 ad
659 1102 835 1159 summum,
849 1102 986 1147 mensem
1001 1104 1018 1147 a
1033 1092 1168 1166 tempore
1182 1105 1242 1166 quo
1254 1086 1393 1150 conlecta

121 1177 209 1234 sunt.
228 1171 348 1234 lucarie
361 1173 564 1236 Parochorum
579 1179 609 1236 et
624 1173 754 1235 aliorum
767 1173 822 1235 hac
835 1173 869 1234 in
884 1193 915 1236 re
932 1192 1022 1252 grave
1038 1180 1195 1255 peccatum
1209 1175 1393 1238 constituere

119 1267 232 1339 potest.
246 1297 285 1306 -
302 1261 486 1325 Gardellini.
500 1299 539 1308 -
554 1263 745 1326 Consuetudo
764 1262 958 1325 consecrandi
972 1263 1093 1325 Hostias
1117 1283 1134 1326 a
1155 1264 1255 1326 tribus
1277 1265 1324 1326 rel
1342 1282 1394 1326 sex

119 1349 281 1413 mensibus
301 1350 462 1426 confectas,
483 1358 530 1414 est
550 1351 659 1431 ingens
679 1351 793 1414 abusus
810 1351 935 1413 omnino
955 1352 1115 1414 tollendus.
1136 1354 1221 1427 Quod
1241 1352 1266 1415 si
1284 1352 1392 1435 hujns-

120 1437 207 1499 modi
223 1439 356 1502 abusum
372 1441 497 1503 tolerare
511 1440 651 1503 rideatur
664 1439 831 1513 parochus,
846 1441 911 1520 ejas
923 1439 1053 1515 vicarii,
1068 1446 1122 1502 aut
1136 1441 1188 1502 alii
1203 1442 1390 1516 Sacerdotes

104 1537 105 1540 ’
119 1525 190 1588 istis
205 1527 319 1592 Hostile
334 1529 382 1590 nti
397 1537 564 1610 nequeumt.
578 1565 618 1575 -
634 1529 670 1590 S.
687 1527 784 1610 Coap.
800 1529 880 1602 Ilia,
897 1533 935 1592 ro
949 1529 1087 1592 Decemb.
1105 1534 1194 1593 1816.

630 1729 803 1804 CAPUT
832 1731 887 1804 IV

463 1909 514 1958 oa
540 1909 741 1959 sparsere
768 1889 1056 1959 euc'nnnlsrre:

162 2061 251 2124 Solus
275 2063 366 2126 homo
393 2064 563 2144 baptizatus
585 2064 812 2128 Eucharistiam
838 2063 1096 2126 sacramentaliter
1124 2064 1253 2145 recipere
1278 2069 1390 2145 potest;

120 2150 196 2232 quia
207 2151 288 2213 solus
301 2151 470 2232 baptizatus
481 2161 529 2215 est
539 2172 633 2234 capax
645 2155 921 2216 Sacramentorum.
932 2153 1010 2216 Hinc
1023 2152 1155 2216 infidelis
1165 2153 1391 2217 Eucharistiam

120 2239 284 2322 recipiens,
300 2259 368 2302 rere
384 2241 525 2322 quidem,
540 2243 592 2304 sed
605 2241 807 2304 materialiter
821 2249 960 2317 tantum,
976 2259 1039 2304 non
1053 2260 1123 2303 vero
1136 2243 1393 2305 sacramentaliter

120 2346 190 2391 eam
215 2329 367 2408 reciperet.
391 2331 488 2392 Homo
508 2335 612 2393 antem
634 2330 821 2410 baptizatus,
843 2332 895 2393 sed
919 2331 1127 2413 indepositus,
1149 2333 1245 2394 sumit
1268 2331 1394 2413 quidem

120 2416 391 2495 sacramentaliter,
408 2419 460 2481 sed
478 2437 540 2480 non
558 2419 773 2501 spiritualiter,
791 2419 822 2480 id
841 2426 902 2494 est,
920 2419 1040 2500 recipit,
1058 2419 1110 2481 sed
1129 2419 1194 2482 sine
1210 2419 1321 2483 fructu.
1336 2426 1392 2484 Ba·

121 2505 255 2586 ptizatus
278 2525 348 2568 rero
371 2506 530 2590 dispositas
555 2513 623 2570 tum
646 2509 916 2587 sacramentaliter,
938 2516 1007 2570 tum
1024 2508 1224 2590 spiritualiter
1244 2528 1298 2572 seu
1322 2528 1393 2572 cnm

119 2595 224 2657 fructu
238 2595 345 2658 sumit.
362 2630 401 2642 -
416 2595 466 2657 Ita
482 2595 575 2659 Conc.
595 2596 696 2668 Trici,
712 2616 780 2658 sess.
796 2600 878 2672 Xlll,
895 2619 921 2658 c.
933 2617 1005 2661 mn.

159 2684 317 2764 Aponium
331 2689 363 2746 1ο
376 2687 413 2748 de
427 2685 609 2766 obligatione
623 2685 848 2748 Eucharistiam
865 2687 1022 2762 sumendi3
1040 2724 1080 2733 —
1096 2692 1128 2750 9⁰
1142 2689 1178 2750 dc
1196 2688 1393 2768 dispositione

121 2773 158 2835 ad
171 2790 242 2835 eam
254 2772 345 2852 digne
357 2773 560 2854 recipiendam
574 2774 732 2854 requisita.

636 2953 850 3015 ARTIGULUS
870 2954 883 3014 Ι

403 3106 442 3152 DE
462 3105 661 3150 OBLIGATIONE
683 3106 865 3152 sustineam
886 3107 1109 3153 Eucnnnrsrlnn

245 3241 468 3321 Prlnclpla.

160 3392 233 3454 316.
251 3425 289 3434 -
309 3391 332 3450 1.
349 3386 489 3470 Sumptio
507 3387 595 3450 realis
614 3387 815 3451 Eucharistiae
837 3407 936 3470 neque
954 3389 1072 3470 pueris,
1093 3407 1192 3469 neque
1213 3386 1325 3450 adultis
1349 3389 1394 3448 est

122 3476 290 3541 necessaria
315 3477 494 3540 necessitate
514 3475 608 3538 medii
629 3477 668 3538 ed
694 3477 834 3538 salntem.
850 3480 984 3561 ‚Constat
1005 3484 1037 3539 l⁰
1056 3495 1094 3539 ex
1112 3475 1199 3557 praxi
1225 3473 1392 3538 universali

122 3565 276 3640 Ecclesia,
294 3585 362 3648 qum
376 3565 630 3628 communionem
649 3583 747 3645 neque
765 3565 901 3646 parvulis
916 3565 1043 3645 praebet,
1060 3583 1159 3646 neque
1177 3563 1290 3627 adultis
1305 3561 1392 3626 infir-

121 3655 231 3718 mitate
249 3654 421 3735 impeditis,
438 3673 468 3716 v.
486 3673 543 3734 gr,
563 3655 600 3716 ad
617 3654 770 3718 vomitum
789 3653 987 3734 proclirilruS,
1003 3652 1200 3735 phreneticis,
1223 3657 1292 3726 etc.;
1309 3656 1341 3714 2⁰
1356 3669 1393 3713 ex

122 3742 297 3806 definitione
318 3742 454 3806 Ecclesiae
473 3761 527 3824 pro
547 3742 699 3824 parvulis;
718 3749 748 3804 et
768 3741 840 3805 inde
857 3741 990 3806 infertur
1011 3741 1106 3805 etiam
1124 3759 1177 3822 pro
1199 3739 1323 3804 adultis.
1345 3739 1403 3803 Sic.

122 3831 205 3894 enim
220 3835 309 3894 Cone.
321 3832 471 3905 Trident,
482 3849 554 3894 sess.
569 3835 651 3906 XXI,
668 3851 734 3894 can.
747 3837 766 3895 1
781 3851 788 3893 :
806 3832 921 3915 Siquis
934 3831 1213 3914 draeritporaulis,
1231 3839 1392 3911 antequam

122 3920 162 3981 ad
172 3940 267 3982 anrros
282 3920 470 3982 discretionis
482 3923 698 4002 pervenerint,
709 3923 904 3983 necessariam
919 3941 978 3983 esse
989 3921 1022 3984 E
1022 3920 1200 3983 ariaratiae
1212 3919 1392 3980 communio·

121 4028 202 4082 nera,
221 4009 378 4072 auotierna
393 4011 445 4072 sit.

160 4099 197 4160 ll.
222 4098 363 4179 Sumptio
377 4097 576 4162 Eucharistiae
589 4098 757 4162 necessaria
772 4104 817 4162 est
831 4099 1008 4162 necessitate
1025 4095 1167 4179 praecepti
1181 4096 1294 4172 divini;
1309 4095 1390 4159 erni-

120 4191 174 4248 tur
190 4205 228 4250 ex
243 4187 344 4250 verbis
362 4187 491 4261 Christi,
507 4191 593 4250 ioan.
610 4205 658 4261 rr,
673 4191 731 4251 st:
750 4186 822 4249 Nisi
832 4186 1086 4265 manducaveritis
1097 4185 1225 4248 Carnem
1245 4185 1324 4248 Filii
1337 4183 1391 4245 iro-

121 4276 224 4354 minis,
241 4285 270 4338 et
283 4276 419 4339 biberitis
430 4276 496 4358 ejus
509 4275 710 4357 Sanquinem,
725 4297 787 4338 non
802 4275 949 4337 habebitis
961 4277 1055 4337 uitam
1068 4275 1102 4338 in
1117 4275 1206 4338 vobis.
1218 4309 1258 4319 -
1269 4274 1305 4337 S.
1317 4273 1387 4354 Lip.

121 4383 153 4424 u.
170 4367 240 4430 995.

162 4457 231 4516 317.
249 4489 289 4502 -
303 4457 352 4518 111.
369 4454 509 4534 Sumptio
522 4453 721 4517 Eucharistiae
736 4452 905 4516 necessaria
916 4461 963 4516 est
976 4453 1070 4516 etiam
1084 4473 1121 4516 ex
1132 4456 1278 4535 precepto
1291 4449 1389 4514 Eccle-

122 4540 187 4605 site.
202 4545 351 4607 Probatur
364 4561 402 4606 ex
413 4540 544 4607 Concilio
558 4542 756 4606 Lateranensi
769 4544 820 4618 lV,
835 4560 898 4623 cap.
915 4541 1032 4621 Omnis,
1045 4543 1081 4606 do
1092 4541 1200 4623 poenit.
1214 4547 1244 4602 et
1254 4537 1386 4612 remiss,
