<?xml version="1.0" encoding="UTF-8"?>
<!DOCTYPE html PUBLIC "-//W3C//DTD XHTML 1.0 Transitional//EN"
    "http://www.w3.org/TR/xhtml1/DTD/xhtml1-transitional.dtd">
<html xmlns="http://www.w3.org/1999/xhtml" xml:lang="en" lang="en">
 <head>
  <title>
</title>
<meta http-equiv="Content-Type" content="text/html;charset=utf-8" />
  <meta name='ocr-system' content='tesseract 3.04.00' />
  <meta name='ocr-capabilities' content='ocr_page ocr_carea ocr_par ocr_line ocrx_word'/>
</head>
<body>
  <div class='ocr_page' id='page_1' title='image "./compendiumtheol03gurygoog_0547.png"; bbox 0 0 3180 5040; ppageno 0'>
   <div class='ocr_carea' id='block_1_1' title="bbox 632 236 1038 286">
    <p class='ocr_par' dir='ltr' id='par_1_1' title="bbox 632 236 1038 286">
     <span class='ocr_line' id='line_1_1' title="bbox 632 236 1038 286; baseline -0.007 -2"><span class='ocrx_word' id='word_1_1' title='bbox 632 236 1038 286; x_wconf 62' lang='lat' dir='ltr'><strong>monachissimus</strong></span> 
     </span>
    </p>
   </div>
   <div class='ocr_carea' id='block_1_2' title="bbox 829 455 847 518">
    <p class='ocr_par' dir='ltr' id='par_1_2' title="bbox 829 455 847 518">
     <span class='ocr_line' id='line_1_2' title="bbox 829 455 847 518; baseline 0 0"><span class='ocrx_word' id='word_1_2' title='bbox 829 455 847 518; x_wconf 93' lang='lat'>1</span> 
     </span>
    </p>
   </div>
   <div class='ocr_carea' id='block_1_3' title="bbox 196 625 1503 4466">
    <p class='ocr_par' dir='ltr' id='par_1_3' title="bbox 196 625 798 700">
     <span class='ocr_line' id='line_1_3' title="bbox 196 625 798 700; baseline -0.015 -11"><span class='ocrx_word' id='word_1_3' title='bbox 196 628 382 689; x_wconf 75' lang='lat' dir='ltr'><em>Idololatria.</em></span> <span class='ocrx_word' id='word_1_4' title='bbox 400 625 680 700; x_wconf 79' lang='lat' dir='ltr'><strong>Quidlquotuplex?</strong></span> <span class='ocrx_word' id='word_1_5' title='bbox 694 627 720 695; x_wconf 95' lang='lat' dir='ltr'><strong>l,</strong></span> <span class='ocrx_word' id='word_1_6' title='bbox 737 625 798 681; x_wconf 77' lang='lat' dir='ltr'><strong>tlt.</strong></span> 
     </span>
    </p>

    <p class='ocr_par' dir='ltr' id='par_1_4' title="bbox 198 702 1496 936">
     <span class='ocr_line' id='line_1_4' title="bbox 198 702 1496 786; baseline -0.003 -17"><span class='ocrx_word' id='word_1_7' title='bbox 198 710 392 786; x_wconf 71' lang='lat' dir='ltr'><strong>lucernario,</strong></span> <span class='ocrx_word' id='word_1_8' title='bbox 408 713 433 776; x_wconf 92' lang='lat'><strong>1,</strong></span> <span class='ocrx_word' id='word_1_9' title='bbox 451 706 517 775; x_wconf 61' lang='lat' dir='ltr'><strong>rer</strong></span> <span class='ocrx_word' id='word_1_10' title='bbox 534 723 570 762; x_wconf 91' lang='lat' dir='ltr'><strong>an</strong></span> <span class='ocrx_word' id='word_1_11' title='bbox 586 707 670 762; x_wconf 88' lang='lat' dir='ltr'><strong>detur</strong></span> <span class='ocrx_word' id='word_1_12' title='bbox 683 707 713 760; x_wconf 91' lang='lat' dir='ltr'><strong>in</strong></span> <span class='ocrx_word' id='word_1_13' title='bbox 728 705 790 778; x_wconf 81' lang='lat' dir='ltr'><strong>lege</strong></span> <span class='ocrx_word' id='word_1_14' title='bbox 802 702 930 761; x_wconf 78' lang='lat' dir='ltr'><strong>naturae?</strong></span> <span class='ocrx_word' id='word_1_15' title='bbox 945 704 1014 774; x_wconf 81' lang='lat'><strong>1653</strong></span> <span class='ocrx_word' id='word_1_16' title='bbox 1030 720 1067 760; x_wconf 85' lang='lat' dir='ltr'><strong>an</strong></span> <span class='ocrx_word' id='word_1_17' title='bbox 1083 705 1203 760; x_wconf 85' lang='lat' dir='ltr'><strong>excuset</strong></span> <span class='ocrx_word' id='word_1_18' title='bbox 1217 705 1356 778; x_wconf 83' lang='lat' dir='ltr'><strong>apoena‘l</strong></span> <span class='ocrx_word' id='word_1_19' title='bbox 1373 707 1445 776; x_wconf 77' lang='grc' dir='ltr'><strong>473ς</strong></span> <span class='ocrx_word' id='word_1_20' title='bbox 1459 726 1496 765; x_wconf 87' lang='lat' dir='ltr'><strong>an</strong></span> 
     </span>
     <span class='ocr_line' id='line_1_5' title="bbox 234 782 1494 864; baseline -0.004 -16"><span class='ocrx_word' id='word_1_21' title='bbox 234 791 370 864; x_wconf 86' lang='lat' dir='ltr'><strong>impediat</strong></span> <span class='ocrx_word' id='word_1_22' title='bbox 385 787 573 843; x_wconf 76' lang='lat' dir='ltr'><strong>irritationem</strong></span> <span class='ocrx_word' id='word_1_23' title='bbox 588 784 679 856; x_wconf 79' lang='lat' dir='ltr'><strong>legis?</strong></span> <span class='ocrx_word' id='word_1_24' title='bbox 695 786 760 855; x_wconf 87' lang='grc'><strong>474;</strong></span> <span class='ocrx_word' id='word_1_25' title='bbox 777 782 998 858; x_wconf 74' lang='lat' dir='ltr'><strong>impedimenti?</strong></span> <span class='ocrx_word' id='word_1_26' title='bbox 1014 786 1054 854; x_wconf 93' lang='lat' dir='ltr'><strong>ll,</strong></span> <span class='ocrx_word' id='word_1_27' title='bbox 1073 784 1140 854; x_wconf 68' lang='lat'><strong>3463</strong></span> <span class='ocrx_word' id='word_1_28' title='bbox 1157 784 1494 858; x_wconf 66' lang='lat' dir='ltr'><strong>reservationem72573</strong></span> 
     </span>
     <span class='ocr_line' id='line_1_6' title="bbox 235 864 842 936; baseline -0.01 -9"><span class='ocrx_word' id='word_1_29' title='bbox 235 869 406 927; x_wconf 80' lang='lat' dir='ltr'><strong>censuram?</strong></span> <span class='ocrx_word' id='word_1_30' title='bbox 421 867 487 934; x_wconf 88' lang='grc'><strong>440;</strong></span> <span class='ocrx_word' id='word_1_31' title='bbox 502 864 764 936; x_wconf 80' lang='lat' dir='ltr'><strong>irregularitatem‘.l</strong></span> <span class='ocrx_word' id='word_1_32' title='bbox 780 867 842 922; x_wconf 85' lang='grc'><strong>486.</strong></span> 
     </span>
    </p>

    <p class='ocr_par' dir='ltr' id='par_1_5' title="bbox 198 943 860 1021">
     <span class='ocr_line' id='line_1_7' title="bbox 198 943 860 1021; baseline -0.011 -13"><span class='ocrx_word' id='word_1_33' title='bbox 198 950 413 1021; x_wconf 76' lang='lat' dir='ltr'><strong>lllepitimitus.</strong></span> <span class='ocrx_word' id='word_1_34' title='bbox 429 948 550 1014; x_wconf 87' lang='lat' dir='ltr'><strong>Quando</strong></span> <span class='ocrx_word' id='word_1_35' title='bbox 563 943 727 1002; x_wconf 86' lang='lat' dir='ltr'><strong>auleratur‘l</strong></span> <span class='ocrx_word' id='word_1_36' title='bbox 744 949 782 1015; x_wconf 95' lang='lat' dir='ltr'><strong>ll,</strong></span> <span class='ocrx_word' id='word_1_37' title='bbox 799 947 860 1001; x_wconf 83' lang='grc'><strong>408.</strong></span> 
     </span>
    </p>

    <p class='ocr_par' dir='ltr' id='par_1_6' title="bbox 199 1024 1496 1245">
     <span class='ocr_line' id='line_1_8' title="bbox 199 1024 1496 1102; baseline -0.002 -17"><span class='ocrx_word' id='word_1_38' title='bbox 199 1028 453 1102; x_wconf 84' lang='lat' dir='ltr'><strong>impedimentum</strong></span> <span class='ocrx_word' id='word_1_39' title='bbox 470 1027 585 1082; x_wconf 88' lang='lat' dir='ltr'><strong>solvens</strong></span> <span class='ocrx_word' id='word_1_40' title='bbox 597 1026 758 1100; x_wconf 77' lang='lat' dir='ltr'><strong>sponsalia,</strong></span> <span class='ocrx_word' id='word_1_41' title='bbox 775 1029 813 1094; x_wconf 93' lang='lat' dir='ltr'><strong>ll,</strong></span> <span class='ocrx_word' id='word_1_42' title='bbox 829 1025 896 1092; x_wconf 66' lang='lat'><strong>3233</strong></span> <span class='ocrx_word' id='word_1_43' title='bbox 910 1025 1071 1099; x_wconf 89' lang='lat' dir='ltr'><strong>impediens</strong></span> <span class='ocrx_word' id='word_1_44' title='bbox 1086 1024 1318 1096; x_wconf 81' lang='lat' dir='ltr'><strong>matrimonium,</strong></span> <span class='ocrx_word' id='word_1_45' title='bbox 1335 1025 1401 1093; x_wconf 63' lang='lat'><strong>3323</strong></span> <span class='ocrx_word' id='word_1_46' title='bbox 1415 1025 1496 1083; x_wconf 91' lang='lat' dir='ltr'><strong>diri-</strong></span> 
     </span>
     <span class='ocr_line' id='line_1_9' title="bbox 236 1105 1495 1180; baseline -0.002 -15"><span class='ocrx_word' id='word_1_47' title='bbox 236 1125 333 1176; x_wconf 82' lang='lat' dir='ltr'><strong>mens,</strong></span> <span class='ocrx_word' id='word_1_48' title='bbox 346 1107 412 1176; x_wconf 73' lang='grc'><strong>345,</strong></span> <span class='ocrx_word' id='word_1_49' title='bbox 427 1108 489 1178; x_wconf 87' lang='lat' dir='ltr'><strong>ejus</strong></span> <span class='ocrx_word' id='word_1_50' title='bbox 501 1107 694 1180; x_wconf 84' lang='lat' dir='ltr'><strong>dispensatio,</strong></span> <span class='ocrx_word' id='word_1_51' title='bbox 709 1105 771 1161; x_wconf 88' lang='grc'><strong>378.</strong></span> <span class='ocrx_word' id='word_1_52' title='bbox 787 1106 907 1164; x_wconf 92' lang='lat' dir='ltr'><strong>-Vide</strong></span> <span class='ocrx_word' id='word_1_53' title='bbox 920 1106 1000 1162; x_wconf 81' lang='lat' dir='ltr'><strong>varia</strong></span> <span class='ocrx_word' id='word_1_54' title='bbox 1014 1105 1235 1179; x_wconf 81' lang='lat' dir='ltr'><strong>impedimento</strong></span> <span class='ocrx_word' id='word_1_55' title='bbox 1251 1105 1287 1159; x_wconf 85' lang='lat' dir='ltr'><strong>in</strong></span> <span class='ocrx_word' id='word_1_56' title='bbox 1302 1105 1406 1162; x_wconf 77' lang='lat' dir='ltr'><strong>indice</strong></span> <span class='ocrx_word' id='word_1_57' title='bbox 1420 1123 1495 1180; x_wconf 87' lang='lat' dir='ltr'><strong>por·-</strong></span> 
     </span>
     <span class='ocr_line' id='line_1_10' title="bbox 238 1187 506 1245; baseline -0.007 0"><span class='ocrx_word' id='word_1_58' title='bbox 238 1189 363 1245; x_wconf 87' lang='lat' dir='ltr'><strong>ticulcri</strong></span> <span class='ocrx_word' id='word_1_59' title='bbox 375 1188 451 1243; x_wconf 88' lang='lat' dir='ltr'><strong>lomi</strong></span> <span class='ocrx_word' id='word_1_60' title='bbox 467 1187 506 1244; x_wconf 93' lang='lat' dir='ltr'><strong>ll.</strong></span> 
     </span>
    </p>

    <p class='ocr_par' dir='ltr' id='par_1_7' title="bbox 201 1265 1491 1484">
     <span class='ocr_line' id='line_1_11' title="bbox 201 1265 1490 1342; baseline -0.003 -14"><span class='ocrx_word' id='word_1_61' title='bbox 201 1271 383 1342; x_wconf 80' lang='lat' dir='ltr'><strong>lmpotontia</strong></span> <span class='ocrx_word' id='word_1_62' title='bbox 397 1284 460 1339; x_wconf 80' lang='lat' dir='ltr'><strong>quae</strong></span> <span class='ocrx_word' id='word_1_63' title='bbox 477 1267 596 1324; x_wconf 76' lang='lat' dir='ltr'><strong>excusat</strong></span> <span class='ocrx_word' id='word_1_64' title='bbox 614 1284 630 1322; x_wconf 86' lang='lat' dir='ltr'><strong>a</strong></span> <span class='ocrx_word' id='word_1_65' title='bbox 649 1267 753 1334; x_wconf 84' lang='lat' dir='ltr'><strong>llissa,</strong></span> <span class='ocrx_word' id='word_1_66' title='bbox 770 1269 799 1336; x_wconf 93' lang='lat' dir='ltr'><strong>l,</strong></span> <span class='ocrx_word' id='word_1_67' title='bbox 815 1265 882 1336; x_wconf 67' lang='lat'><strong>2923</strong></span> <span class='ocrx_word' id='word_1_68' title='bbox 903 1284 920 1323; x_wconf 89' lang='lat' dir='ltr'><strong>a</strong></span> <span class='ocrx_word' id='word_1_69' title='bbox 937 1267 1062 1340; x_wconf 88' lang='lat' dir='ltr'><strong>jejunio,</strong></span> <span class='ocrx_word' id='word_1_70' title='bbox 1081 1265 1148 1335; x_wconf 78' lang='lat'><strong>3653</strong></span> <span class='ocrx_word' id='word_1_71' title='bbox 1167 1281 1184 1322; x_wconf 79' lang='lat' dir='ltr'><strong>a</strong></span> <span class='ocrx_word' id='word_1_72' title='bbox 1199 1267 1402 1335; x_wconf 86' lang='lat' dir='ltr'><strong>restitutione,</strong></span> <span class='ocrx_word' id='word_1_73' title='bbox 1418 1269 1490 1333; x_wconf 89' lang='grc'><strong>457;</strong></span> 
     </span>
     <span class='ocr_line' id='line_1_12' title="bbox 238 1346 1491 1420; baseline -0.001 -14"><span class='ocrx_word' id='word_1_74' title='bbox 238 1350 274 1406; x_wconf 85' lang='lat' dir='ltr'><strong>ab</strong></span> <span class='ocrx_word' id='word_1_75' title='bbox 293 1349 394 1405; x_wconf 90' lang='lat' dir='ltr'><strong>Ollicio</strong></span> <span class='ocrx_word' id='word_1_76' title='bbox 414 1347 527 1419; x_wconf 87' lang='lat' dir='ltr'><strong>divino,</strong></span> <span class='ocrx_word' id='word_1_77' title='bbox 543 1349 584 1418; x_wconf 94' lang='lat' dir='ltr'><strong>ll,</strong></span> <span class='ocrx_word' id='word_1_78' title='bbox 604 1347 648 1404; x_wconf 89' lang='grc'><strong>36.</strong></span> <span class='ocrx_word' id='word_1_79' title='bbox 671 1377 707 1389; x_wconf 89' lang='grc'>-</span> <span class='ocrx_word' id='word_1_80' title='bbox 727 1348 896 1420; x_wconf 88' lang='lat' dir='ltr'><strong>lmpotentia</strong></span> <span class='ocrx_word' id='word_1_81' title='bbox 915 1349 947 1402; x_wconf 92' lang='lat' dir='ltr'><strong>ut</strong></span> <span class='ocrx_word' id='word_1_82' title='bbox 969 1348 1013 1403; x_wconf 87' lang='lat' dir='ltr'><strong>est</strong></span> <span class='ocrx_word' id='word_1_83' title='bbox 1034 1346 1273 1420; x_wconf 82' lang='lat' dir='ltr'><strong>impedimentum</strong></span> <span class='ocrx_word' id='word_1_84' title='bbox 1291 1348 1491 1417; x_wconf 85' lang='lat' dir='ltr'><strong>matrimonii,</strong></span> 
     </span>
     <span class='ocr_line' id='line_1_13' title="bbox 239 1429 303 1484; baseline -0.016 0"><span class='ocrx_word' id='word_1_85' title='bbox 239 1429 303 1484; x_wconf 84' lang='grc'><strong>375.</strong></span> 
     </span>
    </p>

    <p class='ocr_par' dir='ltr' id='par_1_8' title="bbox 203 1507 1491 1580">
     <span class='ocr_line' id='line_1_14' title="bbox 203 1507 1491 1580; baseline -0.002 -14"><span class='ocrx_word' id='word_1_86' title='bbox 203 1509 384 1580; x_wconf 81' lang='lat' dir='ltr'><strong>Impuberes.</strong></span> <span class='ocrx_word' id='word_1_87' title='bbox 401 1507 499 1574; x_wconf 87' lang='lat' dir='ltr'><strong>Quoad</strong></span> <span class='ocrx_word' id='word_1_88' title='bbox 514 1509 594 1575; x_wconf 85' lang='lat' dir='ltr'><strong>vota,</strong></span> <span class='ocrx_word' id='word_1_89' title='bbox 610 1510 636 1574; x_wconf 90' lang='lat' dir='ltr'><strong>l,</strong></span> <span class='ocrx_word' id='word_1_90' title='bbox 650 1507 699 1562; x_wconf 78' lang='grc'><strong>084</strong></span> <span class='ocrx_word' id='word_1_91' title='bbox 710 1525 717 1571; x_wconf 92' lang='grc'>;</span> <span class='ocrx_word' id='word_1_92' title='bbox 727 1507 819 1580; x_wconf 87' lang='lat' dir='ltr'><strong>quoad</strong></span> <span class='ocrx_word' id='word_1_93' title='bbox 835 1507 1012 1574; x_wconf 87' lang='lat' dir='ltr'><strong>contractus,</strong></span> <span class='ocrx_word' id='word_1_94' title='bbox 1027 1507 1094 1575; x_wconf 88' lang='grc'><strong>477;</strong></span> <span class='ocrx_word' id='word_1_95' title='bbox 1107 1507 1201 1578; x_wconf 87' lang='lat' dir='ltr'><strong>quoad</strong></span> <span class='ocrx_word' id='word_1_96' title='bbox 1211 1522 1361 1575; x_wconf 86' lang='lat' dir='ltr'><strong>censuras,</strong></span> <span class='ocrx_word' id='word_1_97' title='bbox 1375 1509 1491 1575; x_wconf 87' lang='lat' dir='ltr'><strong>ll‚lll.</strong></span> 
     </span>
    </p>

    <p class='ocr_par' dir='ltr' id='par_1_9' title="bbox 202 1585 1491 1660">
     <span class='ocr_line' id='line_1_15' title="bbox 202 1585 1491 1660; baseline -0.002 -15"><span class='ocrx_word' id='word_1_98' title='bbox 202 1589 344 1645; x_wconf 80' lang='lat' dir='ltr'><strong>Incestus.</strong></span> <span class='ocrx_word' id='word_1_99' title='bbox 361 1585 456 1654; x_wconf 82' lang='lat' dir='ltr'><strong>Quid&#39;l</strong></span> <span class='ocrx_word' id='word_1_100' title='bbox 472 1590 498 1654; x_wconf 91' lang='lat' dir='ltr'><strong>l,</strong></span> <span class='ocrx_word' id='word_1_101' title='bbox 510 1586 577 1652; x_wconf 62' lang='lat'><strong>3293</strong></span> <span class='ocrx_word' id='word_1_102' title='bbox 596 1602 633 1642; x_wconf 92' lang='lat' dir='ltr'><strong>an</strong></span> <span class='ocrx_word' id='word_1_103' title='bbox 651 1587 756 1657; x_wconf 82' lang='lat' dir='ltr'><strong>gradus</strong></span> <span class='ocrx_word' id='word_1_104' title='bbox 774 1586 960 1648; x_wconf 79' lang='lat' dir='ltr'><strong>declarandi?</strong></span> <span class='ocrx_word' id='word_1_105' title='bbox 976 1587 1015 1656; x_wconf 88' lang='lat'><strong>11,</strong></span> <span class='ocrx_word' id='word_1_106' title='bbox 1029 1586 1097 1655; x_wconf 67' lang='lat'><strong>2143</strong></span> <span class='ocrx_word' id='word_1_107' title='bbox 1113 1587 1211 1660; x_wconf 79' lang='lat' dir='ltr'><strong>privat</strong></span> <span class='ocrx_word' id='word_1_108' title='bbox 1222 1587 1283 1658; x_wconf 84' lang='lat' dir='ltr'><strong>jure</strong></span> <span class='ocrx_word' id='word_1_109' title='bbox 1297 1587 1399 1654; x_wconf 77' lang='lat' dir='ltr'><strong>debiti,</strong></span> <span class='ocrx_word' id='word_1_110' title='bbox 1418 1585 1491 1643; x_wconf 81' lang='lat'>359.</span> 
     </span>
    </p>

    <p class='ocr_par' dir='ltr' id='par_1_10' title="bbox 203 1666 829 1739">
     <span class='ocr_line' id='line_1_16' title="bbox 203 1666 829 1739; baseline -0.005 -14"><span class='ocrx_word' id='word_1_111' title='bbox 203 1668 301 1725; x_wconf 80' lang='lat' dir='ltr'><strong>ludex</strong></span> <span class='ocrx_word' id='word_1_112' title='bbox 314 1667 453 1722; x_wconf 90' lang='lat' dir='ltr'><strong>librorum</strong></span> <span class='ocrx_word' id='word_1_113' title='bbox 469 1667 692 1739; x_wconf 88' lang='lat' dir='ltr'><strong>prohibitorum,</strong></span> <span class='ocrx_word' id='word_1_114' title='bbox 710 1670 748 1736; x_wconf 94' lang='lat' dir='ltr'><strong>ll,</strong></span> <span class='ocrx_word' id='word_1_115' title='bbox 765 1666 829 1722; x_wconf 93' lang='grc'><strong>467.</strong></span> 
     </span>
    </p>

    <p class='ocr_par' dir='ltr' id='par_1_11' title="bbox 205 1747 805 1816">
     <span class='ocr_line' id='line_1_17' title="bbox 205 1747 805 1816; baseline -0.005 -11"><span class='ocrx_word' id='word_1_116' title='bbox 205 1747 462 1805; x_wconf 83' lang='lat' dir='ltr'><strong>lndissolulutitos</strong></span> <span class='ocrx_word' id='word_1_117' title='bbox 479 1747 669 1815; x_wconf 88' lang='lat' dir='ltr'><strong>matrimonii,</strong></span> <span class='ocrx_word' id='word_1_118' title='bbox 686 1750 725 1816; x_wconf 93' lang='lat' dir='ltr'><strong>Il,</strong></span> <span class='ocrx_word' id='word_1_119' title='bbox 742 1747 805 1802; x_wconf 85' lang='grc'><strong>334.</strong></span> 
     </span>
    </p>

    <p class='ocr_par' dir='ltr' id='par_1_12' title="bbox 205 1825 1458 1900">
     <span class='ocr_line' id='line_1_18' title="bbox 205 1825 1458 1900; baseline 0.002 -16"><span class='ocrx_word' id='word_1_120' title='bbox 205 1827 409 1900; x_wconf 75' lang='lat' dir='ltr'><strong>ludutpeutia.</strong></span> <span class='ocrx_word' id='word_1_121' title='bbox 427 1826 520 1895; x_wconf 86' lang='lat' dir='ltr'><strong>Quid‘l</strong></span> <span class='ocrx_word' id='word_1_122' title='bbox 534 1827 707 1900; x_wconf 83' lang='lat' dir='ltr'><strong>quotuplex?</strong></span> <span class='ocrx_word' id='word_1_123' title='bbox 721 1829 761 1898; x_wconf 90' lang='lat' dir='ltr'><strong>ll,</strong></span> <span class='ocrx_word' id='word_1_124' title='bbox 773 1827 840 1896; x_wconf 89' lang='grc'><strong>494;</strong></span> <span class='ocrx_word' id='word_1_125' title='bbox 857 1825 1049 1896; x_wconf 90' lang='lat' dir='ltr'><strong>conditiones,</strong></span> <span class='ocrx_word' id='word_1_126' title='bbox 1065 1827 1134 1897; x_wconf 75' lang='lat'><strong>4953</strong></span> <span class='ocrx_word' id='word_1_127' title='bbox 1149 1842 1200 1900; x_wconf 91' lang='lat' dir='ltr'><strong>pro</strong></span> <span class='ocrx_word' id='word_1_128' title='bbox 1212 1827 1375 1896; x_wconf 77' lang='lat' dir='ltr'><strong>defunctis,</strong></span> <span class='ocrx_word' id='word_1_129' title='bbox 1389 1827 1458 1886; x_wconf 89' lang='grc'><strong>497.</strong></span> 
     </span>
    </p>

    <p class='ocr_par' dir='ltr' id='par_1_13' title="bbox 205 1907 722 1980">
     <span class='ocr_line' id='line_1_19' title="bbox 205 1907 722 1980; baseline 0.002 -17"><span class='ocrx_word' id='word_1_130' title='bbox 205 1907 388 1980; x_wconf 79' lang='lat' dir='ltr'><strong>lusomntus.</strong></span> <span class='ocrx_word' id='word_1_131' title='bbox 405 1908 586 1978; x_wconf 75' lang='lat' dir='ltr'><strong>lrregularis,</strong></span> <span class='ocrx_word' id='word_1_132' title='bbox 604 1911 641 1978; x_wconf 93' lang='lat' dir='ltr'><strong>ll,</strong></span> <span class='ocrx_word' id='word_1_133' title='bbox 658 1907 722 1964; x_wconf 88' lang='grc'><strong>490.</strong></span> 
     </span>
    </p>

    <p class='ocr_par' dir='ltr' id='par_1_14' title="bbox 206 1987 565 2060">
     <span class='ocr_line' id='line_1_20' title="bbox 206 1987 565 2060; baseline 0.003 -17"><span class='ocrx_word' id='word_1_134' title='bbox 206 1987 355 2060; x_wconf 79' lang='lat' dir='ltr'><strong>Infamia.</strong></span> <span class='ocrx_word' id='word_1_135' title='bbox 372 1987 442 2042; x_wconf 86' lang='lat' dir='ltr'><strong>Vide</strong></span> <span class='ocrx_word' id='word_1_136' title='bbox 455 1989 482 2042; x_wconf 87' lang='lat' dir='ltr'><em>F</em></span> <span class='ocrx_word' id='word_1_137' title='bbox 484 2003 565 2044; x_wconf 83' lang='lat' dir='ltr'><strong>omo.</strong></span> 
     </span>
    </p>

    <p class='ocr_par' dir='ltr' id='par_1_15' title="bbox 206 2065 1496 2218">
     <span class='ocr_line' id='line_1_21' title="bbox 206 2065 1496 2140; baseline 0 -18"><span class='ocrx_word' id='word_1_138' title='bbox 206 2067 315 2140; x_wconf 75' lang='lat' dir='ltr'><strong>lusoris</strong></span> <span class='ocrx_word' id='word_1_139' title='bbox 334 2069 384 2122; x_wconf 90' lang='lat' dir='ltr'><strong>aut</strong></span> <span class='ocrx_word' id='word_1_140' title='bbox 403 2085 473 2139; x_wconf 88' lang='lat' dir='ltr'><strong>puer</strong></span> <span class='ocrx_word' id='word_1_141' title='bbox 491 2066 604 2140; x_wconf 91' lang='lat' dir='ltr'><strong>quando</strong></span> <span class='ocrx_word' id='word_1_142' title='bbox 628 2065 834 2140; x_wconf 80' lang='lat' dir='ltr'><strong>baptizandus?</strong></span> <span class='ocrx_word' id='word_1_143' title='bbox 852 2069 891 2135; x_wconf 92' lang='lat' dir='ltr'><strong>ll,</strong></span> <span class='ocrx_word' id='word_1_144' title='bbox 914 2065 966 2122; x_wconf 88' lang='grc'><strong>404</strong></span> <span class='ocrx_word' id='word_1_145' title='bbox 973 2082 981 2138; x_wconf 83' lang='grc'><strong>;</strong></span> <span class='ocrx_word' id='word_1_146' title='bbox 997 2065 1229 2123; x_wconf 76' lang='lat' dir='ltr'><strong>confirmandus?</strong></span> <span class='ocrx_word' id='word_1_147' title='bbox 1244 2065 1311 2136; x_wconf 73' lang='lat'><strong>1153</strong></span> <span class='ocrx_word' id='word_1_148' title='bbox 1333 2067 1496 2123; x_wconf 75' lang='lat' dir='ltr'><strong>communi</strong></span> 
     </span>
     <span class='ocr_line' id='line_1_22' title="bbox 243 2145 720 2218; baseline 0.006 -17"><span class='ocrx_word' id='word_1_149' title='bbox 243 2147 369 2203; x_wconf 79' lang='lat' dir='ltr'><strong>candustl</strong></span> <span class='ocrx_word' id='word_1_150' title='bbox 386 2147 452 2216; x_wconf 76' lang='lat'><strong>1383</strong></span> <span class='ocrx_word' id='word_1_151' title='bbox 469 2145 638 2218; x_wconf 78' lang='lat' dir='ltr'><strong>ungendus?</strong></span> <span class='ocrx_word' id='word_1_152' title='bbox 658 2146 720 2204; x_wconf 88' lang='grc'><strong>308.</strong></span> 
     </span>
    </p>

    <p class='ocr_par' dir='ltr' id='par_1_16' title="bbox 208 2225 595 2296">
     <span class='ocr_line' id='line_1_23' title="bbox 208 2225 595 2296; baseline 0 -13"><span class='ocrx_word' id='word_1_153' title='bbox 208 2225 389 2296; x_wconf 68' lang='lat' dir='ltr'><strong>Insidrlt&#39;lus,</strong></span> <span class='ocrx_word' id='word_1_154' title='bbox 406 2230 432 2296; x_wconf 93' lang='lat'><strong>1,</strong></span> <span class='ocrx_word' id='word_1_155' title='bbox 448 2227 516 2296; x_wconf 71' lang='grc'><strong>040,</strong></span> <span class='ocrx_word' id='word_1_156' title='bbox 534 2227 595 2283; x_wconf 67' lang='lat' dir='ltr'><strong>ili.</strong></span> 
     </span>
    </p>

    <p class='ocr_par' dir='ltr' id='par_1_17' title="bbox 207 2305 1497 2460">
     <span class='ocr_line' id='line_1_24' title="bbox 207 2305 1497 2378; baseline -0.001 -16"><span class='ocrx_word' id='word_1_157' title='bbox 207 2306 353 2378; x_wconf 74' lang='lat' dir='ltr'><strong>lnfictoles.</strong></span> <span class='ocrx_word' id='word_1_158' title='bbox 376 2309 474 2374; x_wconf 86' lang='lat' dir='ltr'><strong>Quoad</strong></span> <span class='ocrx_word' id='word_1_159' title='bbox 495 2307 572 2378; x_wconf 83' lang='lat' dir='ltr'><strong>leges</strong></span> <span class='ocrx_word' id='word_1_160' title='bbox 595 2307 746 2377; x_wconf 77' lang='lat' dir='ltr'><strong>Ecclesiae,</strong></span> <span class='ocrx_word' id='word_1_161' title='bbox 765 2310 791 2376; x_wconf 91' lang='lat'><strong>1,</strong></span> <span class='ocrx_word' id='word_1_162' title='bbox 809 2305 874 2376; x_wconf 89' lang='grc'><strong>449;</strong></span> <span class='ocrx_word' id='word_1_163' title='bbox 898 2305 990 2378; x_wconf 84' lang='lat' dir='ltr'><strong>quoad</strong></span> <span class='ocrx_word' id='word_1_164' title='bbox 1010 2321 1158 2377; x_wconf 83' lang='lat' dir='ltr'><strong>censuras,</strong></span> <span class='ocrx_word' id='word_1_165' title='bbox 1177 2309 1215 2376; x_wconf 92' lang='lat' dir='ltr'><strong>ll,</strong></span> <span class='ocrx_word' id='word_1_166' title='bbox 1236 2305 1308 2376; x_wconf 87' lang='grc'><strong>443;</strong></span> <span class='ocrx_word' id='word_1_167' title='bbox 1332 2323 1374 2363; x_wconf 84' lang='grc'><strong>00</strong></span> <span class='ocrx_word' id='word_1_168' title='bbox 1396 2322 1497 2364; x_wconf 80' lang='lat' dir='ltr'><strong>comm</strong></span> 
     </span>
     <span class='ocr_line' id='line_1_25' title="bbox 245 2386 672 2460; baseline 0.009 -19"><span class='ocrx_word' id='word_1_169' title='bbox 245 2387 299 2441; x_wconf 89' lang='lat' dir='ltr'><strong>lilii</strong></span> <span class='ocrx_word' id='word_1_170' title='bbox 314 2390 424 2458; x_wconf 86' lang='lat' dir='ltr'><strong>possint</strong></span> <span class='ocrx_word' id='word_1_171' title='bbox 438 2386 595 2460; x_wconf 82' lang='lat' dir='ltr'><strong>baptizari?</strong></span> <span class='ocrx_word' id='word_1_172' title='bbox 610 2389 672 2445; x_wconf 93' lang='grc'><strong>405.</strong></span> 
     </span>
    </p>

    <p class='ocr_par' dir='ltr' id='par_1_18' title="bbox 210 2467 857 2535">
     <span class='ocr_line' id='line_1_26' title="bbox 210 2467 857 2535; baseline 0.005 -16"><span class='ocrx_word' id='word_1_173' title='bbox 210 2467 368 2534; x_wconf 71' lang='lat' dir='ltr'><strong>inpressas</strong></span> <span class='ocrx_word' id='word_1_174' title='bbox 383 2469 411 2519; x_wconf 93' lang='lat' dir='ltr'><strong>in</strong></span> <span class='ocrx_word' id='word_1_175' title='bbox 431 2469 615 2535; x_wconf 81' lang='lat' dir='ltr'><strong>Religionem.</strong></span> <span class='ocrx_word' id='word_1_176' title='bbox 633 2467 704 2524; x_wconf 87' lang='lat' dir='ltr'><strong>Vide</strong></span> <span class='ocrx_word' id='word_1_177' title='bbox 725 2467 857 2522; x_wconf 82' lang='lat' dir='ltr'><strong>Vocatio.</strong></span> 
     </span>
    </p>

    <p class='ocr_par' dir='ltr' id='par_1_19' title="bbox 207 2541 1093 2614">
     <span class='ocr_line' id='line_1_27' title="bbox 207 2541 1093 2614; baseline 0.006 -18"><span class='ocrx_word' id='word_1_178' title='bbox 207 2541 388 2596; x_wconf 77' lang='lat' dir='ltr'><strong>latrabilitus</strong></span> <span class='ocrx_word' id='word_1_179' title='bbox 399 2545 433 2595; x_wconf 87' lang='lat' dir='ltr'><strong>ad</strong></span> <span class='ocrx_word' id='word_1_180' title='bbox 445 2546 636 2610; x_wconf 88' lang='lat' dir='ltr'><strong>contractum,</strong></span> <span class='ocrx_word' id='word_1_181' title='bbox 653 2547 678 2610; x_wconf 92' lang='lat' dir='ltr'><strong>l,</strong></span> <span class='ocrx_word' id='word_1_182' title='bbox 691 2545 759 2613; x_wconf 90' lang='grc'><strong>477;</strong></span> <span class='ocrx_word' id='word_1_183' title='bbox 774 2545 808 2600; x_wconf 91' lang='lat' dir='ltr'><strong>ad</strong></span> <span class='ocrx_word' id='word_1_184' title='bbox 822 2546 1020 2614; x_wconf 80' lang='lat' dir='ltr'><strong>donationem,</strong></span> <span class='ocrx_word' id='word_1_185' title='bbox 1032 2545 1093 2602; x_wconf 79' lang='grc'><strong>495.</strong></span> 
     </span>
    </p>

    <p class='ocr_par' dir='ltr' id='par_1_20' title="bbox 208 2619 856 2694">
     <span class='ocr_line' id='line_1_28' title="bbox 208 2619 856 2694; baseline 0.009 -19"><span class='ocrx_word' id='word_1_186' title='bbox 208 2619 367 2676; x_wconf 83' lang='lat' dir='ltr'><strong>Inimicus.</strong></span> <span class='ocrx_word' id='word_1_187' title='bbox 385 2621 531 2689; x_wconf 82' lang='lat' dir='ltr'><strong>Quomodo</strong></span> <span class='ocrx_word' id='word_1_188' title='bbox 547 2621 735 2692; x_wconf 78' lang='lat' dir='ltr'><strong>diligendus?</strong></span> <span class='ocrx_word' id='word_1_189' title='bbox 751 2627 776 2694; x_wconf 90' lang='lat' dir='ltr'><strong>l,</strong></span> <span class='ocrx_word' id='word_1_190' title='bbox 792 2625 856 2682; x_wconf 78' lang='grc'><strong>049.</strong></span> 
     </span>
    </p>

    <p class='ocr_par' dir='ltr' id='par_1_21' title="bbox 209 2698 756 2775">
     <span class='ocr_line' id='line_1_29' title="bbox 209 2698 756 2775; baseline 0.007 -19"><span class='ocrx_word' id='word_1_191' title='bbox 209 2698 342 2772; x_wconf 79' lang='lat' dir='ltr'><strong>lajario.</strong></span> <span class='ocrx_word' id='word_1_192' title='bbox 357 2701 450 2769; x_wconf 77' lang='lat' dir='ltr'><strong>Quint</strong></span> <span class='ocrx_word' id='word_1_193' title='bbox 465 2701 638 2775; x_wconf 79' lang='lat' dir='ltr'><strong>quotuplex?</strong></span> <span class='ocrx_word' id='word_1_194' title='bbox 653 2707 678 2772; x_wconf 91' lang='lat' dir='ltr'><strong>l,</strong></span> <span class='ocrx_word' id='word_1_195' title='bbox 695 2704 756 2760; x_wconf 85' lang='grc'><strong>403.</strong></span> 
     </span>
    </p>

    <p class='ocr_par' dir='ltr' id='par_1_22' title="bbox 210 2779 808 2852">
     <span class='ocr_line' id='line_1_30' title="bbox 210 2779 808 2852; baseline 0.008 -16"><span class='ocrx_word' id='word_1_196' title='bbox 210 2779 379 2852; x_wconf 76' lang='lat' dir='ltr'><strong>injustitia.</strong></span> <span class='ocrx_word' id='word_1_197' title='bbox 394 2783 466 2839; x_wconf 91' lang='lat' dir='ltr'><strong>Vide</strong></span> <span class='ocrx_word' id='word_1_198' title='bbox 480 2783 624 2848; x_wconf 81' lang='lat' dir='ltr'><strong>Furtum,</strong></span> <span class='ocrx_word' id='word_1_199' title='bbox 641 2784 808 2841; x_wconf 84' lang='lat' dir='ltr'><strong>Damnum.</strong></span> 
     </span>
    </p>

    <p class='ocr_par' dir='ltr' id='par_1_23' title="bbox 210 2861 1503 3008">
     <span class='ocr_line' id='line_1_31' title="bbox 210 2861 1503 2938; baseline 0.002 -21"><span class='ocrx_word' id='word_1_200' title='bbox 210 2861 370 2918; x_wconf 80' lang='lat' dir='ltr'><strong>innocens.</strong></span> <span class='ocrx_word' id='word_1_201' title='bbox 392 2866 435 2918; x_wconf 81' lang='lat' dir='ltr'><strong>An</strong></span> <span class='ocrx_word' id='word_1_202' title='bbox 457 2864 546 2937; x_wconf 87' lang='lat' dir='ltr'><strong>possit</strong></span> <span class='ocrx_word' id='word_1_203' title='bbox 566 2861 680 2920; x_wconf 80' lang='lat' dir='ltr'><strong>occidi?</strong></span> <span class='ocrx_word' id='word_1_204' title='bbox 695 2868 721 2934; x_wconf 89' lang='lat' dir='ltr'><strong>l,</strong></span> <span class='ocrx_word' id='word_1_205' title='bbox 744 2865 813 2936; x_wconf 82' lang='lat'>3153</span> <span class='ocrx_word' id='word_1_206' title='bbox 834 2881 871 2920; x_wconf 89' lang='lat' dir='ltr'><strong>an</strong></span> <span class='ocrx_word' id='word_1_207' title='bbox 886 2863 1017 2922; x_wconf 85' lang='lat' dir='ltr'><strong>damnari</strong></span> <span class='ocrx_word' id='word_1_208' title='bbox 1033 2862 1191 2938; x_wconf 81' lang='lat' dir='ltr'><strong>siJ&#39;uridice</strong></span> <span class='ocrx_word' id='word_1_209' title='bbox 1205 2861 1349 2919; x_wconf 82' lang='lat' dir='ltr'><strong>habeatur</strong></span> <span class='ocrx_word' id='word_1_210' title='bbox 1368 2863 1503 2920; x_wconf 80' lang='lat' dir='ltr'><strong>nocens?</strong></span> 
     </span>
     <span class='ocr_line' id='line_1_32' title="bbox 247 2943 328 3008; baseline -0.012 -11"><span class='ocrx_word' id='word_1_211' title='bbox 247 2944 286 3008; x_wconf 93' lang='lat' dir='ltr'><strong>ll,</strong></span> <span class='ocrx_word' id='word_1_212' title='bbox 301 2943 328 2997; x_wconf 73' lang='lat'><strong>⁶2.</strong></span> 
     </span>
    </p>

    <p class='ocr_par' dir='ltr' id='par_1_24' title="bbox 211 3022 1040 3094">
     <span class='ocr_line' id='line_1_33' title="bbox 211 3022 1040 3094; baseline 0.01 -17"><span class='ocrx_word' id='word_1_213' title='bbox 211 3022 373 3091; x_wconf 71' lang='lat' dir='ltr'><strong>intepretes</strong></span> <span class='ocrx_word' id='word_1_214' title='bbox 389 3024 417 3076; x_wconf 92' lang='lat' dir='ltr'><strong>in</strong></span> <span class='ocrx_word' id='word_1_215' title='bbox 431 3023 625 3092; x_wconf 82' lang='lat' dir='ltr'><strong>consessione,</strong></span> <span class='ocrx_word' id='word_1_216' title='bbox 643 3026 682 3093; x_wconf 90' lang='lat' dir='ltr'><strong>ll,</strong></span> <span class='ocrx_word' id='word_1_217' title='bbox 699 3024 762 3083; x_wconf 79' lang='grc'><strong>007.</strong></span> <span class='ocrx_word' id='word_1_218' title='bbox 1036 3085 1040 3094; x_wconf 81' lang='grc'><strong>,</strong></span> 
     </span>
    </p>

    <p class='ocr_par' dir='ltr' id='par_1_25' title="bbox 211 3100 1500 3260">
     <span class='ocr_line' id='line_1_34' title="bbox 211 3100 1500 3177; baseline 0.003 -20"><span class='ocrx_word' id='word_1_219' title='bbox 211 3100 341 3157; x_wconf 80' lang='lat' dir='ltr'><strong>latentia</strong></span> <span class='ocrx_word' id='word_1_220' title='bbox 355 3103 384 3156; x_wconf 90' lang='lat' dir='ltr'><strong>in</strong></span> <span class='ocrx_word' id='word_1_221' title='bbox 401 3103 568 3177; x_wconf 88' lang='lat' dir='ltr'><strong>impletione</strong></span> <span class='ocrx_word' id='word_1_222' title='bbox 580 3104 671 3174; x_wconf 84' lang='lat' dir='ltr'><strong>legis,</strong></span> <span class='ocrx_word' id='word_1_223' title='bbox 688 3108 715 3174; x_wconf 90' lang='lat'><strong>1,</strong></span> <span class='ocrx_word' id='word_1_224' title='bbox 731 3106 797 3174; x_wconf 75' lang='lat'><strong>1553</strong></span> <span class='ocrx_word' id='word_1_225' title='bbox 817 3107 846 3161; x_wconf 92' lang='lat' dir='ltr'><strong>in</strong></span> <span class='ocrx_word' id='word_1_226' title='bbox 862 3106 1039 3163; x_wconf 84' lang='lat' dir='ltr'><strong>coniectione</strong></span> <span class='ocrx_word' id='word_1_227' title='bbox 1056 3105 1248 3172; x_wconf 80' lang='lat' dir='ltr'><strong>sacramenti,</strong></span> <span class='ocrx_word' id='word_1_228' title='bbox 1263 3105 1303 3175; x_wconf 87' lang='grc' dir='ltr'><strong>ΙΙ,</strong></span> <span class='ocrx_word' id='word_1_229' title='bbox 1320 3103 1371 3173; x_wconf 87' lang='grc'><strong>85;</strong></span> <span class='ocrx_word' id='word_1_230' title='bbox 1389 3105 1421 3161; x_wconf 93' lang='lat' dir='ltr'><strong>in</strong></span> <span class='ocrx_word' id='word_1_231' title='bbox 1436 3107 1500 3177; x_wconf 85' lang='lat' dir='ltr'><strong>ejus</strong></span> 
     </span>
     <span class='ocr_line' id='line_1_35' title="bbox 249 3182 1249 3260; baseline 0.007 -24"><span class='ocrx_word' id='word_1_232' title='bbox 249 3182 446 3255; x_wconf 80' lang='lat' dir='ltr'><strong>susceptione,</strong></span> <span class='ocrx_word' id='word_1_233' title='bbox 463 3183 511 3252; x_wconf 82' lang='lat'><strong>963</strong></span> <span class='ocrx_word' id='word_1_234' title='bbox 528 3183 563 3240; x_wconf 87' lang='lat' dir='ltr'><strong>ad</strong></span> <span class='ocrx_word' id='word_1_235' title='bbox 579 3184 717 3254; x_wconf 88' lang='lat' dir='ltr'><strong>Ordines,</strong></span> <span class='ocrx_word' id='word_1_236' title='bbox 731 3185 820 3254; x_wconf 48' lang='lat' dir='ltr'><strong>ittae</strong></span> <span class='ocrx_word' id='word_1_237' title='bbox 835 3187 865 3241; x_wconf 92' lang='lat' dir='ltr'><strong>in</strong></span> <span class='ocrx_word' id='word_1_238' title='bbox 880 3187 969 3245; x_wconf 78' lang='lat' dir='ltr'><strong>llissa</strong></span> <span class='ocrx_word' id='word_1_239' title='bbox 984 3187 1169 3260; x_wconf 83' lang='lat' dir='ltr'><strong>applicanda,</strong></span> <span class='ocrx_word' id='word_1_240' title='bbox 1186 3185 1249 3243; x_wconf 91' lang='grc'><strong>455.</strong></span> 
     </span>
    </p>

    <p class='ocr_par' dir='ltr' id='par_1_26' title="bbox 217 3261 547 3330">
     <span class='ocr_line' id='line_1_36' title="bbox 217 3261 547 3330; baseline 0.012 -14"><span class='ocrx_word' id='word_1_241' title='bbox 217 3261 342 3316; x_wconf 74' lang='lat' dir='ltr'><strong>latercli</strong></span> <span class='ocrx_word' id='word_1_242' title='bbox 355 3269 435 3329; x_wconf 86' lang='lat' dir='ltr'><strong>tum,</strong></span> <span class='ocrx_word' id='word_1_243' title='bbox 452 3267 492 3330; x_wconf 90' lang='lat' dir='ltr'><strong>ll,</strong></span> <span class='ocrx_word' id='word_1_244' title='bbox 505 3266 522 3319; x_wconf 92' lang='grc'><strong>4</strong></span> <span class='ocrx_word' id='word_1_245' title='bbox 540 3307 547 3320; x_wconf 93' lang='grc'><strong>.</strong></span> 
     </span>
    </p>

    <p class='ocr_par' dir='ltr' id='par_1_27' title="bbox 212 3341 646 3414">
     <span class='ocr_line' id='line_1_37' title="bbox 212 3341 646 3414; baseline 0.009 -18"><span class='ocrx_word' id='word_1_246' title='bbox 212 3341 373 3396; x_wconf 63' lang='lat' dir='ltr'><strong>interdicti</strong></span> <span class='ocrx_word' id='word_1_247' title='bbox 389 3344 524 3412; x_wconf 85' lang='lat' dir='ltr'><strong>civiliter,</strong></span> <span class='ocrx_word' id='word_1_248' title='bbox 541 3343 566 3414; x_wconf 92' lang='lat' dir='ltr'><strong>l,</strong></span> <span class='ocrx_word' id='word_1_249' title='bbox 582 3343 646 3400; x_wconf 88' lang='grc'><strong>480.</strong></span> 
     </span>
    </p>

    <p class='ocr_par' dir='ltr' id='par_1_28' title="bbox 213 3421 645 3492">
     <span class='ocr_line' id='line_1_38' title="bbox 213 3421 645 3492; baseline 0.007 -16"><span class='ocrx_word' id='word_1_250' title='bbox 213 3421 426 3492; x_wconf 67' lang='lat' dir='ltr'><strong>luterpmtotio</strong></span> <span class='ocrx_word' id='word_1_251' title='bbox 440 3423 529 3492; x_wconf 86' lang='lat' dir='ltr'><strong>legis,</strong></span> <span class='ocrx_word' id='word_1_252' title='bbox 544 3425 568 3491; x_wconf 94' lang='lat' dir='ltr'><strong>l,</strong></span> <span class='ocrx_word' id='word_1_253' title='bbox 582 3423 645 3479; x_wconf 86' lang='grc'><strong>459.</strong></span> 
     </span>
    </p>

    <p class='ocr_par' dir='ltr' id='par_1_29' title="bbox 214 3499 735 3562">
     <span class='ocr_line' id='line_1_39' title="bbox 214 3499 735 3562; baseline 0.013 -7"><span class='ocrx_word' id='word_1_254' title='bbox 214 3499 360 3556; x_wconf 81' lang='lat' dir='ltr'><strong>Interesse</strong></span> <span class='ocrx_word' id='word_1_255' title='bbox 371 3504 400 3557; x_wconf 90' lang='lat' dir='ltr'><strong>in</strong></span> <span class='ocrx_word' id='word_1_256' title='bbox 416 3505 525 3559; x_wconf 88' lang='lat' dir='ltr'><strong>mutue.</strong></span> <span class='ocrx_word' id='word_1_257' title='bbox 543 3503 613 3562; x_wconf 88' lang='lat' dir='ltr'><strong>Vide</strong></span> <span class='ocrx_word' id='word_1_258' title='bbox 627 3503 735 3561; x_wconf 83' lang='lat' dir='ltr'><strong>Usuro.</strong></span> 
     </span>
    </p>

    <p class='ocr_par' dir='ltr' id='par_1_30' title="bbox 214 3579 1126 3655">
     <span class='ocr_line' id='line_1_40' title="bbox 214 3579 1126 3655; baseline 0.008 -21"><span class='ocrx_word' id='word_1_259' title='bbox 214 3579 414 3652; x_wconf 80' lang='lat' dir='ltr'><strong>luterropotio</strong></span> <span class='ocrx_word' id='word_1_260' title='bbox 428 3600 491 3654; x_wconf 71' lang='lat' dir='ltr'><strong>quae</strong></span> <span class='ocrx_word' id='word_1_261' title='bbox 505 3583 537 3638; x_wconf 85' lang='lat' dir='ltr'><strong>ut</strong></span> <span class='ocrx_word' id='word_1_262' title='bbox 551 3599 568 3638; x_wconf 90' lang='lat' dir='ltr'><strong>a</strong></span> <span class='ocrx_word' id='word_1_263' title='bbox 580 3583 692 3654; x_wconf 88' lang='lat' dir='ltr'><strong>judice,</strong></span> <span class='ocrx_word' id='word_1_264' title='bbox 704 3588 744 3653; x_wconf 92' lang='lat' dir='ltr'><strong>ll,</strong></span> <span class='ocrx_word' id='word_1_265' title='bbox 759 3583 807 3654; x_wconf 78' lang='grc'><strong>44;</strong></span> <span class='ocrx_word' id='word_1_266' title='bbox 821 3601 838 3640; x_wconf 88' lang='grc'><strong>0</strong></span> <span class='ocrx_word' id='word_1_267' title='bbox 851 3586 1046 3655; x_wconf 79' lang='lat' dir='ltr'><strong>confessario,</strong></span> <span class='ocrx_word' id='word_1_268' title='bbox 1063 3583 1126 3641; x_wconf 76' lang='grc'><strong>477.</strong></span> 
     </span>
    </p>

    <p class='ocr_par' dir='ltr' id='par_1_31' title="bbox 214 3659 1502 3892">
     <span class='ocr_line' id='line_1_41' title="bbox 214 3659 1502 3738; baseline 0.002 -22"><span class='ocrx_word' id='word_1_269' title='bbox 214 3659 402 3732; x_wconf 83' lang='lat' dir='ltr'><strong>interruptio</strong></span> <span class='ocrx_word' id='word_1_270' title='bbox 416 3669 531 3718; x_wconf 83' lang='lat' dir='ltr'><strong>actuum</strong></span> <span class='ocrx_word' id='word_1_271' title='bbox 544 3662 578 3718; x_wconf 86' lang='lat' dir='ltr'><strong>ad</strong></span> <span class='ocrx_word' id='word_1_272' title='bbox 590 3679 688 3720; x_wconf 90' lang='lat' dir='ltr'><strong>eorum</strong></span> <span class='ocrx_word' id='word_1_273' title='bbox 700 3664 983 3738; x_wconf 89' lang='lat' dir='ltr'><strong>multiplicationem,</strong></span> <span class='ocrx_word' id='word_1_274' title='bbox 999 3669 1026 3735; x_wconf 92' lang='lat' dir='ltr'><strong>l,</strong></span> <span class='ocrx_word' id='word_1_275' title='bbox 1039 3665 1105 3734; x_wconf 76' lang='lat'><strong>1913</strong></span> <span class='ocrx_word' id='word_1_276' title='bbox 1120 3665 1149 3720; x_wconf 89' lang='lat' dir='ltr'><strong>in</strong></span> <span class='ocrx_word' id='word_1_277' title='bbox 1160 3663 1207 3720; x_wconf 88' lang='lat' dir='ltr'><strong>die</strong></span> <span class='ocrx_word' id='word_1_278' title='bbox 1217 3663 1340 3736; x_wconf 75' lang='lat' dir='ltr'><strong>ieiunii,</strong></span> <span class='ocrx_word' id='word_1_279' title='bbox 1354 3663 1390 3718; x_wconf 89' lang='lat' dir='ltr'><strong>ad</strong></span> <span class='ocrx_word' id='word_1_280' title='bbox 1406 3679 1502 3719; x_wconf 88' lang='lat' dir='ltr'><strong>ceme-</strong></span> 
     </span>
     <span class='ocr_line' id='line_1_42' title="bbox 251 3740 1500 3816; baseline 0.003 -21"><span class='ocrx_word' id='word_1_281' title='bbox 251 3740 391 3808; x_wconf 88' lang='lat' dir='ltr'><strong>stionem,</strong></span> <span class='ocrx_word' id='word_1_282' title='bbox 407 3741 475 3810; x_wconf 84' lang='grc'><strong>305;</strong></span> <span class='ocrx_word' id='word_1_283' title='bbox 491 3743 521 3798; x_wconf 85' lang='grc'><strong>40</strong></span> <span class='ocrx_word' id='word_1_284' title='bbox 538 3745 768 3816; x_wconf 73' lang='lat' dir='ltr'><strong>prescriptione,</strong></span> <span class='ocrx_word' id='word_1_285' title='bbox 782 3745 848 3816; x_wconf 90' lang='grc'><strong>397;</strong></span> <span class='ocrx_word' id='word_1_286' title='bbox 865 3748 896 3802; x_wconf 85' lang='grc'><strong>40</strong></span> <span class='ocrx_word' id='word_1_287' title='bbox 915 3746 1164 3803; x_wconf 83' lang='lat' dir='ltr'><strong>administratione</strong></span> <span class='ocrx_word' id='word_1_288' title='bbox 1178 3744 1373 3812; x_wconf 85' lang='lat' dir='ltr'><strong>Sacrameuti,</strong></span> <span class='ocrx_word' id='word_1_289' title='bbox 1389 3745 1434 3812; x_wconf 88' lang='lat' dir='ltr'><strong>ll,</strong></span> <span class='ocrx_word' id='word_1_290' title='bbox 1451 3743 1500 3812; x_wconf 81' lang='lat'><strong>833</strong></span> 
     </span>
     <span class='ocr_line' id='line_1_43' title="bbox 251 3819 699 3892; baseline 0.016 -18"><span class='ocrx_word' id='word_1_291' title='bbox 251 3819 280 3875; x_wconf 90' lang='lat' dir='ltr'><strong>in</strong></span> <span class='ocrx_word' id='word_1_292' title='bbox 292 3823 393 3889; x_wconf 89' lang='lat' dir='ltr'><strong>lloris,</strong></span> <span class='ocrx_word' id='word_1_293' title='bbox 409 3820 458 3890; x_wconf 77' lang='lat'><strong>333</strong></span> <span class='ocrx_word' id='word_1_294' title='bbox 476 3824 622 3892; x_wconf 70' lang='lat' dir='ltr'><strong>iniussa,</strong></span> <span class='ocrx_word' id='word_1_295' title='bbox 637 3823 699 3882; x_wconf 84' lang='grc'><strong>478.</strong></span> 
     </span>
    </p>

    <p class='ocr_par' dir='ltr' id='par_1_32' title="bbox 215 3899 1501 4034">
     <span class='ocr_line' id='line_1_44' title="bbox 215 3899 1501 4034; baseline 0.006 -80"><span class='ocrx_word' id='word_1_296' title='bbox 215 3899 364 4034; x_wconf 54' lang='lat' dir='ltr'><strong>leggono.</strong></span> <span class='ocrx_word' id='word_1_297' title='bbox 380 3902 478 3968; x_wconf 88' lang='lat' dir='ltr'><strong>Quoad</strong></span> <span class='ocrx_word' id='word_1_298' title='bbox 501 3904 677 3975; x_wconf 91' lang='lat' dir='ltr'><strong>dominium,</strong></span> <span class='ocrx_word' id='word_1_299' title='bbox 695 3905 721 3975; x_wconf 90' lang='lat' dir='ltr'><strong>l,</strong></span> <span class='ocrx_word' id='word_1_300' title='bbox 742 3905 808 3976; x_wconf 79' lang='lat'><strong>3933</strong></span> <span class='ocrx_word' id='word_1_301' title='bbox 826 3907 894 3982; x_wconf 82' lang='lat' dir='ltr'><strong>quid</strong></span> <span class='ocrx_word' id='word_1_302' title='bbox 913 3908 993 3966; x_wconf 91' lang='lat' dir='ltr'><strong>dere</strong></span> <span class='ocrx_word' id='word_1_303' title='bbox 1014 3906 1228 3982; x_wconf 84' lang='lat' dir='ltr'><strong>nuperamisse</strong></span> <span class='ocrx_word' id='word_1_304' title='bbox 1249 3921 1314 3979; x_wconf 77' lang='lat' dir='ltr'><strong>quae</strong></span> <span class='ocrx_word' id='word_1_305' title='bbox 1334 3905 1501 3962; x_wconf 65' lang='lat' dir='ltr'><strong>invenitur?</strong></span> 
     </span>
    </p>

    <p class='ocr_par' dir='ltr' id='par_1_33' title="bbox 289 3983 589 4037">
     <span class='ocr_line' id='line_1_45' title="bbox 289 3983 589 4037; baseline 0.003 -22"><span class='ocrx_word' id='word_1_306' title='bbox 289 3983 315 4037; x_wconf 53' lang='grc'><strong>4,</strong></span> <span class='ocrx_word' id='word_1_307' title='bbox 586 4011 589 4016; x_wconf 96' lang='grc'><strong>.</strong></span> 
     </span>
    </p>

    <p class='ocr_par' dir='ltr' id='par_1_34' title="bbox 214 4058 751 4136">
     <span class='ocr_line' id='line_1_46' title="bbox 214 4058 751 4136; baseline 0.02 -23"><span class='ocrx_word' id='word_1_308' title='bbox 214 4058 347 4116; x_wconf 85' lang='lat' dir='ltr'><strong>Inuidia.</strong></span> <span class='ocrx_word' id='word_1_309' title='bbox 364 4063 456 4130; x_wconf 82' lang='lat' dir='ltr'><strong>Quid?</strong></span> <span class='ocrx_word' id='word_1_310' title='bbox 468 4066 530 4136; x_wconf 84' lang='lat' dir='ltr'><strong>ejus</strong></span> <span class='ocrx_word' id='word_1_311' title='bbox 546 4065 628 4135; x_wconf 73' lang='lat' dir='ltr'><strong>filiae,</strong></span> <span class='ocrx_word' id='word_1_312' title='bbox 646 4069 671 4136; x_wconf 90' lang='lat' dir='ltr'><strong>l,</strong></span> <span class='ocrx_word' id='word_1_313' title='bbox 689 4067 751 4124; x_wconf 90' lang='grc'><strong>498.</strong></span> 
     </span>
    </p>

    <p class='ocr_par' dir='ltr' id='par_1_35' title="bbox 214 4138 681 4223">
     <span class='ocr_line' id='line_1_47' title="bbox 214 4138 681 4223; baseline 0.017 -28"><span class='ocrx_word' id='word_1_314' title='bbox 214 4138 275 4195; x_wconf 80' lang='lat' dir='ltr'><strong>rra.</strong></span> <span class='ocrx_word' id='word_1_315' title='bbox 290 4139 386 4207; x_wconf 78' lang='lat' dir='ltr'><strong>Quid?</strong></span> <span class='ocrx_word' id='word_1_316' title='bbox 400 4143 463 4215; x_wconf 87' lang='lat' dir='ltr'><strong>ejus</strong></span> <span class='ocrx_word' id='word_1_317' title='bbox 474 4145 558 4223; x_wconf 69' lang='lat' dir='ltr'><strong>filins,</strong></span> <span class='ocrx_word' id='word_1_318' title='bbox 575 4149 601 4215; x_wconf 93' lang='lat' dir='ltr'><strong>l,</strong></span> <span class='ocrx_word' id='word_1_319' title='bbox 619 4147 681 4203; x_wconf 91' lang='grc'><strong>498.</strong></span> 
     </span>
    </p>

    <p class='ocr_par' dir='ltr' id='par_1_36' title="bbox 215 4217 1319 4302">
     <span class='ocr_line' id='line_1_48' title="bbox 215 4217 1319 4302; baseline 0.007 -27"><span class='ocrx_word' id='word_1_320' title='bbox 215 4217 441 4293; x_wconf 75' lang='lat' dir='ltr'><strong>lrreputoritns.</strong></span> <span class='ocrx_word' id='word_1_321' title='bbox 456 4225 636 4301; x_wconf 77' lang='lat' dir='ltr'><strong>Quotuplex?</strong></span> <span class='ocrx_word' id='word_1_322' title='bbox 651 4229 692 4297; x_wconf 93' lang='lat' dir='ltr'><strong>ll,</strong></span> <span class='ocrx_word' id='word_1_323' title='bbox 709 4225 778 4299; x_wconf 87' lang='grc'><strong>485;</strong></span> <span class='ocrx_word' id='word_1_324' title='bbox 792 4245 826 4285; x_wconf 81' lang='lat' dir='ltr'><strong>er</strong></span> <span class='ocrx_word' id='word_1_325' title='bbox 841 4227 968 4302; x_wconf 86' lang='lat' dir='ltr'><strong>delectu,</strong></span> <span class='ocrx_word' id='word_1_326' title='bbox 985 4226 1052 4299; x_wconf 76' lang='lat'><strong>4873</strong></span> <span class='ocrx_word' id='word_1_327' title='bbox 1071 4243 1106 4285; x_wconf 84' lang='lat' dir='ltr'><strong>ex</strong></span> <span class='ocrx_word' id='word_1_328' title='bbox 1117 4225 1236 4296; x_wconf 84' lang='lat' dir='ltr'><strong>delicto,</strong></span> <span class='ocrx_word' id='word_1_329' title='bbox 1253 4225 1319 4283; x_wconf 88' lang='grc'><strong>490.</strong></span> 
     </span>
    </p>

    <p class='ocr_par' dir='ltr' id='par_1_37' title="bbox 216 4299 1313 4382">
     <span class='ocr_line' id='line_1_49' title="bbox 216 4299 1313 4382; baseline 0.008 -28"><span class='ocrx_word' id='word_1_330' title='bbox 216 4299 353 4357; x_wconf 81' lang='lat' dir='ltr'><strong>lrritotio</strong></span> <span class='ocrx_word' id='word_1_331' title='bbox 365 4303 473 4360; x_wconf 88' lang='lat' dir='ltr'><strong>ratione</strong></span> <span class='ocrx_word' id='word_1_332' title='bbox 487 4306 575 4376; x_wconf 83' lang='lat' dir='ltr'><strong>legis,</strong></span> <span class='ocrx_word' id='word_1_333' title='bbox 587 4310 613 4374; x_wconf 89' lang='lat' dir='ltr'><strong>l,</strong></span> <span class='ocrx_word' id='word_1_334' title='bbox 626 4308 687 4364; x_wconf 90' lang='grc'><strong>474.</strong></span> <span class='ocrx_word' id='word_1_335' title='bbox 704 4339 740 4350; x_wconf 93' lang='grc'>-</span> <span class='ocrx_word' id='word_1_336' title='bbox 754 4311 875 4366; x_wconf 79' lang='lat' dir='ltr'><strong>lrritatio</strong></span> <span class='ocrx_word' id='word_1_337' title='bbox 886 4311 958 4380; x_wconf 81' lang='lat' dir='ltr'><strong>voti,</strong></span> <span class='ocrx_word' id='word_1_338' title='bbox 979 4307 1047 4380; x_wconf 69' lang='lat'><strong>2803</strong></span> <span class='ocrx_word' id='word_1_339' title='bbox 1061 4307 1231 4382; x_wconf 85' lang='lat' dir='ltr'><strong>juramenti,</strong></span> <span class='ocrx_word' id='word_1_340' title='bbox 1247 4305 1313 4363; x_wconf 74' lang='lat'><strong>272.</strong></span> 
     </span>
    </p>

    <p class='ocr_par' dir='ltr' id='par_1_38' title="bbox 213 4379 1190 4466">
     <span class='ocr_line' id='line_1_50' title="bbox 213 4379 1190 4466; baseline 0.012 -32"><span class='ocrx_word' id='word_1_341' title='bbox 213 4379 283 4436; x_wconf 76' lang='lat' dir='ltr'><strong>lter.</strong></span> <span class='ocrx_word' id='word_1_342' title='bbox 300 4383 342 4438; x_wconf 75' lang='lat' dir='ltr'><strong>nn</strong></span> <span class='ocrx_word' id='word_1_343' title='bbox 356 4383 468 4441; x_wconf 85' lang='lat' dir='ltr'><strong>licitum</strong></span> <span class='ocrx_word' id='word_1_344' title='bbox 483 4385 529 4444; x_wconf 89' lang='lat' dir='ltr'><strong>die</strong></span> <span class='ocrx_word' id='word_1_345' title='bbox 542 4387 634 4444; x_wconf 82' lang='lat' dir='ltr'><strong>testo?</strong></span> <span class='ocrx_word' id='word_1_346' title='bbox 649 4391 675 4459; x_wconf 94' lang='lat'><strong>1,</strong></span> <span class='ocrx_word' id='word_1_347' title='bbox 691 4388 758 4460; x_wconf 69' lang='lat'><strong>2953</strong></span> <span class='ocrx_word' id='word_1_348' title='bbox 771 4406 809 4448; x_wconf 86' lang='lat' dir='ltr'><strong>an</strong></span> <span class='ocrx_word' id='word_1_349' title='bbox 821 4393 939 4450; x_wconf 82' lang='lat' dir='ltr'><strong>excuset</strong></span> <span class='ocrx_word' id='word_1_350' title='bbox 953 4407 971 4449; x_wconf 90' lang='grc'><strong>0</strong></span> <span class='ocrx_word' id='word_1_351' title='bbox 982 4389 1113 4466; x_wconf 75' lang='lat' dir='ltr'><strong>jejunio?</strong></span> <span class='ocrx_word' id='word_1_352' title='bbox 1127 4387 1190 4447; x_wconf 84' lang='grc'><strong>067.</strong></span> 
     </span>
    </p>
   </div>
   <div class='ocr_carea' id='block_1_4' title="bbox 1449 4501 1574 4674">
    <p class='ocr_par' dir='ltr' id='par_1_39' title="bbox 1449 4501 1574 4674">
     <span class='ocr_line' id='line_1_51' title="bbox 1573 4501 1574 4510; baseline 0 0"><span class='ocrx_word' id='word_1_353' title='bbox 1573 4501 1574 4510; x_wconf 76' lang='lat' dir='ltr'><strong>i</strong></span> 
     </span>
     <span class='ocr_line' id='line_1_52' title="bbox 1449 4667 1454 4674; baseline 0 -3"><span class='ocrx_word' id='word_1_354' title='bbox 1449 4667 1454 4674; x_wconf 76' lang='grc'><strong>,</strong></span> 
     </span>
    </p>
   </div>
   <div class='ocr_carea' id='block_1_5' title="bbox 0 0 1617 5040">
    <p class='ocr_par' dir='ltr' id='par_1_40' title="bbox 0 0 1617 5040">
     <span class='ocr_line' id='line_1_53' title="bbox 0 0 1617 5040; baseline 0 0"><span class='ocrx_word' id='word_1_355' title='bbox 0 0 1617 5040; x_wconf 95' lang='lat' dir='ltr'><strong> </strong></span> 
     </span>
    </p>
   </div>
  </div>
 </body>
</html>
