<?xml version="1.0" encoding="UTF-8"?>
<!DOCTYPE html PUBLIC "-//W3C//DTD XHTML 1.0 Transitional//EN"
    "http://www.w3.org/TR/xhtml1/DTD/xhtml1-transitional.dtd">
<html xmlns="http://www.w3.org/1999/xhtml" xml:lang="en" lang="en">
 <head>
  <title>
</title>
<meta http-equiv="Content-Type" content="text/html;charset=utf-8" />
  <meta name='ocr-system' content='tesseract 3.04.00' />
  <meta name='ocr-capabilities' content='ocr_page ocr_carea ocr_par ocr_line ocrx_word'/>
</head>
<body>
  <div class='ocr_page' id='page_1' title='image "./compendiumtheol03gurygoog_0025.png"; bbox 0 0 3198 5034; ppageno 0'>
   <div class='ocr_carea' id='block_1_1' title="bbox 150 179 890 240">
    <p class='ocr_par' dir='ltr' id='par_1_1' title="bbox 150 179 890 240">
     <span class='ocr_line' id='line_1_1' title="bbox 150 179 890 240; baseline -0.012 0"><span class='ocrx_word' id='word_1_1' title='bbox 150 179 194 240; x_wconf 88' lang='grc'>19</span> <span class='ocrx_word' id='word_1_2' title='bbox 679 187 890 233; x_wconf 69' lang='lat' dir='ltr'>cancarrus</span> 
     </span>
    </p>
   </div>
   <div class='ocr_carea' id='block_1_2' title="bbox 148 303 1425 923">
    <p class='ocr_par' dir='ltr' id='par_1_2' title="bbox 148 303 1422 481">
     <span class='ocr_line' id='line_1_2' title="bbox 148 303 1422 389; baseline -0.009 -13"><span class='ocrx_word' id='word_1_3' title='bbox 148 318 237 389; x_wconf 88' lang='lat' dir='ltr'>tum;</span> <span class='ocrx_word' id='word_1_4' title='bbox 266 315 298 375; x_wconf 86' lang='grc'>30</span> <span class='ocrx_word' id='word_1_5' title='bbox 321 308 454 373; x_wconf 84' lang='lat' dir='ltr'>baeretici</span> <span class='ocrx_word' id='word_1_6' title='bbox 477 327 538 372; x_wconf 90' lang='lat' dir='ltr'>non</span> <span class='ocrx_word' id='word_1_7' title='bbox 560 308 697 383; x_wconf 89' lang='lat' dir='ltr'>tolerati,</span> <span class='ocrx_word' id='word_1_8' title='bbox 722 315 754 371; x_wconf 87' lang='lat' dir='ltr'>et</span> <span class='ocrx_word' id='word_1_9' title='bbox 777 306 1034 371; x_wconf 80' lang='lat' dir='ltr'>excommunicati</span> <span class='ocrx_word' id='word_1_10' title='bbox 1054 311 1192 388; x_wconf 83' lang='lat' dir='ltr'>respectu</span> <span class='ocrx_word' id='word_1_11' title='bbox 1214 303 1363 367; x_wconf 87' lang='lat' dir='ltr'>fidelium.</span> <span class='ocrx_word' id='word_1_12' title='bbox 1380 341 1422 351; x_wconf 93' lang='lat'><em>-</em></span> 
     </span>
     <span class='ocr_line' id='line_1_3' title="bbox 152 401 409 481; baseline -0.023 -17"><span class='ocrx_word' id='word_1_13' title='bbox 152 401 189 464; x_wconf 89' lang='lat' dir='ltr'>S.</span> <span class='ocrx_word' id='word_1_14' title='bbox 205 401 275 481; x_wconf 70' lang='lat' dir='ltr'>cip.</span> <span class='ocrx_word' id='word_1_15' title='bbox 292 420 324 460; x_wconf 89' lang='lat' dir='ltr'>n.</span> <span class='ocrx_word' id='word_1_16' title='bbox 340 403 409 464; x_wconf 91' lang='grc'><strong>938.</strong></span> 
     </span>
    </p>

    <p class='ocr_par' dir='ltr' id='par_1_3' title="bbox 149 482 1423 750">
     <span class='ocr_line' id='line_1_4' title="bbox 189 482 1423 566; baseline -0.006 -14"><span class='ocrx_word' id='word_1_17' title='bbox 189 492 400 562; x_wconf 85' lang='lat' dir='ltr'>Accusatores,</span> <span class='ocrx_word' id='word_1_18' title='bbox 416 506 454 550; x_wconf 84' lang='lat' dir='ltr'>ex</span> <span class='ocrx_word' id='word_1_19' title='bbox 469 488 576 550; x_wconf 91' lang='lat' dir='ltr'>eodem</span> <span class='ocrx_word' id='word_1_20' title='bbox 587 488 662 550; x_wconf 78' lang='lat' dir='ltr'>dure</span> <span class='ocrx_word' id='word_1_21' title='bbox 673 487 824 566; x_wconf 83' lang='lat' dir='ltr'>Romano,</span> <span class='ocrx_word' id='word_1_22' title='bbox 843 485 919 548; x_wconf 90' lang='lat' dir='ltr'>side</span> <span class='ocrx_word' id='word_1_23' title='bbox 934 483 1088 548; x_wconf 88' lang='lat' dir='ltr'>calumnia</span> <span class='ocrx_word' id='word_1_24' title='bbox 1106 482 1339 558; x_wconf 77' lang='lat' dir='ltr'>convincantur,</span> <span class='ocrx_word' id='word_1_25' title='bbox 1358 501 1423 564; x_wconf 85' lang='lat' dir='ltr'>poe-</span> 
     </span>
     <span class='ocr_line' id='line_1_5' title="bbox 149 571 1423 656; baseline -0.007 -14"><span class='ocrx_word' id='word_1_26' title='bbox 149 597 224 642; x_wconf 88' lang='lat' dir='ltr'>nam</span> <span class='ocrx_word' id='word_1_27' title='bbox 243 577 364 639; x_wconf 84' lang='lat' dir='ltr'>talionis</span> <span class='ocrx_word' id='word_1_28' title='bbox 384 577 562 650; x_wconf 88' lang='lat' dir='ltr'>incurrunt,</span> <span class='ocrx_word' id='word_1_29' title='bbox 582 593 693 656; x_wconf 84' lang='lat' dir='ltr'>nempe</span> <span class='ocrx_word' id='word_1_30' title='bbox 714 593 852 654; x_wconf 87' lang='lat' dir='ltr'>poenam,</span> <span class='ocrx_word' id='word_1_31' title='bbox 873 592 967 656; x_wconf 85' lang='lat' dir='ltr'>quam</span> <span class='ocrx_word' id='word_1_32' title='bbox 985 592 1040 654; x_wconf 92' lang='lat' dir='ltr'>pro</span> <span class='ocrx_word' id='word_1_33' title='bbox 1055 577 1194 634; x_wconf 88' lang='lat' dir='ltr'>accusato</span> <span class='ocrx_word' id='word_1_34' title='bbox 1210 571 1423 654; x_wconf 74' lang='lat' dir='ltr'>requirebant,</span> 
     </span>
     <span class='ocr_line' id='line_1_6' title="bbox 149 664 462 750; baseline -0.013 -20"><span class='ocrx_word' id='word_1_35' title='bbox 149 667 210 750; x_wconf 90' lang='lat' dir='ltr'>ipsi</span> <span class='ocrx_word' id='word_1_36' title='bbox 224 665 327 729; x_wconf 88' lang='lat' dir='ltr'>subire</span> <span class='ocrx_word' id='word_1_37' title='bbox 341 664 462 728; x_wconf 90' lang='lat' dir='ltr'>debent.</span> 
     </span>
    </p>

    <p class='ocr_par' dir='ltr' id='par_1_4' title="bbox 151 748 1425 923">
     <span class='ocr_line' id='line_1_7' title="bbox 190 748 1423 834; baseline -0.005 -16"><span class='ocrx_word' id='word_1_38' title='bbox 190 755 246 818; x_wconf 79' lang='lat' dir='ltr'>En</span> <span class='ocrx_word' id='word_1_39' title='bbox 258 756 333 816; x_wconf 85' lang='lat' dir='ltr'>Jnre</span> <span class='ocrx_word' id='word_1_40' title='bbox 346 760 450 816; x_wconf 91' lang='lat' dir='ltr'>autem</span> <span class='ocrx_word' id='word_1_41' title='bbox 466 753 583 817; x_wconf 84' lang='lat' dir='ltr'>Gallico</span> <span class='ocrx_word' id='word_1_42' title='bbox 600 753 719 816; x_wconf 90' lang='lat' dir='ltr'>nemini</span> <span class='ocrx_word' id='word_1_43' title='bbox 736 752 857 834; x_wconf 87' lang='lat' dir='ltr'>privato</span> <span class='ocrx_word' id='word_1_44' title='bbox 876 751 1100 815; x_wconf 88' lang='lat' dir='ltr'>accusationem</span> <span class='ocrx_word' id='word_1_45' title='bbox 1118 749 1281 812; x_wconf 85' lang='lat' dir='ltr'>inst&#39;tuere</span> <span class='ocrx_word' id='word_1_46' title='bbox 1300 748 1346 812; x_wconf 84' lang='lat' dir='ltr'>fas</span> <span class='ocrx_word' id='word_1_47' title='bbox 1360 757 1423 823; x_wconf 87' lang='lat' dir='ltr'>est,</span> 
     </span>
     <span class='ocr_line' id='line_1_8' title="bbox 151 837 1425 923; baseline -0.005 -16"><span class='ocrx_word' id='word_1_48' title='bbox 151 845 204 908; x_wconf 89' lang='lat' dir='ltr'>scd</span> <span class='ocrx_word' id='word_1_49' title='bbox 226 848 327 906; x_wconf 87' lang='lat' dir='ltr'>totum</span> <span class='ocrx_word' id='word_1_50' title='bbox 352 861 469 905; x_wconf 91' lang='lat' dir='ltr'>munus</span> <span class='ocrx_word' id='word_1_51' title='bbox 487 841 649 905; x_wconf 91' lang='lat' dir='ltr'>accusandi</span> <span class='ocrx_word' id='word_1_52' title='bbox 668 841 845 923; x_wconf 78' lang='lat' dir='ltr'>crimenque</span> <span class='ocrx_word' id='word_1_53' title='bbox 863 839 1012 921; x_wconf 89' lang='lat' dir='ltr'>probandi</span> <span class='ocrx_word' id='word_1_54' title='bbox 1035 838 1090 902; x_wconf 87' lang='lat' dir='ltr'>soli</span> <span class='ocrx_word' id='word_1_55' title='bbox 1114 837 1311 918; x_wconf 77' lang='lat' dir='ltr'>magistratui</span> <span class='ocrx_word' id='word_1_56' title='bbox 1332 837 1425 901; x_wconf 87' lang='lat' dir='ltr'>adid</span> 
     </span>
    </p>
   </div>
   <div class='ocr_carea' id='block_1_3' title="bbox 151 926 1426 1188">
    <p class='ocr_par' dir='ltr' id='par_1_5' title="bbox 151 926 1426 1188">
     <span class='ocr_line' id='line_1_9' title="bbox 151 926 1426 1012; baseline -0.008 -15"><span class='ocrx_word' id='word_1_57' title='bbox 151 933 336 1008; x_wconf 87' lang='lat' dir='ltr'>constitute,</span> <span class='ocrx_word' id='word_1_58' title='bbox 363 950 416 994; x_wconf 89' lang='lat' dir='ltr'>seu</span> <span class='ocrx_word' id='word_1_59' title='bbox 442 930 573 1012; x_wconf 85' lang='lat' dir='ltr'>generali</span> <span class='ocrx_word' id='word_1_60' title='bbox 600 929 749 994; x_wconf 87' lang='lat' dir='ltr'>Gubernii</span> <span class='ocrx_word' id='word_1_61' title='bbox 771 929 957 1011; x_wconf 88' lang='lat' dir='ltr'>procuratori</span> <span class='ocrx_word' id='word_1_62' title='bbox 991 932 1175 990; x_wconf 87' lang='lat' dir='ltr'>reservatur.</span> <span class='ocrx_word' id='word_1_63' title='bbox 1198 927 1284 991; x_wconf 88' lang='lat' dir='ltr'>Unde</span> <span class='ocrx_word' id='word_1_64' title='bbox 1309 926 1362 1002; x_wconf 91' lang='lat' dir='ltr'>fit,</span> <span class='ocrx_word' id='word_1_65' title='bbox 1389 933 1426 988; x_wconf 90' lang='lat' dir='ltr'>ut</span> 
     </span>
     <span class='ocr_line' id='line_1_10' title="bbox 152 1014 1426 1102; baseline -0.005 -18"><span class='ocrx_word' id='word_1_66' title='bbox 152 1022 247 1086; x_wconf 89' lang='lat' dir='ltr'>etiam</span> <span class='ocrx_word' id='word_1_67' title='bbox 261 1021 462 1082; x_wconf 80' lang='lat' dir='ltr'>ministerium</span> <span class='ocrx_word' id='word_1_68' title='bbox 477 1019 630 1102; x_wconf 79' lang='lat' dir='ltr'>poblicum</span> <span class='ocrx_word' id='word_1_69' title='bbox 645 1025 851 1100; x_wconf 75' lang='lat' dir='ltr'>nuncupetur,</span> <span class='ocrx_word' id='word_1_70' title='bbox 868 1017 943 1098; x_wconf 88' lang='lat' dir='ltr'>quia</span> <span class='ocrx_word' id='word_1_71' title='bbox 958 1021 1058 1097; x_wconf 89' lang='lat' dir='ltr'>partes</span> <span class='ocrx_word' id='word_1_72' title='bbox 1075 1015 1307 1079; x_wconf 82' lang='lat' dir='ltr'>communitatis</span> <span class='ocrx_word' id='word_1_73' title='bbox 1321 1021 1352 1078; x_wconf 89' lang='lat' dir='ltr'>et</span> <span class='ocrx_word' id='word_1_74' title='bbox 1372 1014 1426 1077; x_wconf 90' lang='lat' dir='ltr'>bo-</span> 
     </span>
     <span class='ocr_line' id='line_1_11' title="bbox 152 1107 981 1188; baseline -0.007 -15"><span class='ocrx_word' id='word_1_75' title='bbox 152 1128 265 1173; x_wconf 89' lang='lat' dir='ltr'>norum</span> <span class='ocrx_word' id='word_1_76' title='bbox 276 1127 400 1172; x_wconf 89' lang='lat' dir='ltr'>morum</span> <span class='ocrx_word' id='word_1_77' title='bbox 414 1114 520 1172; x_wconf 85' lang='lat' dir='ltr'>contra</span> <span class='ocrx_word' id='word_1_78' title='bbox 533 1127 600 1171; x_wconf 85' lang='lat' dir='ltr'>reos</span> <span class='ocrx_word' id='word_1_79' title='bbox 614 1107 742 1188; x_wconf 84' lang='lat' dir='ltr'>suscipit</span> <span class='ocrx_word' id='word_1_80' title='bbox 755 1114 847 1188; x_wconf 86' lang='lat' dir='ltr'>atque</span> <span class='ocrx_word' id='word_1_81' title='bbox 863 1111 981 1169; x_wconf 90' lang='lat' dir='ltr'>tuetur.</span> 
     </span>
    </p>
   </div>
   <div class='ocr_carea' id='block_1_4' title="bbox 658 1301 916 1370">
    <p class='ocr_par' dir='ltr' id='par_1_6' title="bbox 658 1301 916 1370">
     <span class='ocr_line' id='line_1_12' title="bbox 658 1301 916 1370; baseline -0.012 0"><span class='ocrx_word' id='word_1_82' title='bbox 658 1301 705 1370; x_wconf 89' lang='grc' dir='ltr'>ΙΙ.</span> <span class='ocrx_word' id='word_1_83' title='bbox 720 1337 763 1352; x_wconf 90' lang='grc'>-</span> <span class='ocrx_word' id='word_1_84' title='bbox 782 1304 828 1369; x_wconf 88' lang='lat' dir='ltr'>De</span> <span class='ocrx_word' id='word_1_85' title='bbox 846 1320 916 1368; x_wconf 80' lang='lat' dir='ltr'>neo.</span> 
     </span>
    </p>
   </div>
   <div class='ocr_carea' id='block_1_5' title="bbox 155 1475 1427 1743">
    <p class='ocr_par' dir='ltr' id='par_1_7' title="bbox 155 1475 1427 1743">
     <span class='ocr_line' id='line_1_13' title="bbox 195 1475 1427 1567; baseline -0.006 -16"><span class='ocrx_word' id='word_1_86' title='bbox 195 1492 276 1551; x_wconf 86' lang='lat' dir='ltr'>lteus</span> <span class='ocrx_word' id='word_1_87' title='bbox 289 1485 403 1549; x_wconf 87' lang='lat' dir='ltr'>dicitur</span> <span class='ocrx_word' id='word_1_88' title='bbox 418 1487 485 1559; x_wconf 90' lang='lat' dir='ltr'>ille,</span> <span class='ocrx_word' id='word_1_89' title='bbox 502 1485 556 1566; x_wconf 91' lang='lat' dir='ltr'>qui</span> <span class='ocrx_word' id='word_1_90' title='bbox 572 1484 733 1567; x_wconf 84' lang='lat' dir='ltr'>injudicio</span> <span class='ocrx_word' id='word_1_91' title='bbox 745 1486 809 1548; x_wconf 85' lang='lat' dir='ltr'>sive</span> <span class='ocrx_word' id='word_1_92' title='bbox 824 1475 978 1546; x_wconf 87' lang='lat' dir='ltr'>criminali</span> <span class='ocrx_word' id='word_1_93' title='bbox 996 1482 1060 1545; x_wconf 88' lang='lat' dir='ltr'>sive</span> <span class='ocrx_word' id='word_1_94' title='bbox 1076 1481 1159 1544; x_wconf 87' lang='lat' dir='ltr'>civili</span> <span class='ocrx_word' id='word_1_95' title='bbox 1174 1487 1344 1556; x_wconf 88' lang='lat' dir='ltr'>accusatur,</span> <span class='ocrx_word' id='word_1_96' title='bbox 1362 1480 1427 1543; x_wconf 83' lang='lat' dir='ltr'>slve</span> 
     </span>
     <span class='ocr_line' id='line_1_14' title="bbox 155 1568 1426 1652; baseline -0.006 -14"><span class='ocrx_word' id='word_1_97' title='bbox 155 1593 266 1638; x_wconf 88' lang='lat' dir='ltr'>nocens</span> <span class='ocrx_word' id='word_1_98' title='bbox 281 1575 331 1650; x_wconf 90' lang='lat' dir='ltr'>sit,</span> <span class='ocrx_word' id='word_1_99' title='bbox 349 1574 414 1636; x_wconf 87' lang='lat' dir='ltr'>sive</span> <span class='ocrx_word' id='word_1_100' title='bbox 428 1574 582 1637; x_wconf 88' lang='lat' dir='ltr'>innocens.</span> <span class='ocrx_word' id='word_1_101' title='bbox 599 1577 640 1636; x_wconf 80' lang='lat' dir='ltr'>lle</span> <span class='ocrx_word' id='word_1_102' title='bbox 652 1592 702 1636; x_wconf 91' lang='lat' dir='ltr'>rec</span> <span class='ocrx_word' id='word_1_103' title='bbox 716 1573 802 1636; x_wconf 85' lang='lat' dir='ltr'>varia</span> <span class='ocrx_word' id='word_1_104' title='bbox 815 1576 962 1636; x_wconf 88' lang='lat' dir='ltr'>ccourunt</span> <span class='ocrx_word' id='word_1_105' title='bbox 976 1571 1079 1646; x_wconf 88' lang='lat' dir='ltr'>dubia,</span> <span class='ocrx_word' id='word_1_106' title='bbox 1091 1569 1262 1652; x_wconf 73' lang='lat' dir='ltr'>presertim</span> <span class='ocrx_word' id='word_1_107' title='bbox 1275 1569 1355 1632; x_wconf 85' lang='lat' dir='ltr'>circa</span> <span class='ocrx_word' id='word_1_108' title='bbox 1369 1568 1426 1631; x_wconf 91' lang='lat' dir='ltr'>cri-</span> 
     </span>
     <span class='ocr_line' id='line_1_15' title="bbox 157 1661 768 1743; baseline -0.003 -17"><span class='ocrx_word' id='word_1_109' title='bbox 157 1663 253 1726; x_wconf 89' lang='lat' dir='ltr'>minis</span> <span class='ocrx_word' id='word_1_110' title='bbox 267 1662 501 1738; x_wconf 78' lang='lat' dir='ltr'>contessionem,</span> <span class='ocrx_word' id='word_1_111' title='bbox 515 1668 547 1725; x_wconf 92' lang='lat' dir='ltr'>et</span> <span class='ocrx_word' id='word_1_112' title='bbox 558 1662 673 1743; x_wconf 82' lang='lat' dir='ltr'>fugam.</span> <span class='ocrx_word' id='word_1_113' title='bbox 690 1661 768 1724; x_wconf 92' lang='lat' dir='ltr'>Hinc</span> 
     </span>
    </p>
   </div>
   <div class='ocr_carea' id='block_1_6' title="bbox 279 1840 475 1918">
    <p class='ocr_par' dir='ltr' id='par_1_8' title="bbox 279 1840 475 1918">
     <span class='ocr_line' id='line_1_16' title="bbox 279 1840 475 1918; baseline 0 -14"><span class='ocrx_word' id='word_1_114' title='bbox 279 1840 475 1918; x_wconf 73' lang='lat' dir='ltr'>Quaesitae.</span> 
     </span>
    </p>
   </div>
   <div class='ocr_carea' id='block_1_7' title="bbox 156 1980 1436 4546">
    <p class='ocr_par' dir='ltr' id='par_1_9' title="bbox 156 1980 1428 2136">
     <span class='ocr_line' id='line_1_17' title="bbox 196 1980 1428 2068; baseline -0.003 -20"><span class='ocrx_word' id='word_1_115' title='bbox 196 1989 247 2048; x_wconf 83' lang='grc'>95.</span> <span class='ocrx_word' id='word_1_116' title='bbox 267 2020 309 2032; x_wconf 91' lang='grc'><strong>-</strong></span> <span class='ocrx_word' id='word_1_117' title='bbox 327 1987 427 2060; x_wconf 79' lang='lat' dir='ltr'>Qunra.</span> <span class='ocrx_word' id='word_1_118' title='bbox 452 1991 485 2048; x_wconf 99' lang='grc'>10</span> <span class='ocrx_word' id='word_1_119' title='bbox 508 1987 558 2047; x_wconf 85' lang='lat' dir='ltr'>An</span> <span class='ocrx_word' id='word_1_120' title='bbox 578 2005 662 2060; x_wconf 79' lang='lat' dir='ltr'>rens,</span> <span class='ocrx_word' id='word_1_121' title='bbox 686 1985 828 2068; x_wconf 82' lang='lat' dir='ltr'>cjnclice</span> <span class='ocrx_word' id='word_1_122' title='bbox 853 1985 1068 2066; x_wconf 71' lang='lat' dir='ltr'>interropctnc,</span> <span class='ocrx_word' id='word_1_123' title='bbox 1091 1985 1247 2045; x_wconf 84' lang='lat' dir='ltr'>ceritatem</span> <span class='ocrx_word' id='word_1_124' title='bbox 1269 1980 1364 2062; x_wconf 77' lang='lat' dir='ltr'>fateri</span> <span class='ocrx_word' id='word_1_125' title='bbox 1387 1990 1428 2044; x_wconf 85' lang='lat' dir='ltr'>te-</span> 
     </span>
     <span class='ocr_line' id='line_1_18' title="bbox 156 2073 288 2136; baseline -0.008 -1"><span class='ocrx_word' id='word_1_126' title='bbox 156 2073 288 2136; x_wconf 78' lang='lat' dir='ltr'>nectar?</span> 
     </span>
    </p>

    <p class='ocr_par' dir='ltr' id='par_1_10' title="bbox 157 2158 1431 2577">
     <span class='ocr_line' id='line_1_19' title="bbox 197 2158 1429 2243; baseline -0.003 -19"><span class='ocrx_word' id='word_1_127' title='bbox 197 2163 287 2242; x_wconf 81' lang='lat' dir='ltr'>Recp.</span> <span class='ocrx_word' id='word_1_128' title='bbox 304 2168 336 2225; x_wconf 83' lang='lat'>1⁰</span> <span class='ocrx_word' id='word_1_129' title='bbox 349 2161 442 2243; x_wconf 72' lang='lat' dir='ltr'>Nep,</span> <span class='ocrx_word' id='word_1_130' title='bbox 458 2162 486 2224; x_wconf 91' lang='lat' dir='ltr'>si</span> <span class='ocrx_word' id='word_1_131' title='bbox 500 2179 562 2224; x_wconf 91' lang='lat' dir='ltr'>non</span> <span class='ocrx_word' id='word_1_132' title='bbox 581 2161 623 2223; x_wconf 90' lang='lat' dir='ltr'>sit</span> <span class='ocrx_word' id='word_1_133' title='bbox 648 2161 783 2241; x_wconf 81' lang='lat' dir='ltr'>legitime</span> <span class='ocrx_word' id='word_1_134' title='bbox 803 2161 1030 2240; x_wconf 81' lang='lat' dir='ltr'>interrogatus;</span> <span class='ocrx_word' id='word_1_135' title='bbox 1054 2160 1134 2240; x_wconf 90' lang='lat' dir='ltr'>quod</span> <span class='ocrx_word' id='word_1_136' title='bbox 1150 2158 1186 2221; x_wconf 88' lang='lat' dir='ltr'>fit</span> <span class='ocrx_word' id='word_1_137' title='bbox 1200 2160 1322 2239; x_wconf 91' lang='lat' dir='ltr'>quando</span> <span class='ocrx_word' id='word_1_138' title='bbox 1333 2159 1429 2240; x_wconf 79' lang='lat' dir='ltr'>judex</span> 
     </span>
     <span class='ocr_line' id='line_1_20' title="bbox 157 2245 1431 2330; baseline -0.004 -16"><span class='ocrx_word' id='word_1_139' title='bbox 157 2270 217 2314; x_wconf 90' lang='lat' dir='ltr'>non</span> <span class='ocrx_word' id='word_1_140' title='bbox 240 2257 287 2313; x_wconf 89' lang='lat' dir='ltr'>est</span> <span class='ocrx_word' id='word_1_141' title='bbox 309 2249 485 2330; x_wconf 81' lang='lat' dir='ltr'>legitimus,</span> <span class='ocrx_word' id='word_1_142' title='bbox 501 2250 549 2312; x_wconf 81' lang='lat' dir='ltr'>vel</span> <span class='ocrx_word' id='word_1_143' title='bbox 564 2250 686 2330; x_wconf 89' lang='lat' dir='ltr'>quando</span> <span class='ocrx_word' id='word_1_144' title='bbox 703 2247 833 2311; x_wconf 85' lang='lat' dir='ltr'>sormam</span> <span class='ocrx_word' id='word_1_145' title='bbox 846 2248 1023 2330; x_wconf 78' lang='lat' dir='ltr'>J&#39;udicialem</span> <span class='ocrx_word' id='word_1_146' title='bbox 1044 2265 1107 2309; x_wconf 92' lang='lat' dir='ltr'>non</span> <span class='ocrx_word' id='word_1_147' title='bbox 1130 2253 1245 2322; x_wconf 86' lang='lat' dir='ltr'>servat,</span> <span class='ocrx_word' id='word_1_148' title='bbox 1266 2247 1315 2310; x_wconf 91' lang='lat' dir='ltr'>uti</span> <span class='ocrx_word' id='word_1_149' title='bbox 1334 2247 1361 2310; x_wconf 89' lang='lat' dir='ltr'>si</span> <span class='ocrx_word' id='word_1_150' title='bbox 1381 2245 1431 2309; x_wconf 90' lang='lat' dir='ltr'>in-</span> 
     </span>
     <span class='ocr_line' id='line_1_21' title="bbox 157 2335 1430 2418; baseline -0.003 -16"><span class='ocrx_word' id='word_1_151' title='bbox 157 2343 325 2418; x_wconf 78' lang='lat' dir='ltr'>terrogaret</span> <span class='ocrx_word' id='word_1_152' title='bbox 340 2337 405 2399; x_wconf 87' lang='lat' dir='ltr'>sine</span> <span class='ocrx_word' id='word_1_153' title='bbox 425 2337 540 2418; x_wconf 84' lang='lat' dir='ltr'>praevia</span> <span class='ocrx_word' id='word_1_154' title='bbox 560 2338 765 2412; x_wconf 81' lang='lat' dir='ltr'>accusatione,</span> <span class='ocrx_word' id='word_1_155' title='bbox 786 2343 842 2400; x_wconf 88' lang='lat' dir='ltr'>etc.</span> <span class='ocrx_word' id='word_1_156' title='bbox 860 2338 1002 2400; x_wconf 90' lang='lat' dir='ltr'>:addunt</span> <span class='ocrx_word' id='word_1_157' title='bbox 1022 2336 1134 2411; x_wconf 88' lang='lat' dir='ltr'>etiam,</span> <span class='ocrx_word' id='word_1_158' title='bbox 1155 2336 1277 2416; x_wconf 89' lang='lat' dir='ltr'>quando</span> <span class='ocrx_word' id='word_1_159' title='bbox 1297 2354 1359 2399; x_wconf 87' lang='lat' dir='ltr'>non</span> <span class='ocrx_word' id='word_1_160' title='bbox 1375 2335 1430 2398; x_wconf 89' lang='lat' dir='ltr'>ha-</span> 
     </span>
     <span class='ocr_line' id='line_1_22' title="bbox 157 2424 1428 2506; baseline -0.002 -17"><span class='ocrx_word' id='word_1_161' title='bbox 157 2427 248 2490; x_wconf 87' lang='lat' dir='ltr'>betur</span> <span class='ocrx_word' id='word_1_162' title='bbox 273 2425 381 2487; x_wconf 85' lang='lat' dir='ltr'>saltem</span> <span class='ocrx_word' id='word_1_163' title='bbox 408 2425 573 2506; x_wconf 87' lang='lat' dir='ltr'>semiplena</span> <span class='ocrx_word' id='word_1_164' title='bbox 593 2426 731 2506; x_wconf 90' lang='lat' dir='ltr'>probatio</span> <span class='ocrx_word' id='word_1_165' title='bbox 753 2426 866 2488; x_wconf 88' lang='lat' dir='ltr'>delicti.</span> <span class='ocrx_word' id='word_1_166' title='bbox 886 2424 995 2487; x_wconf 86' lang='lat' dir='ltr'>—Ito</span> <span class='ocrx_word' id='word_1_167' title='bbox 1015 2427 1221 2487; x_wconf 85' lang='lat' dir='ltr'>communiter.</span> <span class='ocrx_word' id='word_1_168' title='bbox 1244 2459 1285 2470; x_wconf 89' lang='lat'><em>-</em></span> <span class='ocrx_word' id='word_1_169' title='bbox 1306 2424 1343 2486; x_wconf 88' lang='lat' dir='ltr'>S.</span> <span class='ocrx_word' id='word_1_170' title='bbox 1360 2425 1428 2506; x_wconf 76' lang='lat' dir='ltr'>Lip.</span> 
     </span>
     <span class='ocr_line' id='line_1_23' title="bbox 158 2518 277 2577; baseline -0.008 -1"><span class='ocrx_word' id='word_1_171' title='bbox 158 2536 189 2577; x_wconf 90' lang='lat' dir='ltr'>n.</span> <span class='ocrx_word' id='word_1_172' title='bbox 205 2518 277 2577; x_wconf 87' lang='grc'><strong>979.</strong></span> 
     </span>
    </p>

    <p class='ocr_par' dir='ltr' id='par_1_11' title="bbox 158 2600 1431 3304">
     <span class='ocr_line' id='line_1_24' title="bbox 198 2600 1430 2685; baseline -0.001 -21"><span class='ocrx_word' id='word_1_173' title='bbox 198 2603 286 2682; x_wconf 81' lang='lat' dir='ltr'>Recp.</span> <span class='ocrx_word' id='word_1_174' title='bbox 307 2607 341 2666; x_wconf 89' lang='grc'>90</span> <span class='ocrx_word' id='word_1_175' title='bbox 365 2604 495 2684; x_wconf 77' lang='lat' dir='ltr'>Affirm,</span> <span class='ocrx_word' id='word_1_176' title='bbox 519 2605 546 2666; x_wconf 93' lang='lat' dir='ltr'>si</span> <span class='ocrx_word' id='word_1_177' title='bbox 569 2623 639 2667; x_wconf 87' lang='lat' dir='ltr'>reus</span> <span class='ocrx_word' id='word_1_178' title='bbox 658 2604 699 2667; x_wconf 91' lang='lat' dir='ltr'>sit</span> <span class='ocrx_word' id='word_1_179' title='bbox 720 2605 855 2685; x_wconf 80' lang='lat' dir='ltr'>legitime</span> <span class='ocrx_word' id='word_1_180' title='bbox 876 2603 1097 2682; x_wconf 83' lang='lat' dir='ltr'>interrogatus,</span> <span class='ocrx_word' id='word_1_181' title='bbox 1118 2601 1192 2683; x_wconf 87' lang='lat' dir='ltr'>quia</span> <span class='ocrx_word' id='word_1_182' title='bbox 1211 2605 1296 2684; x_wconf 85' lang='lat' dir='ltr'>justo</span> <span class='ocrx_word' id='word_1_183' title='bbox 1314 2600 1430 2682; x_wconf 86' lang='lat' dir='ltr'>judicis</span> 
     </span>
     <span class='ocr_line' id='line_1_25' title="bbox 158 2685 1431 2774; baseline -0.002 -20"><span class='ocrx_word' id='word_1_184' title='bbox 158 2699 308 2773; x_wconf 76' lang='lat' dir='ltr'>praecepto</span> <span class='ocrx_word' id='word_1_185' title='bbox 325 2691 446 2756; x_wconf 90' lang='lat' dir='ltr'>obedire</span> <span class='ocrx_word' id='word_1_186' title='bbox 464 2692 563 2755; x_wconf 89' lang='lat' dir='ltr'>debet.</span> <span class='ocrx_word' id='word_1_187' title='bbox 580 2693 692 2774; x_wconf 86' lang='lat' dir='ltr'>Excipe</span> <span class='ocrx_word' id='word_1_188' title='bbox 708 2693 783 2756; x_wconf 89' lang='lat' dir='ltr'>satis</span> <span class='ocrx_word' id='word_1_189' title='bbox 799 2692 1006 2774; x_wconf 84' lang='lat' dir='ltr'>probabiliter,</span> <span class='ocrx_word' id='word_1_190' title='bbox 1024 2692 1050 2753; x_wconf 90' lang='lat' dir='ltr'>si</span> <span class='ocrx_word' id='word_1_191' title='bbox 1068 2691 1105 2754; x_wconf 91' lang='lat' dir='ltr'>de</span> <span class='ocrx_word' id='word_1_192' title='bbox 1124 2709 1236 2770; x_wconf 84' lang='lat' dir='ltr'>magna</span> <span class='ocrx_word' id='word_1_193' title='bbox 1248 2707 1339 2770; x_wconf 86' lang='lat' dir='ltr'>poena</span> <span class='ocrx_word' id='word_1_194' title='bbox 1357 2685 1431 2752; x_wconf 86' lang='lat' dir='ltr'>sub-</span> 
     </span>
     <span class='ocr_line' id='line_1_26' title="bbox 158 2776 1431 2862; baseline -0.002 -20"><span class='ocrx_word' id='word_1_195' title='bbox 158 2780 260 2842; x_wconf 88' lang='lat' dir='ltr'>eunda</span> <span class='ocrx_word' id='word_1_196' title='bbox 284 2788 407 2860; x_wconf 80' lang='lat' dir='ltr'>agatur3</span> <span class='ocrx_word' id='word_1_197' title='bbox 430 2781 504 2862; x_wconf 92' lang='lat' dir='ltr'>quia</span> <span class='ocrx_word' id='word_1_198' title='bbox 524 2781 572 2843; x_wconf 81' lang='lat' dir='ltr'>len</span> <span class='ocrx_word' id='word_1_199' title='bbox 594 2800 656 2844; x_wconf 91' lang='lat' dir='ltr'>non</span> <span class='ocrx_word' id='word_1_200' title='bbox 680 2787 819 2845; x_wconf 88' lang='lat' dir='ltr'>censetur</span> <span class='ocrx_word' id='word_1_201' title='bbox 839 2799 889 2844; x_wconf 86' lang='lat' dir='ltr'>reo</span> <span class='ocrx_word' id='word_1_202' title='bbox 905 2780 1062 2860; x_wconf 88' lang='lat' dir='ltr'>imponere</span> <span class='ocrx_word' id='word_1_203' title='bbox 1079 2779 1152 2841; x_wconf 90' lang='lat' dir='ltr'>adeo</span> <span class='ocrx_word' id='word_1_204' title='bbox 1168 2779 1297 2840; x_wconf 89' lang='lat' dir='ltr'>arduam</span> <span class='ocrx_word' id='word_1_205' title='bbox 1314 2776 1431 2857; x_wconf 85' lang='lat' dir='ltr'>obliga-</span> 
     </span>
     <span class='ocr_line' id='line_1_27' title="bbox 158 2865 1431 2952; baseline -0.002 -21"><span class='ocrx_word' id='word_1_206' title='bbox 158 2867 291 2944; x_wconf 91' lang='lat' dir='ltr'>tionem,</span> <span class='ocrx_word' id='word_1_207' title='bbox 307 2887 375 2950; x_wconf 83' lang='lat' dir='ltr'>quae</span> <span class='ocrx_word' id='word_1_208' title='bbox 390 2869 470 2932; x_wconf 77' lang='lat' dir='ltr'>vires</span> <span class='ocrx_word' id='word_1_209' title='bbox 487 2869 642 2932; x_wconf 88' lang='lat' dir='ltr'>humanas</span> <span class='ocrx_word' id='word_1_210' title='bbox 656 2889 797 2952; x_wconf 87' lang='lat' dir='ltr'>superare</span> <span class='ocrx_word' id='word_1_211' title='bbox 811 2870 943 2944; x_wconf 89' lang='lat' dir='ltr'>videtur,</span> <span class='ocrx_word' id='word_1_212' title='bbox 962 2886 1072 2948; x_wconf 86' lang='lat' dir='ltr'>nempe</span> <span class='ocrx_word' id='word_1_213' title='bbox 1087 2874 1125 2930; x_wconf 86' lang='lat' dir='ltr'>ut</span> <span class='ocrx_word' id='word_1_214' title='bbox 1141 2866 1206 2947; x_wconf 87' lang='lat' dir='ltr'>ipse</span> <span class='ocrx_word' id='word_1_215' title='bbox 1224 2885 1276 2946; x_wconf 86' lang='lat' dir='ltr'>per</span> <span class='ocrx_word' id='word_1_216' title='bbox 1290 2865 1431 2928; x_wconf 87' lang='lat' dir='ltr'>criminis</span> 
     </span>
     <span class='ocr_line' id='line_1_28' title="bbox 159 2954 1430 3040; baseline -0.001 -21"><span class='ocrx_word' id='word_1_217' title='bbox 159 2956 380 3020; x_wconf 86' lang='lat' dir='ltr'>confessionem</span> <span class='ocrx_word' id='word_1_218' title='bbox 405 2963 511 3038; x_wconf 89' lang='lat' dir='ltr'>sponte</span> <span class='ocrx_word' id='word_1_219' title='bbox 535 2958 723 3038; x_wconf 72' lang='lat' dir='ltr'>gravissimae</span> <span class='ocrx_word' id='word_1_220' title='bbox 748 2977 846 3040; x_wconf 70' lang='lat' dir='ltr'>poena</span> <span class='ocrx_word' id='word_1_221' title='bbox 878 2964 958 3020; x_wconf 84' lang='lat' dir='ltr'>certo</span> <span class='ocrx_word' id='word_1_222' title='bbox 985 2954 1157 3019; x_wconf 88' lang='lat' dir='ltr'>discrimini</span> <span class='ocrx_word' id='word_1_223' title='bbox 1182 2973 1213 3017; x_wconf 88' lang='lat' dir='ltr'>se</span> <span class='ocrx_word' id='word_1_224' title='bbox 1240 2955 1430 3030; x_wconf 88' lang='lat' dir='ltr'>committat,</span> 
     </span>
     <span class='ocr_line' id='line_1_29' title="bbox 160 3041 1431 3128; baseline -0.001 -22"><span class='ocrx_word' id='word_1_225' title='bbox 160 3045 251 3106; x_wconf 91' lang='lat' dir='ltr'>modo</span> <span class='ocrx_word' id='word_1_226' title='bbox 280 3052 385 3108; x_wconf 85' lang='lat' dir='ltr'>tamen</span> <span class='ocrx_word' id='word_1_227' title='bbox 412 3065 503 3126; x_wconf 84' lang='lat' dir='ltr'>grave</span> <span class='ocrx_word' id='word_1_228' title='bbox 528 3048 678 3109; x_wconf 89' lang='lat' dir='ltr'>damnum</span> <span class='ocrx_word' id='word_1_229' title='bbox 704 3047 861 3128; x_wconf 90' lang='lat' dir='ltr'>publicum</span> <span class='ocrx_word' id='word_1_230' title='bbox 884 3064 921 3107; x_wconf 83' lang='lat' dir='ltr'>ex</span> <span class='ocrx_word' id='word_1_231' title='bbox 942 3043 1062 3108; x_wconf 88' lang='lat' dir='ltr'>silentio</span> <span class='ocrx_word' id='word_1_232' title='bbox 1086 3047 1151 3127; x_wconf 88' lang='lat' dir='ltr'>ejus</span> <span class='ocrx_word' id='word_1_233' title='bbox 1169 3061 1233 3106; x_wconf 92' lang='lat' dir='ltr'>non</span> <span class='ocrx_word' id='word_1_234' title='bbox 1254 3041 1431 3106; x_wconf 89' lang='lat' dir='ltr'>immineat.</span> 
     </span>
     <span class='ocr_line' id='line_1_30' title="bbox 159 3131 1431 3216; baseline -0.001 -20"><span class='ocrx_word' id='word_1_235' title='bbox 159 3137 244 3196; x_wconf 89' lang='lat' dir='ltr'>Hanc</span> <span class='ocrx_word' id='word_1_236' title='bbox 265 3134 450 3196; x_wconf 84' lang='lat' dir='ltr'>sententiam</span> <span class='ocrx_word' id='word_1_237' title='bbox 469 3141 517 3197; x_wconf 91' lang='lat' dir='ltr'>sat</span> <span class='ocrx_word' id='word_1_238' title='bbox 537 3134 724 3216; x_wconf 88' lang='lat' dir='ltr'>probabilem</span> <span class='ocrx_word' id='word_1_239' title='bbox 745 3135 840 3198; x_wconf 89' lang='lat' dir='ltr'>etiam</span> <span class='ocrx_word' id='word_1_240' title='bbox 859 3137 1019 3196; x_wconf 79' lang='lat' dir='ltr'>intrinsece</span> <span class='ocrx_word' id='word_1_241' title='bbox 1042 3131 1118 3196; x_wconf 90' lang='lat' dir='ltr'>dicit</span> <span class='ocrx_word' id='word_1_242' title='bbox 1138 3131 1176 3194; x_wconf 89' lang='lat' dir='ltr'>S.</span> <span class='ocrx_word' id='word_1_243' title='bbox 1200 3131 1284 3216; x_wconf 66' lang='lat' dir='ltr'>Lep,</span> <span class='ocrx_word' id='word_1_244' title='bbox 1303 3155 1334 3195; x_wconf 90' lang='lat' dir='ltr'>n.</span> <span class='ocrx_word' id='word_1_245' title='bbox 1355 3136 1431 3208; x_wconf 78' lang='grc'>971,</span> 
     </span>
     <span class='ocr_line' id='line_1_31' title="bbox 160 3221 858 3304; baseline 0 -22"><span class='ocrx_word' id='word_1_246' title='bbox 160 3221 303 3302; x_wconf 84' lang='lat' dir='ltr'>quamvis</span> <span class='ocrx_word' id='word_1_247' title='bbox 317 3221 502 3284; x_wconf 89' lang='lat' dir='ltr'>contrariam</span> <span class='ocrx_word' id='word_1_248' title='bbox 513 3229 600 3286; x_wconf 84' lang='lat' dir='ltr'>vocet</span> <span class='ocrx_word' id='word_1_249' title='bbox 612 3223 858 3304; x_wconf 88' lang='lat' dir='ltr'>probabiliorem.</span> 
     </span>
    </p>

    <p class='ocr_par' dir='ltr' id='par_1_12' title="bbox 161 3309 1433 3462">
     <span class='ocr_line' id='line_1_32' title="bbox 199 3309 1433 3394; baseline -0.003 -22"><span class='ocrx_word' id='word_1_250' title='bbox 199 3311 300 3384; x_wconf 66' lang='lat' dir='ltr'>Quinc.</span> <span class='ocrx_word' id='word_1_251' title='bbox 321 3313 353 3373; x_wconf 87' lang='grc'>90</span> <span class='ocrx_word' id='word_1_252' title='bbox 372 3311 425 3372; x_wconf 86' lang='lat' dir='ltr'>An</span> <span class='ocrx_word' id='word_1_253' title='bbox 449 3330 518 3372; x_wconf 75' lang='lat' dir='ltr'>rene</span> <span class='ocrx_word' id='word_1_254' title='bbox 538 3312 678 3374; x_wconf 73' lang='lat' dir='ltr'>innocens</span> <span class='ocrx_word' id='word_1_255' title='bbox 696 3311 739 3375; x_wconf 83' lang='lat' dir='ltr'>od</span> <span class='ocrx_word' id='word_1_256' title='bbox 756 3315 805 3372; x_wconf 84' lang='lat' dir='ltr'>sni</span> <span class='ocrx_word' id='word_1_257' title='bbox 823 3310 1023 3393; x_wconf 78' lang='lat' dir='ltr'>defensionem</span> <span class='ocrx_word' id='word_1_258' title='bbox 1040 3312 1138 3394; x_wconf 79' lang='lat' dir='ltr'>possit</span> <span class='ocrx_word' id='word_1_259' title='bbox 1150 3311 1286 3372; x_wconf 83' lang='lat' dir='ltr'>revelare</span> <span class='ocrx_word' id='word_1_260' title='bbox 1303 3309 1433 3369; x_wconf 84' lang='lat' dir='ltr'>crimina</span> 
     </span>
     <span class='ocr_line' id='line_1_33' title="bbox 161 3398 681 3462; baseline 0.004 -2"><span class='ocrx_word' id='word_1_261' title='bbox 161 3398 276 3460; x_wconf 82' lang='lat' dir='ltr'>occulto</span> <span class='ocrx_word' id='word_1_262' title='bbox 291 3402 411 3461; x_wconf 79' lang='lat' dir='ltr'>testium</span> <span class='ocrx_word' id='word_1_263' title='bbox 425 3399 681 3462; x_wconf 83' lang='lat' dir='ltr'>celaccusctoris?</span> 
     </span>
    </p>

    <p class='ocr_par' dir='ltr' id='par_1_13' title="bbox 159 3483 1435 3746">
     <span class='ocr_line' id='line_1_34' title="bbox 199 3483 1433 3570; baseline -0.005 -20"><span class='ocrx_word' id='word_1_264' title='bbox 199 3488 289 3570; x_wconf 76' lang='lat' dir='ltr'>Hesp.</span> <span class='ocrx_word' id='word_1_265' title='bbox 301 3487 433 3570; x_wconf 65' lang='lat' dir='ltr'>Affirm„</span> <span class='ocrx_word' id='word_1_266' title='bbox 448 3489 538 3551; x_wconf 90' lang='lat' dir='ltr'>modo</span> <span class='ocrx_word' id='word_1_267' title='bbox 553 3495 586 3552; x_wconf 92' lang='lat' dir='ltr'>l⁰</span> <span class='ocrx_word' id='word_1_268' title='bbox 601 3489 717 3553; x_wconf 84' lang='lat' dir='ltr'>crimen</span> <span class='ocrx_word' id='word_1_269' title='bbox 732 3490 772 3554; x_wconf 91' lang='lat' dir='ltr'>sit</span> <span class='ocrx_word' id='word_1_270' title='bbox 787 3511 889 3554; x_wconf 77' lang='lat' dir='ltr'>verum</span> <span class='ocrx_word' id='word_1_271' title='bbox 895 3514 908 3562; x_wconf 93' lang='lat'>,·</span> <span class='ocrx_word' id='word_1_272' title='bbox 921 3493 955 3552; x_wconf 93' lang='grc'>90</span> <span class='ocrx_word' id='word_1_273' title='bbox 972 3484 1115 3550; x_wconf 85' lang='lat' dir='ltr'>revelatio</span> <span class='ocrx_word' id='word_1_274' title='bbox 1127 3485 1169 3546; x_wconf 92' lang='lat' dir='ltr'>sit</span> <span class='ocrx_word' id='word_1_275' title='bbox 1186 3483 1319 3546; x_wconf 73' lang='lat' dir='ltr'>absolute</span> <span class='ocrx_word' id='word_1_276' title='bbox 1335 3502 1433 3545; x_wconf 84' lang='lat' dir='ltr'>ncces-</span> 
     </span>
     <span class='ocr_line' id='line_1_35' title="bbox 159 3571 1435 3656; baseline -0.002 -20"><span class='ocrx_word' id='word_1_277' title='bbox 159 3577 242 3638; x_wconf 80' lang='lat' dir='ltr'>anrc&#39;a</span> <span class='ocrx_word' id='word_1_278' title='bbox 260 3577 299 3640; x_wconf 89' lang='lat' dir='ltr'>ad</span> <span class='ocrx_word' id='word_1_279' title='bbox 316 3595 381 3640; x_wconf 79' lang='lat' dir='ltr'>sua</span> <span class='ocrx_word' id='word_1_280' title='bbox 398 3576 582 3641; x_wconf 77' lang='lat' dir='ltr'>innocentia</span> <span class='ocrx_word' id='word_1_281' title='bbox 601 3577 822 3656; x_wconf 65' lang='lat' dir='ltr'>defensionem</span> <span class='ocrx_word' id='word_1_282' title='bbox 839 3583 872 3642; x_wconf 86' lang='grc'>30</span> <span class='ocrx_word' id='word_1_283' title='bbox 890 3583 921 3638; x_wconf 90' lang='lat' dir='ltr'>et</span> <span class='ocrx_word' id='word_1_284' title='bbox 938 3577 1003 3655; x_wconf 90' lang='lat' dir='ltr'>ipse</span> <span class='ocrx_word' id='word_1_285' title='bbox 1017 3571 1106 3634; x_wconf 84' lang='lat' dir='ltr'>aliter</span> <span class='ocrx_word' id='word_1_286' title='bbox 1120 3590 1210 3652; x_wconf 82' lang='lat' dir='ltr'>grave</span> <span class='ocrx_word' id='word_1_287' title='bbox 1229 3573 1379 3635; x_wconf 85' lang='lat' dir='ltr'>damnum</span> <span class='ocrx_word' id='word_1_288' title='bbox 1392 3571 1435 3634; x_wconf 88' lang='lat' dir='ltr'>sit</span> 
     </span>
     <span class='ocr_line' id='line_1_36' title="bbox 160 3664 637 3746; baseline 0.004 -20"><span class='ocrx_word' id='word_1_289' title='bbox 160 3679 317 3744; x_wconf 86' lang='lat' dir='ltr'>passurus.</span> <span class='ocrx_word' id='word_1_290' title='bbox 334 3702 374 3713; x_wconf 92' lang='lat'><strong>—</strong></span> <span class='ocrx_word' id='word_1_291' title='bbox 387 3664 422 3728; x_wconf 92' lang='lat' dir='ltr'>S.</span> <span class='ocrx_word' id='word_1_292' title='bbox 436 3665 505 3746; x_wconf 81' lang='lat' dir='ltr'>Lip.</span> <span class='ocrx_word' id='word_1_293' title='bbox 522 3688 552 3729; x_wconf 90' lang='lat' dir='ltr'>n.</span> <span class='ocrx_word' id='word_1_294' title='bbox 567 3671 637 3730; x_wconf 90' lang='grc'><strong>977.</strong></span> 
     </span>
    </p>

    <p class='ocr_par' dir='ltr' id='par_1_14' title="bbox 199 3749 1214 3835">
     <span class='ocr_line' id='line_1_37' title="bbox 199 3749 1214 3835; baseline -0.003 -20"><span class='ocrx_word' id='word_1_295' title='bbox 199 3756 249 3815; x_wconf 87' lang='grc'>96.</span> <span class='ocrx_word' id='word_1_296' title='bbox 264 3789 304 3798; x_wconf 90' lang='grc'><strong>-</strong></span> <span class='ocrx_word' id='word_1_297' title='bbox 323 3757 423 3830; x_wconf 78' lang='lat' dir='ltr'>Qunn.</span> <span class='ocrx_word' id='word_1_298' title='bbox 438 3759 471 3818; x_wconf 89' lang='grc'>30</span> <span class='ocrx_word' id='word_1_299' title='bbox 483 3754 532 3814; x_wconf 87' lang='lat' dir='ltr'>An</span> <span class='ocrx_word' id='word_1_300' title='bbox 549 3754 636 3816; x_wconf 79' lang='lat' dir='ltr'>liceat</span> <span class='ocrx_word' id='word_1_301' title='bbox 648 3775 700 3816; x_wconf 87' lang='lat' dir='ltr'>reo</span> <span class='ocrx_word' id='word_1_302' title='bbox 716 3755 868 3816; x_wconf 78' lang='lat' dir='ltr'>innocenti</span> <span class='ocrx_word' id='word_1_303' title='bbox 880 3753 989 3835; x_wconf 73' lang='lat' dir='ltr'>supere</span> <span class='ocrx_word' id='word_1_304' title='bbox 1001 3749 1214 3814; x_wconf 79' lang='lat' dir='ltr'>valresiatere?</span> 
     </span>
    </p>

    <p class='ocr_par' dir='ltr' id='par_1_15' title="bbox 160 3838 1436 4100">
     <span class='ocr_line' id='line_1_38' title="bbox 201 3838 1436 3924; baseline 0 -22"><span class='ocrx_word' id='word_1_305' title='bbox 201 3840 291 3921; x_wconf 83' lang='lat' dir='ltr'>Resp.</span> <span class='ocrx_word' id='word_1_306' title='bbox 304 3862 316 3904; x_wconf 94' lang='lat'>.·</span> <span class='ocrx_word' id='word_1_307' title='bbox 331 3844 415 3906; x_wconf 87' lang='lat' dir='ltr'>Licet</span> <span class='ocrx_word' id='word_1_308' title='bbox 426 3843 454 3906; x_wconf 90' lang='lat' dir='ltr'>ei</span> <span class='ocrx_word' id='word_1_309' title='bbox 471 3841 596 3924; x_wconf 89' lang='lat' dir='ltr'>quidem</span> <span class='ocrx_word' id='word_1_310' title='bbox 606 3841 724 3922; x_wconf 81' lang='lat' dir='ltr'>fugere,</span> <span class='ocrx_word' id='word_1_311' title='bbox 739 3849 770 3904; x_wconf 90' lang='lat' dir='ltr'>et</span> <span class='ocrx_word' id='word_1_312' title='bbox 783 3861 799 3904; x_wconf 90' lang='lat' dir='ltr'>c</span> <span class='ocrx_word' id='word_1_313' title='bbox 812 3839 957 3904; x_wconf 90' lang='lat' dir='ltr'>manibus</span> <span class='ocrx_word' id='word_1_314' title='bbox 974 3839 1141 3902; x_wconf 87' lang='lat' dir='ltr'>satellitum</span> <span class='ocrx_word' id='word_1_315' title='bbox 1158 3857 1222 3903; x_wconf 87' lang='lat' dir='ltr'>sese</span> <span class='ocrx_word' id='word_1_316' title='bbox 1236 3838 1365 3920; x_wconf 89' lang='lat' dir='ltr'>eripere;</span> <span class='ocrx_word' id='word_1_317' title='bbox 1383 3840 1436 3902; x_wconf 85' lang='lat' dir='ltr'>sod</span> 
     </span>
     <span class='ocr_line' id='line_1_39' title="bbox 160 3927 1435 4011; baseline -0.001 -20"><span class='ocrx_word' id='word_1_318' title='bbox 160 3946 224 3991; x_wconf 90' lang='lat' dir='ltr'>non</span> <span class='ocrx_word' id='word_1_319' title='bbox 245 3928 315 3991; x_wconf 89' lang='lat' dir='ltr'>licet</span> <span class='ocrx_word' id='word_1_320' title='bbox 332 3930 398 3993; x_wconf 84' lang='lat' dir='ltr'>vim</span> <span class='ocrx_word' id='word_1_321' title='bbox 418 3931 451 3994; x_wconf 86' lang='lat' dir='ltr'>vi</span> <span class='ocrx_word' id='word_1_322' title='bbox 469 3931 623 4011; x_wconf 89' lang='lat' dir='ltr'>repellere,</span> <span class='ocrx_word' id='word_1_323' title='bbox 640 3929 800 3992; x_wconf 87' lang='lat' dir='ltr'>occidendo</span> <span class='ocrx_word' id='word_1_324' title='bbox 822 3935 877 3992; x_wconf 86' lang='lat' dir='ltr'>cut</span> <span class='ocrx_word' id='word_1_325' title='bbox 898 3929 1102 4004; x_wconf 82' lang='lat' dir='ltr'>vulneranda,</span> <span class='ocrx_word' id='word_1_326' title='bbox 1119 3927 1193 4011; x_wconf 89' lang='lat' dir='ltr'>quia</span> <span class='ocrx_word' id='word_1_327' title='bbox 1211 3927 1339 4008; x_wconf 85' lang='lat' dir='ltr'>publicae</span> <span class='ocrx_word' id='word_1_328' title='bbox 1353 3931 1435 4010; x_wconf 87' lang='lat' dir='ltr'>potc-</span> 
     </span>
     <span class='ocr_line' id='line_1_40' title="bbox 162 4016 805 4100; baseline 0.002 -22"><span class='ocrx_word' id='word_1_329' title='bbox 162 4016 251 4079; x_wconf 83' lang='lat' dir='ltr'>statis</span> <span class='ocrx_word' id='word_1_330' title='bbox 261 4019 333 4098; x_wconf 89' lang='lat' dir='ltr'>jura</span> <span class='ocrx_word' id='word_1_331' title='bbox 347 4018 483 4084; x_wconf 87' lang='lat' dir='ltr'>violaret.</span> <span class='ocrx_word' id='word_1_332' title='bbox 499 4055 541 4066; x_wconf 91' lang='lat'><strong>—</strong></span> <span class='ocrx_word' id='word_1_333' title='bbox 553 4017 588 4080; x_wconf 89' lang='lat' dir='ltr'>S.</span> <span class='ocrx_word' id='word_1_334' title='bbox 606 4017 676 4100; x_wconf 77' lang='lat' dir='ltr'>Lip.</span> <span class='ocrx_word' id='word_1_335' title='bbox 690 4039 721 4080; x_wconf 90' lang='lat' dir='ltr'>n.</span> <span class='ocrx_word' id='word_1_336' title='bbox 736 4023 805 4081; x_wconf 88' lang='grc'><strong>979.</strong></span> 
     </span>
    </p>

    <p class='ocr_par' dir='ltr' id='par_1_16' title="bbox 202 4105 1146 4190">
     <span class='ocr_line' id='line_1_41' title="bbox 202 4105 1146 4190; baseline 0.001 -24"><span class='ocrx_word' id='word_1_337' title='bbox 202 4108 304 4180; x_wconf 74' lang='lat' dir='ltr'>Qasr.</span> <span class='ocrx_word' id='word_1_338' title='bbox 319 4110 353 4167; x_wconf 82' lang='grc'>10</span> <span class='ocrx_word' id='word_1_339' title='bbox 366 4106 415 4166; x_wconf 84' lang='lat' dir='ltr'>An</span> <span class='ocrx_word' id='word_1_340' title='bbox 427 4112 516 4171; x_wconf 84' lang='lat' dir='ltr'>etiem</span> <span class='ocrx_word' id='word_1_341' title='bbox 526 4127 590 4188; x_wconf 81' lang='lat' dir='ltr'>reo,</span> <span class='ocrx_word' id='word_1_342' title='bbox 606 4111 659 4190; x_wconf 81' lang='lat' dir='ltr'>qni</span> <span class='ocrx_word' id='word_1_343' title='bbox 670 4127 738 4170; x_wconf 88' lang='lat' dir='ltr'>cere</span> <span class='ocrx_word' id='word_1_344' title='bbox 753 4106 894 4189; x_wconf 82' lang='lat' dir='ltr'>deliquit,</span> <span class='ocrx_word' id='word_1_345' title='bbox 913 4106 1019 4190; x_wconf 76' lang='lat' dir='ltr'>sapere</span> <span class='ocrx_word' id='word_1_346' title='bbox 1033 4105 1146 4169; x_wconf 85' lang='lat' dir='ltr'>liceat?</span> 
     </span>
    </p>

    <p class='ocr_par' dir='ltr' id='par_1_17' title="bbox 162 4192 1435 4546">
     <span class='ocr_line' id='line_1_42' title="bbox 201 4192 1432 4277; baseline 0.001 -24"><span class='ocrx_word' id='word_1_347' title='bbox 201 4192 291 4274; x_wconf 81' lang='lat' dir='ltr'>Resp.</span> <span class='ocrx_word' id='word_1_348' title='bbox 315 4193 448 4276; x_wconf 72' lang='lat' dir='ltr'>Affirm,</span> <span class='ocrx_word' id='word_1_349' title='bbox 473 4197 499 4258; x_wconf 92' lang='lat' dir='ltr'>si</span> <span class='ocrx_word' id='word_1_350' title='bbox 523 4198 662 4260; x_wconf 91' lang='lat' dir='ltr'>nondum</span> <span class='ocrx_word' id='word_1_351' title='bbox 683 4196 721 4258; x_wconf 91' lang='lat' dir='ltr'>ad</span> <span class='ocrx_word' id='word_1_352' title='bbox 740 4213 864 4277; x_wconf 69' lang='lat' dir='ltr'>paenam</span> <span class='ocrx_word' id='word_1_353' title='bbox 881 4194 1033 4259; x_wconf 86' lang='lat' dir='ltr'>sententia</span> <span class='ocrx_word' id='word_1_354' title='bbox 1044 4195 1178 4277; x_wconf 84' lang='lat' dir='ltr'>juridica</span> <span class='ocrx_word' id='word_1_355' title='bbox 1194 4195 1236 4258; x_wconf 92' lang='lat' dir='ltr'>sit</span> <span class='ocrx_word' id='word_1_356' title='bbox 1251 4197 1432 4267; x_wconf 89' lang='lat' dir='ltr'>damnatus;</span> 
     </span>
     <span class='ocr_line' id='line_1_43' title="bbox 163 4280 1435 4366; baseline 0 -23"><span class='ocrx_word' id='word_1_357' title='bbox 163 4280 236 4362; x_wconf 88' lang='lat' dir='ltr'>quia</span> <span class='ocrx_word' id='word_1_358' title='bbox 248 4300 338 4345; x_wconf 89' lang='lat' dir='ltr'>nemo</span> <span class='ocrx_word' id='word_1_359' title='bbox 353 4288 424 4345; x_wconf 84' lang='lat' dir='ltr'>anto</span> <span class='ocrx_word' id='word_1_360' title='bbox 441 4287 626 4350; x_wconf 83' lang='lat' dir='ltr'>sententiam</span> <span class='ocrx_word' id='word_1_361' title='bbox 644 4303 768 4366; x_wconf 86' lang='lat' dir='ltr'>poenam</span> <span class='ocrx_word' id='word_1_362' title='bbox 786 4285 900 4348; x_wconf 87' lang='lat' dir='ltr'>solvere</span> <span class='ocrx_word' id='word_1_363' title='bbox 918 4290 1050 4348; x_wconf 83' lang='lat' dir='ltr'>tenetur.</span> <span class='ocrx_word' id='word_1_364' title='bbox 1071 4286 1150 4348; x_wconf 85' lang='lat' dir='ltr'>ltern</span> <span class='ocrx_word' id='word_1_365' title='bbox 1168 4283 1195 4346; x_wconf 94' lang='lat' dir='ltr'>si</span> <span class='ocrx_word' id='word_1_366' title='bbox 1208 4287 1274 4366; x_wconf 89' lang='lat' dir='ltr'>jam</span> <span class='ocrx_word' id='word_1_367' title='bbox 1292 4283 1334 4347; x_wconf 87' lang='lat' dir='ltr'>sit</span> <span class='ocrx_word' id='word_1_368' title='bbox 1348 4283 1435 4345; x_wconf 87' lang='lat' dir='ltr'>darn-</span> 
     </span>
     <span class='ocr_line' id='line_1_44' title="bbox 162 4369 1433 4454; baseline 0.001 -22"><span class='ocrx_word' id='word_1_369' title='bbox 162 4375 256 4433; x_wconf 88' lang='lat' dir='ltr'>natus</span> <span class='ocrx_word' id='word_1_370' title='bbox 276 4372 315 4434; x_wconf 91' lang='lat' dir='ltr'>ad</span> <span class='ocrx_word' id='word_1_371' title='bbox 335 4389 459 4453; x_wconf 85' lang='lat' dir='ltr'>poenam</span> <span class='ocrx_word' id='word_1_372' title='bbox 480 4374 712 4453; x_wconf 82' lang='lat' dir='ltr'>gravissimam,</span> <span class='ocrx_word' id='word_1_373' title='bbox 729 4381 760 4436; x_wconf 89' lang='lat' dir='ltr'>et</span> <span class='ocrx_word' id='word_1_374' title='bbox 780 4391 879 4436; x_wconf 89' lang='lat' dir='ltr'>carcer</span> <span class='ocrx_word' id='word_1_375' title='bbox 900 4373 941 4436; x_wconf 88' lang='lat' dir='ltr'>sit</span> <span class='ocrx_word' id='word_1_376' title='bbox 957 4373 986 4436; x_wconf 90' lang='lat' dir='ltr'>ei</span> <span class='ocrx_word' id='word_1_377' title='bbox 1004 4373 1178 4454; x_wconf 79' lang='lat' dir='ltr'>assignatus</span> <span class='ocrx_word' id='word_1_378' title='bbox 1193 4375 1231 4437; x_wconf 87' lang='lat' dir='ltr'>ad</span> <span class='ocrx_word' id='word_1_379' title='bbox 1248 4369 1433 4446; x_wconf 88' lang='lat' dir='ltr'>custodiam,</span> 
     </span>
     <span class='ocr_line' id='line_1_45' title="bbox 164 4457 1322 4546; baseline 0.001 -25"><span class='ocrx_word' id='word_1_380' title='bbox 164 4457 258 4522; x_wconf 86' lang='lat' dir='ltr'>donec</span> <span class='ocrx_word' id='word_1_381' title='bbox 270 4477 361 4541; x_wconf 83' lang='lat' dir='ltr'>poena</span> <span class='ocrx_word' id='word_1_382' title='bbox 375 4467 491 4524; x_wconf 84' lang='lat' dir='ltr'>statuta</span> <span class='ocrx_word' id='word_1_383' title='bbox 504 4461 665 4543; x_wconf 87' lang='lat' dir='ltr'>plectatur.</span> <span class='ocrx_word' id='word_1_384' title='bbox 682 4497 722 4510; x_wconf 89' lang='lat'>—</span> <span class='ocrx_word' id='word_1_385' title='bbox 736 4461 786 4525; x_wconf 86' lang='lat' dir='ltr'>lta</span> <span class='ocrx_word' id='word_1_386' title='bbox 800 4464 1057 4526; x_wconf 66' lang='lat' dir='ltr'>communiun-</span> <span class='ocrx_word' id='word_1_387' title='bbox 1068 4461 1104 4526; x_wconf 90' lang='lat' dir='ltr'>S.</span> <span class='ocrx_word' id='word_1_388' title='bbox 1119 4464 1188 4546; x_wconf 72' lang='lat' dir='ltr'>Lip.</span> <span class='ocrx_word' id='word_1_389' title='bbox 1204 4483 1235 4524; x_wconf 89' lang='lat' dir='ltr'>n.</span> <span class='ocrx_word' id='word_1_390' title='bbox 1252 4464 1322 4526; x_wconf 88' lang='grc'><strong>980.</strong></span> 
     </span>
    </p>
   </div>
   <div class='ocr_carea' id='block_1_8' title="bbox 0 0 1620 5034">
    <p class='ocr_par' dir='ltr' id='par_1_18' title="bbox 0 0 1620 5034">
     <span class='ocr_line' id='line_1_46' title="bbox 0 0 1620 5034; baseline 0 0"><span class='ocrx_word' id='word_1_391' title='bbox 0 0 1620 5034; x_wconf 95' lang='lat' dir='ltr'> </span> 
     </span>
    </p>
   </div>
  </div>
 </body>
</html>
