<?xml version="1.0" encoding="UTF-8"?>
<!DOCTYPE html PUBLIC "-//W3C//DTD XHTML 1.0 Transitional//EN"
    "http://www.w3.org/TR/xhtml1/DTD/xhtml1-transitional.dtd">
<html xmlns="http://www.w3.org/1999/xhtml" xml:lang="en" lang="en">
 <head>
  <title>
</title>
<meta http-equiv="Content-Type" content="text/html;charset=utf-8" />
  <meta name='ocr-system' content='tesseract 3.04.00' />
  <meta name='ocr-capabilities' content='ocr_page ocr_carea ocr_par ocr_line ocrx_word'/>
</head>
<body>
  <div class='ocr_page' id='page_1' title='image "./compendiumtheol03gurygoog_0446.png"; bbox 0 0 3206 5042; ppageno 0'>
   <div class='ocr_carea' id='block_1_1' title="bbox 629 296 864 340">
    <p class='ocr_par' dir='ltr' id='par_1_1' title="bbox 629 296 864 340">
     <span class='ocr_line' id='line_1_1' title="bbox 629 296 864 340; baseline -0.004 0"><span class='ocrx_word' id='word_1_1' title='bbox 629 297 671 340; x_wconf 77' lang='lat' dir='ltr'>DE</span> <span class='ocrx_word' id='word_1_2' title='bbox 692 296 864 340; x_wconf 73' lang='lat' dir='ltr'>censuale</span> 
     </span>
    </p>
   </div>
   <div class='ocr_carea' id='block_1_2' title="bbox 227 453 571 522">
    <p class='ocr_par' dir='ltr' id='par_1_2' title="bbox 227 453 571 522">
     <span class='ocr_line' id='line_1_2' title="bbox 227 453 571 522; baseline -0.017 0"><span class='ocrx_word' id='word_1_3' title='bbox 227 453 571 522; x_wconf 87' lang='lat' dir='ltr'>Praenotandum.</span> 
     </span>
    </p>
   </div>
   <div class='ocr_carea' id='block_1_3' title="bbox 91 605 1396 1922">
    <p class='ocr_par' dir='ltr' id='par_1_3' title="bbox 91 605 1396 1922">
     <span class='ocr_line' id='line_1_3' title="bbox 136 605 1385 686; baseline 0.002 -14"><span class='ocrx_word' id='word_1_4' title='bbox 136 613 216 672; x_wconf 84' lang='grc'>976.</span> <span class='ocrx_word' id='word_1_5' title='bbox 229 611 361 670; x_wconf 88' lang='lat' dir='ltr'>—Lata</span> <span class='ocrx_word' id='word_1_6' title='bbox 372 613 418 670; x_wconf 90' lang='lat' dir='ltr'>est</span> <span class='ocrx_word' id='word_1_7' title='bbox 429 608 492 669; x_wconf 82' lang='lat' dir='ltr'>haec</span> <span class='ocrx_word' id='word_1_8' title='bbox 504 606 605 686; x_wconf 89' lang='lat' dir='ltr'>prima</span> <span class='ocrx_word' id='word_1_9' title='bbox 618 605 892 668; x_wconf 73' lang='lat' dir='ltr'>excommunicatio</span> <span class='ocrx_word' id='word_1_10' title='bbox 904 605 940 668; x_wconf 94' lang='lat' dir='ltr'>in</span> <span class='ocrx_word' id='word_1_11' title='bbox 950 623 1074 686; x_wconf 88' lang='lat' dir='ltr'>poenam</span> <span class='ocrx_word' id='word_1_12' title='bbox 1084 607 1232 670; x_wconf 88' lang='lat' dir='ltr'>etodium</span> <span class='ocrx_word' id='word_1_13' title='bbox 1244 609 1368 674; x_wconf 82' lang='lat' dir='ltr'>heresis</span> <span class='ocrx_word' id='word_1_14' title='bbox 1379 634 1385 686; x_wconf 90' lang='lat'><strong>;</strong></span> 
     </span>
     <span class='ocr_line' id='line_1_4' title="bbox 91 693 1389 779; baseline 0.002 -19"><span class='ocrx_word' id='word_1_15' title='bbox 91 705 126 760; x_wconf 90' lang='lat' dir='ltr'>et</span> <span class='ocrx_word' id='word_1_16' title='bbox 142 697 217 760; x_wconf 88' lang='lat' dir='ltr'>ideo</span> <span class='ocrx_word' id='word_1_17' title='bbox 231 697 393 779; x_wconf 74' lang='lat' dir='ltr'>primario</span> <span class='ocrx_word' id='word_1_18' title='bbox 411 714 466 758; x_wconf 91' lang='lat' dir='ltr'>seu</span> <span class='ocrx_word' id='word_1_19' title='bbox 479 695 591 757; x_wconf 82' lang='lat' dir='ltr'><em>directe</em></span> <span class='ocrx_word' id='word_1_20' title='bbox 605 693 702 755; x_wconf 83' lang='lat' dir='ltr'>lectur</span> <span class='ocrx_word' id='word_1_21' title='bbox 721 693 754 755; x_wconf 91' lang='lat' dir='ltr'>in</span> <span class='ocrx_word' id='word_1_22' title='bbox 772 712 837 768; x_wconf 90' lang='lat' dir='ltr'>eos,</span> <span class='ocrx_word' id='word_1_23' title='bbox 856 695 910 775; x_wconf 88' lang='lat' dir='ltr'>qni</span> <span class='ocrx_word' id='word_1_24' title='bbox 928 700 1086 774; x_wconf 90' lang='lat' dir='ltr'>peccatum</span> <span class='ocrx_word' id='word_1_25' title='bbox 1105 694 1181 758; x_wconf 92' lang='lat' dir='ltr'>illud</span> <span class='ocrx_word' id='word_1_26' title='bbox 1196 697 1389 764; x_wconf 87' lang='lat' dir='ltr'>admiserunt</span> 
     </span>
     <span class='ocr_line' id='line_1_5' title="bbox 93 782 1386 863; baseline 0.002 -15"><span class='ocrx_word' id='word_1_27' title='bbox 93 787 278 848; x_wconf 88' lang='lat' dir='ltr'>recedendo</span> <span class='ocrx_word' id='word_1_28' title='bbox 290 785 391 848; x_wconf 80' lang='lat' dir='ltr'>ariae</span> <span class='ocrx_word' id='word_1_29' title='bbox 400 783 568 847; x_wconf 89' lang='lat' dir='ltr'>christiana</span> <span class='ocrx_word' id='word_1_30' title='bbox 578 782 664 863; x_wconf 90' lang='lat' dir='ltr'>prius</span> <span class='ocrx_word' id='word_1_31' title='bbox 676 789 831 862; x_wconf 86' lang='lat' dir='ltr'>suscepta,</span> <span class='ocrx_word' id='word_1_32' title='bbox 843 782 973 863; x_wconf 86' lang='lat' dir='ltr'>quique,</span> <span class='ocrx_word' id='word_1_33' title='bbox 986 783 1111 863; x_wconf 90' lang='lat' dir='ltr'>majoris</span> <span class='ocrx_word' id='word_1_34' title='bbox 1123 784 1271 848; x_wconf 72' lang='lat' dir='ltr'><strong>claritatis</strong></span> <span class='ocrx_word' id='word_1_35' title='bbox 1281 805 1386 863; x_wconf 88' lang='lat' dir='ltr'>cansa,</span> 
     </span>
     <span class='ocr_line' id='line_1_6' title="bbox 94 870 1389 954; baseline 0.002 -17"><span class='ocrx_word' id='word_1_36' title='bbox 94 874 317 954; x_wconf 73' lang='lat' dir='ltr'>designantur</span> <span class='ocrx_word' id='word_1_37' title='bbox 330 873 414 936; x_wconf 90' lang='lat' dir='ltr'>hisce</span> <span class='ocrx_word' id='word_1_38' title='bbox 429 871 530 934; x_wconf 88' lang='lat' dir='ltr'>trihus</span> <span class='ocrx_word' id='word_1_39' title='bbox 543 870 723 934; x_wconf 91' lang='lat' dir='ltr'>nominibus</span> <span class='ocrx_word' id='word_1_40' title='bbox 740 890 747 932; x_wconf 95' lang='lat'>:</span> <span class='ocrx_word' id='word_1_41' title='bbox 767 877 991 950; x_wconf 89' lang='lat' dir='ltr'>apostatarum,</span> <span class='ocrx_word' id='word_1_42' title='bbox 1007 871 1235 950; x_wconf 80' lang='lat' dir='ltr'>haereticoram,</span> <span class='ocrx_word' id='word_1_43' title='bbox 1252 881 1283 936; x_wconf 92' lang='lat' dir='ltr'>et</span> <span class='ocrx_word' id='word_1_44' title='bbox 1293 876 1389 939; x_wconf 82' lang='lat' dir='ltr'>hare-</span> 
     </span>
     <span class='ocr_line' id='line_1_7' title="bbox 98 959 1389 1036; baseline 0.002 -11"><span class='ocrx_word' id='word_1_45' title='bbox 98 963 173 1026; x_wconf 88' lang='lat' dir='ltr'>ticis</span> <span class='ocrx_word' id='word_1_46' title='bbox 189 963 405 1036; x_wconf 89' lang='lat' dir='ltr'>credentium;</span> <span class='ocrx_word' id='word_1_47' title='bbox 420 959 601 1021; x_wconf 85' lang='lat' dir='ltr'>secundario</span> <span class='ocrx_word' id='word_1_48' title='bbox 614 963 715 1022; x_wconf 57' lang='lat' dir='ltr'>au‘tem</span> <span class='ocrx_word' id='word_1_49' title='bbox 731 965 762 1020; x_wconf 90' lang='lat' dir='ltr'>et</span> <span class='ocrx_word' id='word_1_50' title='bbox 774 960 914 1020; x_wconf 77' lang='lat' dir='ltr'><strong><em>indirecte</em></strong></span> <span class='ocrx_word' id='word_1_51' title='bbox 929 959 1087 1021; x_wconf 83' lang='lat' dir='ltr'>derivatur</span> <span class='ocrx_word' id='word_1_52' title='bbox 1099 978 1152 1023; x_wconf 91' lang='lat' dir='ltr'>seu</span> <span class='ocrx_word' id='word_1_53' title='bbox 1165 963 1340 1026; x_wconf 79' lang='lat' dir='ltr'><strong>extenditur</strong></span> <span class='ocrx_word' id='word_1_54' title='bbox 1351 966 1389 1027; x_wconf 90' lang='lat' dir='ltr'>ad</span> 
     </span>
     <span class='ocr_line' id='line_1_8' title="bbox 98 1046 1391 1134; baseline -0.001 -19"><span class='ocrx_word' id='word_1_55' title='bbox 98 1071 170 1128; x_wconf 76' lang='lat' dir='ltr'>eae,</span> <span class='ocrx_word' id='word_1_56' title='bbox 189 1052 251 1133; x_wconf 91' lang='lat' dir='ltr'>qui</span> <span class='ocrx_word' id='word_1_57' title='bbox 275 1050 437 1132; x_wconf 71' lang='lat' dir='ltr'>participes</span> <span class='ocrx_word' id='word_1_58' title='bbox 458 1047 681 1130; x_wconf 88' lang='lat' dir='ltr'>quodammodo</span> <span class='ocrx_word' id='word_1_59' title='bbox 698 1050 772 1109; x_wconf 90' lang='lat' dir='ltr'>sunt</span> <span class='ocrx_word' id='word_1_60' title='bbox 790 1047 884 1128; x_wconf 87' lang='lat' dir='ltr'>hujus</span> <span class='ocrx_word' id='word_1_61' title='bbox 906 1046 1061 1121; x_wconf 90' lang='lat' dir='ltr'>criminis,</span> <span class='ocrx_word' id='word_1_62' title='bbox 1081 1048 1158 1129; x_wconf 89' lang='lat' dir='ltr'>quin</span> <span class='ocrx_word' id='word_1_63' title='bbox 1176 1049 1253 1113; x_wconf 88' lang='lat' dir='ltr'>illud</span> <span class='ocrx_word' id='word_1_64' title='bbox 1272 1053 1391 1134; x_wconf 79' lang='lat' dir='ltr'>proprie</span> 
     </span>
     <span class='ocr_line' id='line_1_9' title="bbox 98 1134 1393 1218; baseline 0.002 -16"><span class='ocrx_word' id='word_1_65' title='bbox 98 1141 302 1212; x_wconf 87' lang='lat' dir='ltr'>admittant,</span> <span class='ocrx_word' id='word_1_66' title='bbox 320 1156 428 1218; x_wconf 81' lang='lat' dir='ltr'>nempe</span> <span class='ocrx_word' id='word_1_67' title='bbox 442 1138 480 1198; x_wconf 88' lang='lat' dir='ltr'>ad</span> <span class='ocrx_word' id='word_1_68' title='bbox 494 1144 675 1216; x_wconf 89' lang='lat' dir='ltr'>receptores,</span> <span class='ocrx_word' id='word_1_69' title='bbox 689 1135 838 1210; x_wconf 85' lang='lat' dir='ltr'>lautores,</span> <span class='ocrx_word' id='word_1_70' title='bbox 852 1153 885 1198; x_wconf 88' lang='lat' dir='ltr'>aa</span> <span class='ocrx_word' id='word_1_71' title='bbox 898 1134 1066 1198; x_wconf 87' lang='lat' dir='ltr'>defensores</span> <span class='ocrx_word' id='word_1_72' title='bbox 1077 1136 1301 1202; x_wconf 74' lang='lat' dir='ltr'>haereticorum.</span> <span class='ocrx_word' id='word_1_73' title='bbox 1314 1141 1393 1204; x_wconf 88' lang='lat' dir='ltr'>Hinc</span> 
     </span>
     <span class='ocr_line' id='line_1_10' title="bbox 99 1223 1392 1308; baseline -0.001 -16"><span class='ocrx_word' id='word_1_74' title='bbox 99 1235 190 1292; x_wconf 87' lang='lat' dir='ltr'>recte</span> <span class='ocrx_word' id='word_1_75' title='bbox 204 1227 371 1290; x_wconf 88' lang='lat' dir='ltr'>Suarezius</span> <span class='ocrx_word' id='word_1_76' title='bbox 387 1230 454 1306; x_wconf 92' lang='lat' dir='ltr'>post</span> <span class='ocrx_word' id='word_1_77' title='bbox 465 1228 644 1306; x_wconf 79' lang='lat' dir='ltr'>cajetanum</span> <span class='ocrx_word' id='word_1_78' title='bbox 660 1223 768 1298; x_wconf 88' lang='lat' dir='ltr'>infert,</span> <span class='ocrx_word' id='word_1_79' title='bbox 784 1224 990 1286; x_wconf 88' lang='lat' dir='ltr'>necessarium</span> <span class='ocrx_word' id='word_1_80' title='bbox 1005 1241 1069 1286; x_wconf 88' lang='lat' dir='ltr'>esse</span> <span class='ocrx_word' id='word_1_81' title='bbox 1082 1231 1119 1285; x_wconf 89' lang='lat' dir='ltr'>ut</span> <span class='ocrx_word' id='word_1_82' title='bbox 1133 1228 1283 1305; x_wconf 86' lang='lat' dir='ltr'>ejusmodi</span> <span class='ocrx_word' id='word_1_83' title='bbox 1297 1230 1392 1308; x_wconf 91' lang='lat' dir='ltr'>parti-</span> 
     </span>
     <span class='ocr_line' id='line_1_11' title="bbox 102 1311 1394 1397; baseline 0 -19"><span class='ocrx_word' id='word_1_84' title='bbox 102 1316 226 1397; x_wconf 90' lang='lat' dir='ltr'>cipatio</span> <span class='ocrx_word' id='word_1_85' title='bbox 243 1314 381 1378; x_wconf 89' lang='lat' dir='ltr'>formalis</span> <span class='ocrx_word' id='word_1_86' title='bbox 396 1314 451 1390; x_wconf 90' lang='lat' dir='ltr'>sit,</span> <span class='ocrx_word' id='word_1_87' title='bbox 464 1333 517 1377; x_wconf 91' lang='lat' dir='ltr'>seu</span> <span class='ocrx_word' id='word_1_88' title='bbox 535 1320 570 1375; x_wconf 89' lang='lat' dir='ltr'>nt</span> <span class='ocrx_word' id='word_1_89' title='bbox 582 1311 667 1375; x_wconf 88' lang='lat' dir='ltr'>favor</span> <span class='ocrx_word' id='word_1_90' title='bbox 680 1316 842 1394; x_wconf 71' lang='lat' dir='ltr'>prestetur</span> <span class='ocrx_word' id='word_1_91' title='bbox 853 1313 993 1375; x_wconf 83' lang='lat' dir='ltr'>haeretico</span> <span class='ocrx_word' id='word_1_92' title='bbox 1006 1311 1040 1374; x_wconf 93' lang='lat' dir='ltr'>in</span> <span class='ocrx_word' id='word_1_93' title='bbox 1051 1313 1119 1392; x_wconf 91' lang='lat' dir='ltr'>ipsa</span> <span class='ocrx_word' id='word_1_94' title='bbox 1130 1315 1196 1393; x_wconf 90' lang='lat' dir='ltr'>ejas</span> <span class='ocrx_word' id='word_1_95' title='bbox 1209 1314 1332 1390; x_wconf 81' lang='lat' dir='ltr'>heresi,</span> <span class='ocrx_word' id='word_1_96' title='bbox 1346 1318 1394 1380; x_wconf 87' lang='lat' dir='ltr'>vel</span> 
     </span>
     <span class='ocr_line' id='line_1_12' title="bbox 103 1400 1395 1488; baseline 0 -21"><span class='ocrx_word' id='word_1_97' title='bbox 103 1405 274 1486; x_wconf 89' lang='lat' dir='ltr'>quatenus</span> <span class='ocrx_word' id='word_1_98' title='bbox 285 1403 447 1466; x_wconf 78' lang='lat' dir='ltr'>hereticus</span> <span class='ocrx_word' id='word_1_99' title='bbox 458 1409 514 1465; x_wconf 92' lang='lat' dir='ltr'>est.</span> <span class='ocrx_word' id='word_1_100' title='bbox 530 1407 595 1466; x_wconf 91' lang='lat' dir='ltr'>Non</span> <span class='ocrx_word' id='word_1_101' title='bbox 608 1401 704 1481; x_wconf 88' lang='lat' dir='ltr'>igitur</span> <span class='ocrx_word' id='word_1_102' title='bbox 715 1419 874 1464; x_wconf 89' lang='lat' dir='ltr'>censuram</span> <span class='ocrx_word' id='word_1_103' title='bbox 888 1401 1037 1488; x_wconf 84' lang='lat' dir='ltr'>incurret,</span> <span class='ocrx_word' id='word_1_104' title='bbox 1050 1400 1105 1481; x_wconf 87' lang='lat' dir='ltr'>qui</span> <span class='ocrx_word' id='word_1_105' title='bbox 1119 1420 1190 1464; x_wconf 90' lang='lat' dir='ltr'>eum</span> <span class='ocrx_word' id='word_1_106' title='bbox 1206 1422 1243 1466; x_wconf 84' lang='lat' dir='ltr'>ex</span> <span class='ocrx_word' id='word_1_107' title='bbox 1258 1405 1395 1467; x_wconf 82' lang='lat' dir='ltr'>amicitie</span> 
     </span>
     <span class='ocr_line' id='line_1_13' title="bbox 105 1489 1396 1573; baseline -0.001 -17"><span class='ocrx_word' id='word_1_108' title='bbox 105 1493 250 1573; x_wconf 82' lang='lat' dir='ltr'>excipiet</span> <span class='ocrx_word' id='word_1_109' title='bbox 270 1491 418 1572; x_wconf 91' lang='lat' dir='ltr'>hospitio,</span> <span class='ocrx_word' id='word_1_110' title='bbox 442 1492 480 1553; x_wconf 90' lang='lat' dir='ltr'>ad</span> <span class='ocrx_word' id='word_1_111' title='bbox 501 1509 566 1552; x_wconf 91' lang='lat' dir='ltr'>rem</span> <span class='ocrx_word' id='word_1_112' title='bbox 590 1491 787 1552; x_wconf 86' lang='lat' dir='ltr'>domesticam</span> <span class='ocrx_word' id='word_1_113' title='bbox 809 1489 1054 1570; x_wconf 87' lang='lat' dir='ltr'>amplificandam</span> <span class='ocrx_word' id='word_1_114' title='bbox 1077 1490 1251 1570; x_wconf 85' lang='lat' dir='ltr'>adjurabit,</span> <span class='ocrx_word' id='word_1_115' title='bbox 1278 1497 1334 1556; x_wconf 87' lang='lat' dir='ltr'>etc.</span> <span class='ocrx_word' id='word_1_116' title='bbox 1356 1529 1396 1539; x_wconf 85' lang='lat'>-</span> 
     </span>
     <span class='ocr_line' id='line_1_14' title="bbox 108 1577 1396 1661; baseline 0.001 -18"><span class='ocrx_word' id='word_1_117' title='bbox 108 1580 506 1661; x_wconf 81' lang='lat' dir='ltr'>Saarez,diep.xx1‚sect.</span> <span class='ocrx_word' id='word_1_118' title='bbox 519 1583 553 1653; x_wconf 73' lang='lat' dir='ltr'>h,</span> <span class='ocrx_word' id='word_1_119' title='bbox 568 1601 599 1639; x_wconf 91' lang='lat' dir='ltr'>n.</span> <span class='ocrx_word' id='word_1_120' title='bbox 612 1583 642 1643; x_wconf 89' lang='lat'>8.</span> <span class='ocrx_word' id='word_1_121' title='bbox 655 1613 695 1624; x_wconf 93' lang='lat'>-—</span> <span class='ocrx_word' id='word_1_122' title='bbox 711 1583 781 1642; x_wconf 81' lang='lat' dir='ltr'>Haec</span> <span class='ocrx_word' id='word_1_123' title='bbox 796 1579 933 1641; x_wconf 89' lang='lat' dir='ltr'>doctrina</span> <span class='ocrx_word' id='word_1_124' title='bbox 953 1577 1101 1658; x_wconf 88' lang='lat' dir='ltr'>generalis</span> <span class='ocrx_word' id='word_1_125' title='bbox 1118 1585 1179 1654; x_wconf 86' lang='lat' dir='ltr'>est,</span> <span class='ocrx_word' id='word_1_126' title='bbox 1196 1587 1226 1642; x_wconf 90' lang='lat' dir='ltr'>et</span> <span class='ocrx_word' id='word_1_127' title='bbox 1242 1599 1396 1644; x_wconf 90' lang='lat' dir='ltr'>recurrere</span> 
     </span>
     <span class='ocr_line' id='line_1_15' title="bbox 108 1666 1396 1750; baseline 0 -18"><span class='ocrx_word' id='word_1_128' title='bbox 108 1669 319 1750; x_wconf 86' lang='lat' dir='ltr'>intelligenda</span> <span class='ocrx_word' id='word_1_129' title='bbox 329 1667 418 1730; x_wconf 91' lang='lat' dir='ltr'>estin</span> <span class='ocrx_word' id='word_1_130' title='bbox 430 1668 546 1730; x_wconf 77' lang='lat' dir='ltr'>caeteris</span> <span class='ocrx_word' id='word_1_131' title='bbox 558 1667 703 1730; x_wconf 90' lang='lat' dir='ltr'>omnibus</span> <span class='ocrx_word' id='word_1_132' title='bbox 716 1667 852 1730; x_wconf 88' lang='lat' dir='ltr'>censuris</span> <span class='ocrx_word' id='word_1_133' title='bbox 863 1666 1034 1738; x_wconf 75' lang='lat' dir='ltr'>similione,</span> <span class='ocrx_word' id='word_1_134' title='bbox 1045 1666 1159 1745; x_wconf 89' lang='lat' dir='ltr'>quibus</span> <span class='ocrx_word' id='word_1_135' title='bbox 1168 1667 1324 1732; x_wconf 90' lang='lat' dir='ltr'>feriuntur</span> <span class='ocrx_word' id='word_1_136' title='bbox 1333 1687 1396 1732; x_wconf 91' lang='lat' dir='ltr'>non</span> 
     </span>
     <span class='ocr_line' id='line_1_16' title="bbox 110 1754 1395 1834; baseline -0.002 -14"><span class='ocrx_word' id='word_1_137' title='bbox 110 1759 221 1820; x_wconf 89' lang='lat' dir='ltr'>salum</span> <span class='ocrx_word' id='word_1_138' title='bbox 247 1755 363 1817; x_wconf 89' lang='lat' dir='ltr'>crimen</span> <span class='ocrx_word' id='word_1_139' title='bbox 383 1754 549 1834; x_wconf 87' lang='lat' dir='ltr'>principale</span> <span class='ocrx_word' id='word_1_140' title='bbox 569 1755 781 1828; x_wconf 88' lang='lat' dir='ltr'>admittentes,</span> <span class='ocrx_word' id='word_1_141' title='bbox 806 1754 857 1815; x_wconf 92' lang='lat' dir='ltr'>sed</span> <span class='ocrx_word' id='word_1_142' title='bbox 876 1754 974 1815; x_wconf 90' lang='lat' dir='ltr'>eidem</span> <span class='ocrx_word' id='word_1_143' title='bbox 996 1759 1140 1832; x_wconf 78' lang='lat' dir='ltr'>preterea</span> <span class='ocrx_word' id='word_1_144' title='bbox 1162 1755 1395 1834; x_wconf 87' lang='lat' dir='ltr'>participantes,</span> 
     </span>
     <span class='ocr_line' id='line_1_17' title="bbox 111 1842 708 1922; baseline -0.01 -14"><span class='ocrx_word' id='word_1_145' title='bbox 111 1844 292 1916; x_wconf 81' lang='lat' dir='ltr'>auxilium,</span> <span class='ocrx_word' id='word_1_146' title='bbox 308 1843 443 1904; x_wconf 86' lang='lat' dir='ltr'>favorem</span> <span class='ocrx_word' id='word_1_147' title='bbox 457 1842 634 1922; x_wconf 78' lang='lat' dir='ltr'>praebendo,</span> <span class='ocrx_word' id='word_1_148' title='bbox 651 1847 708 1903; x_wconf 90' lang='lat' dir='ltr'>etc.</span> 
     </span>
    </p>
   </div>
   <div class='ocr_carea' id='block_1_4' title="bbox 247 1981 442 2082">
    <p class='ocr_par' dir='ltr' id='par_1_4' title="bbox 247 1981 442 2082">
     <span class='ocr_line' id='line_1_18' title="bbox 247 1981 442 2082; baseline 0 -14"><span class='ocrx_word' id='word_1_149' title='bbox 247 1981 442 2082; x_wconf 71' lang='lat' dir='ltr'>Quaesitae.</span> 
     </span>
    </p>
   </div>
   <div class='ocr_carea' id='block_1_5' title="bbox 117 2157 1403 2686">
    <p class='ocr_par' dir='ltr' id='par_1_5' title="bbox 117 2157 1402 2310">
     <span class='ocr_line' id='line_1_19' title="bbox 159 2157 1402 2241; baseline 0.001 -19"><span class='ocrx_word' id='word_1_150' title='bbox 159 2164 236 2223; x_wconf 87' lang='grc'>977.</span> <span class='ocrx_word' id='word_1_151' title='bbox 253 2195 294 2206; x_wconf 96' lang='grc'>-</span> <span class='ocrx_word' id='word_1_152' title='bbox 312 2163 414 2236; x_wconf 81' lang='lat' dir='ltr'>ann.</span> <span class='ocrx_word' id='word_1_153' title='bbox 433 2165 466 2221; x_wconf 74' lang='grc' dir='ltr'>1ο</span> <span class='ocrx_word' id='word_1_154' title='bbox 482 2157 643 2234; x_wconf 78' lang='lat' dir='ltr'>Quodnam</span> <span class='ocrx_word' id='word_1_155' title='bbox 659 2159 697 2219; x_wconf 83' lang='lat' dir='ltr'>sit</span> <span class='ocrx_word' id='word_1_156' title='bbox 717 2157 877 2220; x_wconf 81' lang='lat' dir='ltr'>discrimen</span> <span class='ocrx_word' id='word_1_157' title='bbox 893 2159 973 2218; x_wconf 86' lang='lat' dir='ltr'>inter</span> <span class='ocrx_word' id='word_1_158' title='bbox 989 2167 1160 2241; x_wconf 84' lang='lat' dir='ltr'>apostatas,</span> <span class='ocrx_word' id='word_1_159' title='bbox 1181 2160 1352 2235; x_wconf 68' lang='lat' dir='ltr'>hereticos,</span> <span class='ocrx_word' id='word_1_160' title='bbox 1372 2170 1402 2223; x_wconf 91' lang='lat' dir='ltr'>et</span> 
     </span>
     <span class='ocr_line' id='line_1_20' title="bbox 117 2247 468 2310; baseline -0.003 -1"><span class='ocrx_word' id='word_1_161' title='bbox 117 2249 278 2310; x_wconf 76' lang='lat' dir='ltr'>haereticis</span> <span class='ocrx_word' id='word_1_162' title='bbox 293 2247 468 2310; x_wconf 85' lang='lat' dir='ltr'>credentes?</span> 
     </span>
    </p>

    <p class='ocr_par' dir='ltr' id='par_1_6' title="bbox 119 2335 1403 2686">
     <span class='ocr_line' id='line_1_21' title="bbox 161 2335 1402 2420; baseline 0 -21"><span class='ocrx_word' id='word_1_163' title='bbox 161 2337 256 2419; x_wconf 85' lang='lat' dir='ltr'>Resp.</span> <span class='ocrx_word' id='word_1_164' title='bbox 273 2357 286 2397; x_wconf 94' lang='lat'>.·</span> <span class='ocrx_word' id='word_1_165' title='bbox 298 2336 322 2397; x_wconf 92' lang='lat' dir='ltr'>Ii</span> <span class='ocrx_word' id='word_1_166' title='bbox 336 2355 442 2398; x_wconf 88' lang='lat' dir='ltr'>omnes</span> <span class='ocrx_word' id='word_1_167' title='bbox 457 2343 533 2398; x_wconf 90' lang='lat' dir='ltr'>sunt</span> <span class='ocrx_word' id='word_1_168' title='bbox 547 2335 697 2410; x_wconf 78' lang='lat' dir='ltr'>heretici3</span> <span class='ocrx_word' id='word_1_169' title='bbox 714 2353 820 2398; x_wconf 86' lang='lat' dir='ltr'>verum</span> <span class='ocrx_word' id='word_1_170' title='bbox 838 2336 994 2415; x_wconf 87' lang='lat' dir='ltr'>speciatim</span> <span class='ocrx_word' id='word_1_171' title='bbox 1014 2341 1156 2416; x_wconf 78' lang='lat' dir='ltr'>apostatae</span> <span class='ocrx_word' id='word_1_172' title='bbox 1174 2337 1330 2414; x_wconf 88' lang='lat' dir='ltr'>dicuntur,</span> <span class='ocrx_word' id='word_1_173' title='bbox 1347 2338 1402 2420; x_wconf 91' lang='lat' dir='ltr'>qui</span> 
     </span>
     <span class='ocr_line' id='line_1_22' title="bbox 119 2423 1399 2507; baseline -0.001 -18"><span class='ocrx_word' id='word_1_174' title='bbox 119 2426 235 2489; x_wconf 89' lang='lat' dir='ltr'>Fidem</span> <span class='ocrx_word' id='word_1_175' title='bbox 258 2423 458 2488; x_wconf 86' lang='lat' dir='ltr'>christianam</span> <span class='ocrx_word' id='word_1_176' title='bbox 479 2429 575 2487; x_wconf 86' lang='lat' dir='ltr'>totam</span> <span class='ocrx_word' id='word_1_177' title='bbox 599 2423 763 2504; x_wconf 88' lang='lat' dir='ltr'>abjiciunt,</span> <span class='ocrx_word' id='word_1_178' title='bbox 781 2423 845 2486; x_wconf 87' lang='lat' dir='ltr'>sive</span> <span class='ocrx_word' id='word_1_179' title='bbox 859 2430 1017 2488; x_wconf 87' lang='lat' dir='ltr'>transeant</span> <span class='ocrx_word' id='word_1_180' title='bbox 1030 2426 1069 2485; x_wconf 91' lang='lat' dir='ltr'>ad</span> <span class='ocrx_word' id='word_1_181' title='bbox 1081 2425 1190 2488; x_wconf 83' lang='lat' dir='ltr'>salsam</span> <span class='ocrx_word' id='word_1_182' title='bbox 1205 2427 1399 2507; x_wconf 84' lang='lat' dir='ltr'>religionem,</span> 
     </span>
     <span class='ocr_line' id='line_1_23' title="bbox 119 2512 1402 2595; baseline 0 -19"><span class='ocrx_word' id='word_1_183' title='bbox 119 2521 203 2595; x_wconf 86' lang='lat' dir='ltr'>puta</span> <span class='ocrx_word' id='word_1_184' title='bbox 217 2514 256 2576; x_wconf 88' lang='lat' dir='ltr'>ad</span> <span class='ocrx_word' id='word_1_185' title='bbox 269 2513 465 2578; x_wconf 84' lang='lat' dir='ltr'>ludaismum</span> <span class='ocrx_word' id='word_1_186' title='bbox 486 2513 533 2576; x_wconf 87' lang='lat' dir='ltr'>vel</span> <span class='ocrx_word' id='word_1_187' title='bbox 554 2512 844 2586; x_wconf 85' lang='lat' dir='ltr'>hlahnmetismum,</span> <span class='ocrx_word' id='word_1_188' title='bbox 860 2512 923 2576; x_wconf 84' lang='lat' dir='ltr'>sive</span> <span class='ocrx_word' id='word_1_189' title='bbox 937 2513 1055 2575; x_wconf 87' lang='lat' dir='ltr'>nullam</span> <span class='ocrx_word' id='word_1_190' title='bbox 1069 2513 1209 2594; x_wconf 89' lang='lat' dir='ltr'>deinceps</span> <span class='ocrx_word' id='word_1_191' title='bbox 1223 2515 1402 2594; x_wconf 81' lang='lat' dir='ltr'>religionem</span> 
     </span>
     <span class='ocr_line' id='line_1_24' title="bbox 121 2600 1403 2686; baseline 0 -22"><span class='ocrx_word' id='word_1_192' title='bbox 121 2602 337 2684; x_wconf 87' lang='lat' dir='ltr'>profiteantur,</span> <span class='ocrx_word' id='word_1_193' title='bbox 352 2603 456 2683; x_wconf 85' lang='lat' dir='ltr'>quales</span> <span class='ocrx_word' id='word_1_194' title='bbox 471 2609 546 2665; x_wconf 91' lang='lat' dir='ltr'>sunt</span> <span class='ocrx_word' id='word_1_195' title='bbox 561 2601 659 2677; x_wconf 87' lang='lat' dir='ltr'>athei,</span> <span class='ocrx_word' id='word_1_196' title='bbox 678 2600 879 2665; x_wconf 78' lang='lat' dir='ltr'>rationalistae</span> <span class='ocrx_word' id='word_1_197' title='bbox 890 2601 1033 2674; x_wconf 89' lang='lat' dir='ltr'>absoluti,</span> <span class='ocrx_word' id='word_1_198' title='bbox 1050 2606 1104 2664; x_wconf 90' lang='lat' dir='ltr'>aut</span> <span class='ocrx_word' id='word_1_199' title='bbox 1116 2602 1172 2683; x_wconf 80' lang='lat' dir='ltr'>qrri</span> <span class='ocrx_word' id='word_1_200' title='bbox 1187 2601 1276 2664; x_wconf 82' lang='lat' dir='ltr'>tiberi</span> <span class='ocrx_word' id='word_1_201' title='bbox 1291 2605 1403 2686; x_wconf 77' lang='lat' dir='ltr'>capita·</span> 
     </span>
    </p>
   </div>
   <div class='ocr_carea' id='block_1_6' title="bbox 123 2689 1404 2854">
    <p class='ocr_par' dir='ltr' id='par_1_7' title="bbox 123 2689 1404 2854">
     <span class='ocr_line' id='line_1_25' title="bbox 123 2689 1403 2772; baseline 0.002 -20"><span class='ocrx_word' id='word_1_202' title='bbox 123 2701 208 2752; x_wconf 87' lang='lat' dir='ltr'>tores</span> <span class='ocrx_word' id='word_1_203' title='bbox 222 2699 453 2772; x_wconf 88' lang='lat' dir='ltr'>nuncupantur.</span> <span class='ocrx_word' id='word_1_204' title='bbox 470 2727 510 2736; x_wconf 91' lang='lat'><em>-</em></span> <span class='ocrx_word' id='word_1_205' title='bbox 524 2691 665 2754; x_wconf 86' lang='lat' dir='ltr'>Haeretici</span> <span class='ocrx_word' id='word_1_206' title='bbox 679 2709 750 2754; x_wconf 86' lang='lat' dir='ltr'>raro</span> <span class='ocrx_word' id='word_1_207' title='bbox 763 2689 814 2752; x_wconf 91' lang='lat' dir='ltr'>hic</span> <span class='ocrx_word' id='word_1_208' title='bbox 833 2691 1035 2770; x_wconf 89' lang='lat' dir='ltr'>appellantur,</span> <span class='ocrx_word' id='word_1_209' title='bbox 1052 2697 1121 2752; x_wconf 90' lang='lat' dir='ltr'>tam</span> <span class='ocrx_word' id='word_1_210' title='bbox 1140 2691 1162 2750; x_wconf 93' lang='lat' dir='ltr'>ii</span> <span class='ocrx_word' id='word_1_211' title='bbox 1183 2691 1238 2771; x_wconf 90' lang='lat' dir='ltr'>qui</span> <span class='ocrx_word' id='word_1_212' title='bbox 1256 2691 1403 2771; x_wconf 87' lang='lat' dir='ltr'>privatim</span> 
     </span>
     <span class='ocr_line' id='line_1_26' title="bbox 123 2777 1404 2854; baseline 0.001 -14"><span class='ocrx_word' id='word_1_213' title='bbox 123 2785 225 2840; x_wconf 89' lang='lat' dir='ltr'>certos</span> <span class='ocrx_word' id='word_1_214' title='bbox 247 2779 396 2854; x_wconf 86' lang='lat' dir='ltr'>quosdam</span> <span class='ocrx_word' id='word_1_215' title='bbox 417 2778 503 2838; x_wconf 83' lang='lat' dir='ltr'>Fidei</span> <span class='ocrx_word' id='word_1_216' title='bbox 524 2777 699 2838; x_wconf 78' lang='lat' dir='ltr'>christiane</span> <span class='ocrx_word' id='word_1_217' title='bbox 720 2777 865 2837; x_wconf 84' lang='lat' dir='ltr'>articulos</span> <span class='ocrx_word' id='word_1_218' title='bbox 886 2782 1014 2854; x_wconf 88' lang='lat' dir='ltr'>negant,</span> <span class='ocrx_word' id='word_1_219' title='bbox 1029 2780 1096 2835; x_wconf 91' lang='lat' dir='ltr'>tum</span> <span class='ocrx_word' id='word_1_220' title='bbox 1112 2777 1297 2853; x_wconf 78' lang='lat' dir='ltr'>presertim,</span> <span class='ocrx_word' id='word_1_221' title='bbox 1312 2796 1404 2841; x_wconf 90' lang='lat' dir='ltr'>sensu</span> 
     </span>
    </p>
   </div>
   <div class='ocr_carea' id='block_1_7' title="bbox 125 2861 1404 3034">
    <p class='ocr_par' dir='ltr' id='par_1_8' title="bbox 125 2861 1404 3034">
     <span class='ocr_line' id='line_1_27' title="bbox 125 2861 1404 2946; baseline 0.003 -22"><span class='ocrx_word' id='word_1_222' title='bbox 125 2863 211 2942; x_wconf 88' lang='lat' dir='ltr'>apud</span> <span class='ocrx_word' id='word_1_223' title='bbox 225 2863 354 2940; x_wconf 82' lang='lat' dir='ltr'>vulgum</span> <span class='ocrx_word' id='word_1_224' title='bbox 370 2868 502 2940; x_wconf 90' lang='lat' dir='ltr'>recepto,</span> <span class='ocrx_word' id='word_1_225' title='bbox 522 2862 546 2922; x_wconf 93' lang='lat' dir='ltr'>ii</span> <span class='ocrx_word' id='word_1_226' title='bbox 562 2862 617 2941; x_wconf 89' lang='lat' dir='ltr'>qui</span> <span class='ocrx_word' id='word_1_227' title='bbox 634 2869 721 2923; x_wconf 84' lang='lat' dir='ltr'>sectae</span> <span class='ocrx_word' id='word_1_228' title='bbox 741 2861 797 2922; x_wconf 92' lang='lat' dir='ltr'>hos</span> <span class='ocrx_word' id='word_1_229' title='bbox 819 2861 963 2924; x_wconf 89' lang='lat' dir='ltr'>articulos</span> <span class='ocrx_word' id='word_1_230' title='bbox 981 2861 1107 2940; x_wconf 80' lang='lat' dir='ltr'>neganti</span> <span class='ocrx_word' id='word_1_231' title='bbox 1127 2863 1298 2939; x_wconf 78' lang='lat' dir='ltr'>adherent,</span> <span class='ocrx_word' id='word_1_232' title='bbox 1315 2865 1404 2946; x_wconf 90' lang='lat' dir='ltr'>eique</span> 
     </span>
     <span class='ocr_line' id='line_1_28' title="bbox 125 2947 1402 3034; baseline 0 -20"><span class='ocrx_word' id='word_1_233' title='bbox 125 2967 243 3014; x_wconf 91' lang='lat' dir='ltr'>nomen</span> <span class='ocrx_word' id='word_1_234' title='bbox 258 2949 417 3010; x_wconf 90' lang='lat' dir='ltr'>dederunt.</span> <span class='ocrx_word' id='word_1_235' title='bbox 434 2947 545 3011; x_wconf 89' lang='lat' dir='ltr'>Idcirco</span> <span class='ocrx_word' id='word_1_236' title='bbox 559 2948 593 3010; x_wconf 92' lang='lat' dir='ltr'>in</span> <span class='ocrx_word' id='word_1_237' title='bbox 607 2947 831 3011; x_wconf 81' lang='lat' dir='ltr'>Constitutione</span> <span class='ocrx_word' id='word_1_238' title='bbox 850 2947 982 3012; x_wconf 87' lang='lat' dir='ltr'>dicitur:</span> <span class='ocrx_word' id='word_1_239' title='bbox 997 2970 1097 3012; x_wconf 88' lang='lat' dir='ltr'>omnes</span> <span class='ocrx_word' id='word_1_240' title='bbox 1112 2961 1138 3012; x_wconf 90' lang='lat' dir='ltr'>et</span> <span class='ocrx_word' id='word_1_241' title='bbox 1154 2949 1291 3034; x_wconf 73' lang='lat' dir='ltr'>sinputos</span> <span class='ocrx_word' id='word_1_242' title='bbox 1306 2953 1402 3016; x_wconf 81' lang='lat' dir='ltr'>lacere-</span> 
     </span>
    </p>
   </div>
   <div class='ocr_carea' id='block_1_8' title="bbox 128 3037 1412 4704">
    <p class='ocr_par' dir='ltr' id='par_1_9' title="bbox 128 3037 1405 3826">
     <span class='ocr_line' id='line_1_29' title="bbox 128 3037 1403 3120; baseline 0.002 -20"><span class='ocrx_word' id='word_1_243' title='bbox 128 3043 215 3116; x_wconf 89' lang='lat' dir='ltr'>ticos,</span> <span class='ocrx_word' id='word_1_244' title='bbox 230 3055 417 3120; x_wconf 80' lang='lat' dir='ltr'>quocumque</span> <span class='ocrx_word' id='word_1_245' title='bbox 430 3039 547 3100; x_wconf 86' lang='lat' dir='ltr'>nomine</span> <span class='ocrx_word' id='word_1_246' title='bbox 562 3045 749 3114; x_wconf 82' lang='lat' dir='ltr'>censeantur,</span> <span class='ocrx_word' id='word_1_247' title='bbox 763 3044 791 3098; x_wconf 89' lang='lat' dir='ltr'>et</span> <span class='ocrx_word' id='word_1_248' title='bbox 803 3037 1016 3119; x_wconf 78' lang='lat' dir='ltr'>cujuscumque</span> <span class='ocrx_word' id='word_1_249' title='bbox 1030 3049 1118 3103; x_wconf 86' lang='lat' dir='ltr'>scctoe</span> <span class='ocrx_word' id='word_1_250' title='bbox 1132 3041 1290 3102; x_wconf 76' lang='lat' dir='ltr'>exsistant.</span> <span class='ocrx_word' id='word_1_251' title='bbox 1304 3041 1403 3104; x_wconf 90' lang='lat' dir='ltr'>Utris-</span> 
     </span>
     <span class='ocr_line' id='line_1_30' title="bbox 128 3127 1400 3210; baseline 0.002 -21"><span class='ocrx_word' id='word_1_252' title='bbox 128 3145 202 3207; x_wconf 89' lang='lat' dir='ltr'>que,</span> <span class='ocrx_word' id='word_1_253' title='bbox 215 3129 305 3209; x_wconf 82' lang='lat' dir='ltr'>juxta</span> <span class='ocrx_word' id='word_1_254' title='bbox 319 3143 513 3188; x_wconf 90' lang='lat' dir='ltr'>communem</span> <span class='ocrx_word' id='word_1_255' title='bbox 527 3133 557 3188; x_wconf 88' lang='lat' dir='ltr'>et</span> <span class='ocrx_word' id='word_1_256' title='bbox 571 3132 685 3188; x_wconf 89' lang='lat' dir='ltr'>certam</span> <span class='ocrx_word' id='word_1_257' title='bbox 699 3129 861 3188; x_wconf 87' lang='lat' dir='ltr'>Doctorum</span> <span class='ocrx_word' id='word_1_258' title='bbox 876 3127 1075 3203; x_wconf 87' lang='lat' dir='ltr'>sententiam,</span> <span class='ocrx_word' id='word_1_259' title='bbox 1092 3147 1219 3191; x_wconf 89' lang='lat' dir='ltr'>censura</span> <span class='ocrx_word' id='word_1_260' title='bbox 1238 3129 1400 3210; x_wconf 81' lang='lat' dir='ltr'>infligitur.</span> 
     </span>
     <span class='ocr_line' id='line_1_31' title="bbox 128 3212 1403 3294; baseline 0.002 -18"><span class='ocrx_word' id='word_1_261' title='bbox 128 3217 335 3277; x_wconf 89' lang='lat' dir='ltr'>-Vocantur</span> <span class='ocrx_word' id='word_1_262' title='bbox 346 3212 497 3277; x_wconf 77' lang='lat' dir='ltr'>hereticis</span> <span class='ocrx_word' id='word_1_263' title='bbox 509 3215 673 3288; x_wconf 88' lang='lat' dir='ltr'>credentes,</span> <span class='ocrx_word' id='word_1_264' title='bbox 685 3213 749 3277; x_wconf 87' lang='lat' dir='ltr'>sive</span> <span class='ocrx_word' id='word_1_265' title='bbox 762 3213 808 3276; x_wconf 93' lang='lat' dir='ltr'>illi</span> <span class='ocrx_word' id='word_1_266' title='bbox 820 3214 875 3294; x_wconf 91' lang='lat' dir='ltr'>qui</span> <span class='ocrx_word' id='word_1_267' title='bbox 889 3214 1049 3276; x_wconf 89' lang='lat' dir='ltr'>damnatos</span> <span class='ocrx_word' id='word_1_268' title='bbox 1063 3215 1275 3279; x_wconf 78' lang='lat' dir='ltr'>hereticorum</span> <span class='ocrx_word' id='word_1_269' title='bbox 1288 3235 1403 3280; x_wconf 89' lang='lat' dir='ltr'>errores</span> 
     </span>
     <span class='ocr_line' id='line_1_32' title="bbox 130 3302 1403 3384; baseline 0.002 -18"><span class='ocrx_word' id='word_1_270' title='bbox 130 3311 316 3384; x_wconf 89' lang='lat' dir='ltr'>sequuntur,</span> <span class='ocrx_word' id='word_1_271' title='bbox 331 3302 409 3383; x_wconf 89' lang='lat' dir='ltr'>quin</span> <span class='ocrx_word' id='word_1_272' title='bbox 420 3320 526 3364; x_wconf 88' lang='lat' dir='ltr'>eorum</span> <span class='ocrx_word' id='word_1_273' title='bbox 539 3303 627 3365; x_wconf 87' lang='lat' dir='ltr'>sectis</span> <span class='ocrx_word' id='word_1_274' title='bbox 642 3321 754 3365; x_wconf 89' lang='lat' dir='ltr'>nomen</span> <span class='ocrx_word' id='word_1_275' title='bbox 767 3303 916 3381; x_wconf 86' lang='lat' dir='ltr'>dederint,</span> <span class='ocrx_word' id='word_1_276' title='bbox 928 3309 965 3364; x_wconf 88' lang='lat' dir='ltr'>ut</span> <span class='ocrx_word' id='word_1_277' title='bbox 974 3302 1041 3364; x_wconf 90' lang='lat' dir='ltr'>vult</span> <span class='ocrx_word' id='word_1_278' title='bbox 1051 3303 1178 3382; x_wconf 83' lang='lat' dir='ltr'>Saarcz,</span> <span class='ocrx_word' id='word_1_279' title='bbox 1193 3302 1248 3366; x_wconf 88' lang='lat' dir='ltr'>tac.</span> <span class='ocrx_word' id='word_1_280' title='bbox 1262 3305 1330 3383; x_wconf 74' lang='lat' dir='ltr'>cit,</span> <span class='ocrx_word' id='word_1_281' title='bbox 1341 3327 1371 3366; x_wconf 91' lang='lat' dir='ltr'>n.</span> <span class='ocrx_word' id='word_1_282' title='bbox 1385 3309 1403 3369; x_wconf 89' lang='lat'><strong>3</strong></span> 
     </span>
     <span class='ocr_line' id='line_1_33' title="bbox 129 3390 1404 3475; baseline 0 -21"><span class='ocrx_word' id='word_1_283' title='bbox 129 3405 160 3454; x_wconf 85' lang='lat' dir='ltr'>et</span> <span class='ocrx_word' id='word_1_284' title='bbox 173 3413 234 3475; x_wconf 84' lang='lat' dir='ltr'>seq.</span> <span class='ocrx_word' id='word_1_285' title='bbox 245 3393 353 3454; x_wconf 90' lang='lat' dir='ltr'>-sive</span> <span class='ocrx_word' id='word_1_286' title='bbox 367 3390 417 3452; x_wconf 86' lang='lat' dir='ltr'>itti</span> <span class='ocrx_word' id='word_1_287' title='bbox 431 3411 542 3470; x_wconf 86' lang='lat' dir='ltr'>onmes,</span> <span class='ocrx_word' id='word_1_288' title='bbox 559 3392 715 3473; x_wconf 73' lang='lat' dir='ltr'>paleriam</span> <span class='ocrx_word' id='word_1_289' title='bbox 735 3394 798 3453; x_wconf 87' lang='lat' dir='ltr'>sine</span> <span class='ocrx_word' id='word_1_290' title='bbox 816 3391 970 3452; x_wconf 84' lang='lat' dir='ltr'>voluntate</span> <span class='ocrx_word' id='word_1_291' title='bbox 985 3390 1161 3455; x_wconf 77' lang='lat' dir='ltr'>adhaerendi</span> <span class='ocrx_word' id='word_1_292' title='bbox 1174 3393 1296 3472; x_wconf 76' lang='lat' dir='ltr'>heresi,</span> <span class='ocrx_word' id='word_1_293' title='bbox 1316 3404 1346 3455; x_wconf 88' lang='lat' dir='ltr'>et</span> <span class='ocrx_word' id='word_1_294' title='bbox 1360 3413 1404 3454; x_wconf 87' lang='lat' dir='ltr'>so·</span> 
     </span>
     <span class='ocr_line' id='line_1_34' title="bbox 131 3479 1402 3562; baseline 0.001 -22"><span class='ocrx_word' id='word_1_295' title='bbox 131 3481 286 3542; x_wconf 79' lang='lat' dir='ltr'>Iunamodo</span> <span class='ocrx_word' id='word_1_296' title='bbox 309 3481 435 3542; x_wconf 84' lang='lat' dir='ltr'>hnmani</span> <span class='ocrx_word' id='word_1_297' title='bbox 455 3491 608 3561; x_wconf 85' lang='lat' dir='ltr'>respectus</span> <span class='ocrx_word' id='word_1_298' title='bbox 626 3483 745 3562; x_wconf 73' lang='lat' dir='ltr'>pratea,</span> <span class='ocrx_word' id='word_1_299' title='bbox 766 3501 822 3540; x_wconf 86' lang='lat' dir='ltr'>sna</span> <span class='ocrx_word' id='word_1_300' title='bbox 840 3479 915 3542; x_wconf 84' lang='lat' dir='ltr'>dant</span> <span class='ocrx_word' id='word_1_301' title='bbox 932 3481 1053 3542; x_wconf 87' lang='lat' dir='ltr'>nomina</span> <span class='ocrx_word' id='word_1_302' title='bbox 1075 3481 1286 3543; x_wconf 75' lang='lat' dir='ltr'>hereticorum</span> <span class='ocrx_word' id='word_1_303' title='bbox 1301 3485 1402 3557; x_wconf 87' lang='lat' dir='ltr'>sectis,</span> 
     </span>
     <span class='ocr_line' id='line_1_35' title="bbox 132 3567 1405 3651; baseline 0.003 -23"><span class='ocrx_word' id='word_1_304' title='bbox 132 3568 386 3630; x_wconf 79' lang='lat' dir='ltr'>denominationis</span> <span class='ocrx_word' id='word_1_305' title='bbox 401 3568 572 3651; x_wconf 80' lang='lat' dir='ltr'>cujustibet,</span> <span class='ocrx_word' id='word_1_306' title='bbox 588 3569 635 3632; x_wconf 93' lang='lat' dir='ltr'>uti</span> <span class='ocrx_word' id='word_1_307' title='bbox 653 3569 783 3651; x_wconf 91' lang='lat' dir='ltr'>propriis</span> <span class='ocrx_word' id='word_1_308' title='bbox 798 3567 899 3631; x_wconf 86' lang='lat' dir='ltr'>verbis</span> <span class='ocrx_word' id='word_1_309' title='bbox 915 3587 933 3630; x_wconf 91' lang='lat' dir='ltr'>a</span> <span class='ocrx_word' id='word_1_310' title='bbox 950 3569 1023 3629; x_wconf 79' lang='lat' dir='ltr'>SS¹¹¹⁰</span> <span class='ocrx_word' id='word_1_311' title='bbox 1037 3571 1125 3632; x_wconf 88' lang='lat' dir='ltr'>Patre</span> <span class='ocrx_word' id='word_1_312' title='bbox 1138 3570 1273 3650; x_wconf 87' lang='lat' dir='ltr'>pmhatis</span> <span class='ocrx_word' id='word_1_313' title='bbox 1288 3588 1321 3632; x_wconf 87' lang='lat' dir='ltr'>ao</span> <span class='ocrx_word' id='word_1_314' title='bbox 1336 3588 1405 3632; x_wconf 88' lang='lat' dir='ltr'>san-</span> 
     </span>
     <span class='ocr_line' id='line_1_36' title="bbox 131 3655 1405 3739; baseline 0.002 -21"><span class='ocrx_word' id='word_1_315' title='bbox 131 3655 203 3718; x_wconf 89' lang='lat' dir='ltr'>citis</span> <span class='ocrx_word' id='word_1_316' title='bbox 215 3657 378 3720; x_wconf 84' lang='lat' dir='ltr'>declaravit</span> <span class='ocrx_word' id='word_1_317' title='bbox 391 3659 478 3722; x_wconf 86' lang='lat' dir='ltr'>Card.</span> <span class='ocrx_word' id='word_1_318' title='bbox 495 3659 634 3722; x_wconf 78' lang='lat' dir='ltr'>vicarius</span> <span class='ocrx_word' id='word_1_319' title='bbox 648 3661 775 3722; x_wconf 87' lang='lat' dir='ltr'>Monaca</span> <span class='ocrx_word' id='word_1_320' title='bbox 790 3658 836 3720; x_wconf 86' lang='lat' dir='ltr'>La</span> <span class='ocrx_word' id='word_1_321' title='bbox 858 3657 975 3719; x_wconf 85' lang='lat' dir='ltr'>Vatetta</span> <span class='ocrx_word' id='word_1_322' title='bbox 993 3656 1027 3719; x_wconf 92' lang='lat' dir='ltr'>in</span> <span class='ocrx_word' id='word_1_323' title='bbox 1048 3658 1250 3721; x_wconf 90' lang='lat' dir='ltr'>Instructione</span> <span class='ocrx_word' id='word_1_324' title='bbox 1267 3658 1304 3721; x_wconf 90' lang='lat' dir='ltr'>ad</span> <span class='ocrx_word' id='word_1_325' title='bbox 1318 3677 1405 3739; x_wconf 89' lang='lat' dir='ltr'>paro-</span> 
     </span>
     <span class='ocr_line' id='line_1_37' title="bbox 132 3743 1143 3826; baseline 0.002 -20"><span class='ocrx_word' id='word_1_326' title='bbox 132 3743 205 3806; x_wconf 87' lang='lat' dir='ltr'>chos</span> <span class='ocrx_word' id='word_1_327' title='bbox 219 3745 320 3820; x_wconf 76' lang='lat' dir='ltr'>UrbiS,</span> <span class='ocrx_word' id='word_1_328' title='bbox 337 3750 376 3809; x_wconf 71' lang='lat' dir='ltr'>ld</span> <span class='ocrx_word' id='word_1_329' title='bbox 390 3748 451 3811; x_wconf 88' lang='lat' dir='ltr'>Jnl.</span> <span class='ocrx_word' id='word_1_330' title='bbox 469 3753 557 3812; x_wconf 85' lang='grc'><strong>1878.</strong></span> <span class='ocrx_word' id='word_1_331' title='bbox 573 3783 612 3794; x_wconf 87' lang='lat'>-</span> <span class='ocrx_word' id='word_1_332' title='bbox 624 3748 700 3809; x_wconf 88' lang='lat' dir='ltr'>Acta</span> <span class='ocrx_word' id='word_1_333' title='bbox 714 3747 747 3809; x_wconf 88' lang='lat' dir='ltr'>S.</span> <span class='ocrx_word' id='word_1_334' title='bbox 763 3745 865 3823; x_wconf 84' lang='lat' dir='ltr'>Sedis,</span> <span class='ocrx_word' id='word_1_335' title='bbox 882 3746 939 3808; x_wconf 82' lang='lat' dir='ltr'>nol.</span> <span class='ocrx_word' id='word_1_336' title='bbox 956 3749 1009 3820; x_wconf 87' lang='lat' dir='ltr'>Xl,</span> <span class='ocrx_word' id='word_1_337' title='bbox 1022 3766 1055 3826; x_wconf 84' lang='lat' dir='ltr'>p.</span> <span class='ocrx_word' id='word_1_338' title='bbox 1074 3751 1143 3810; x_wconf 74' lang='lat' dir='ltr'>tra.</span> 
     </span>
    </p>

    <p class='ocr_par' dir='ltr' id='par_1_10' title="bbox 134 3834 1404 3988">
     <span class='ocr_line' id='line_1_38' title="bbox 175 3834 1404 3918; baseline 0 -23"><span class='ocrx_word' id='word_1_339' title='bbox 175 3834 476 3910; x_wconf 66' lang='lat' dir='ltr'>numeraveram</span> <span class='ocrx_word' id='word_1_340' title='bbox 492 3837 676 3899; x_wconf 83' lang='lat' dir='ltr'>conditiones</span> <span class='ocrx_word' id='word_1_341' title='bbox 696 3840 904 3918; x_wconf 81' lang='lat' dir='ltr'>requirantur,</span> <span class='ocrx_word' id='word_1_342' title='bbox 921 3843 955 3895; x_wconf 85' lang='lat' dir='ltr'>nt</span> <span class='ocrx_word' id='word_1_343' title='bbox 972 3838 1039 3917; x_wconf 84' lang='lat' dir='ltr'>pais</span> <span class='ocrx_word' id='word_1_344' title='bbox 1056 3846 1183 3918; x_wconf 86' lang='lat' dir='ltr'>propter</span> <span class='ocrx_word' id='word_1_345' title='bbox 1203 3835 1404 3918; x_wconf 82' lang='lat' dir='ltr'>apostasiam,</span> 
     </span>
     <span class='ocr_line' id='line_1_39' title="bbox 134 3920 856 3988; baseline 0.007 -6"><span class='ocrx_word' id='word_1_346' title='bbox 134 3920 184 3982; x_wconf 84' lang='lat' dir='ltr'>oet</span> <span class='ocrx_word' id='word_1_347' title='bbox 196 3921 332 3985; x_wconf 73' lang='lat' dir='ltr'>heresim</span> <span class='ocrx_word' id='word_1_348' title='bbox 345 3927 685 3988; x_wconf 73' lang='lat' dir='ltr'>excommunicationem</span> <span class='ocrx_word' id='word_1_349' title='bbox 696 3927 856 3988; x_wconf 79' lang='lat' dir='ltr'>incurrat?</span> 
     </span>
    </p>

    <p class='ocr_par' dir='ltr' id='par_1_11' title="bbox 136 4009 1407 4360">
     <span class='ocr_line' id='line_1_40' title="bbox 176 4009 1407 4094; baseline 0.003 -24"><span class='ocrx_word' id='word_1_350' title='bbox 176 4009 289 4091; x_wconf 80' lang='lat' dir='ltr'>Hesp:</span> <span class='ocrx_word' id='word_1_351' title='bbox 303 4013 350 4074; x_wconf 83' lang='lat' dir='ltr'>Ad</span> <span class='ocrx_word' id='word_1_352' title='bbox 371 4013 720 4078; x_wconf 81' lang='lat' dir='ltr'>excommunicationem</span> <span class='ocrx_word' id='word_1_353' title='bbox 741 4014 956 4077; x_wconf 89' lang='lat' dir='ltr'>incurrendam</span> <span class='ocrx_word' id='word_1_354' title='bbox 976 4013 1147 4094; x_wconf 87' lang='lat' dir='ltr'>requiritur</span> <span class='ocrx_word' id='word_1_355' title='bbox 1169 4020 1200 4076; x_wconf 90' lang='lat' dir='ltr'>et</span> <span class='ocrx_word' id='word_1_356' title='bbox 1220 4013 1345 4089; x_wconf 90' lang='lat' dir='ltr'>sufficit,</span> <span class='ocrx_word' id='word_1_357' title='bbox 1369 4018 1407 4075; x_wconf 92' lang='lat' dir='ltr'>ut</span> 
     </span>
     <span class='ocr_line' id='line_1_41' title="bbox 136 4098 1406 4178; baseline 0.005 -19"><span class='ocrx_word' id='word_1_358' title='bbox 136 4098 207 4178; x_wconf 90' lang='lat' dir='ltr'>quis</span> <span class='ocrx_word' id='word_1_359' title='bbox 222 4101 308 4162; x_wconf 89' lang='lat' dir='ltr'>carde</span> <span class='ocrx_word' id='word_1_360' title='bbox 322 4108 353 4162; x_wconf 91' lang='lat' dir='ltr'>et</span> <span class='ocrx_word' id='word_1_361' title='bbox 367 4119 427 4176; x_wconf 90' lang='lat' dir='ltr'>ore,</span> <span class='ocrx_word' id='word_1_362' title='bbox 437 4101 568 4165; x_wconf 90' lang='lat' dir='ltr'>interius</span> <span class='ocrx_word' id='word_1_363' title='bbox 582 4107 612 4165; x_wconf 89' lang='lat' dir='ltr'>et</span> <span class='ocrx_word' id='word_1_364' title='bbox 625 4103 770 4177; x_wconf 79' lang='lat' dir='ltr'>exterius,</span> <span class='ocrx_word' id='word_1_365' title='bbox 782 4102 944 4166; x_wconf 79' lang='lat' dir='ltr'>haereticas</span> <span class='ocrx_word' id='word_1_366' title='bbox 957 4101 1006 4176; x_wconf 89' lang='lat' dir='ltr'>sit,</span> <span class='ocrx_word' id='word_1_367' title='bbox 1018 4101 1050 4164; x_wconf 90' lang='lat' dir='ltr'>id</span> <span class='ocrx_word' id='word_1_368' title='bbox 1064 4106 1112 4163; x_wconf 91' lang='lat' dir='ltr'>est</span> <span class='ocrx_word' id='word_1_369' title='bbox 1123 4105 1158 4164; x_wconf 88' lang='lat' dir='ltr'>ut</span> <span class='ocrx_word' id='word_1_370' title='bbox 1171 4102 1314 4165; x_wconf 84' lang='lat' dir='ltr'>admittat</span> <span class='ocrx_word' id='word_1_371' title='bbox 1326 4119 1406 4164; x_wconf 88' lang='lat' dir='ltr'>erro·</span> 
     </span>
     <span class='ocr_line' id='line_1_42' title="bbox 136 4188 1407 4271; baseline 0.003 -24"><span class='ocrx_word' id='word_1_372' title='bbox 136 4204 201 4248; x_wconf 90' lang='lat' dir='ltr'>rem</span> <span class='ocrx_word' id='word_1_373' title='bbox 214 4188 440 4265; x_wconf 86' lang='lat' dir='ltr'>voluntarium,</span> <span class='ocrx_word' id='word_1_374' title='bbox 456 4190 591 4253; x_wconf 86' lang='lat' dir='ltr'>exterius</span> <span class='ocrx_word' id='word_1_375' title='bbox 609 4191 842 4254; x_wconf 80' lang='lat' dir='ltr'>manifestatum</span> <span class='ocrx_word' id='word_1_376' title='bbox 862 4197 893 4253; x_wconf 90' lang='lat' dir='ltr'>et</span> <span class='ocrx_word' id='word_1_377' title='bbox 912 4189 1098 4271; x_wconf 87' lang='lat' dir='ltr'>pertinacem</span> <span class='ocrx_word' id='word_1_378' title='bbox 1120 4194 1223 4254; x_wconf 87' lang='lat' dir='ltr'>contra</span> <span class='ocrx_word' id='word_1_379' title='bbox 1242 4191 1407 4254; x_wconf 90' lang='lat' dir='ltr'>articulum</span> 
     </span>
     <span class='ocr_line' id='line_1_43' title="bbox 137 4274 1125 4360; baseline 0.005 -25"><span class='ocrx_word' id='word_1_380' title='bbox 137 4274 270 4356; x_wconf 90' lang='lat' dir='ltr'>aliquem</span> <span class='ocrx_word' id='word_1_381' title='bbox 283 4295 301 4340; x_wconf 90' lang='lat' dir='ltr'>a</span> <span class='ocrx_word' id='word_1_382' title='bbox 314 4280 374 4340; x_wconf 85' lang='lat' dir='ltr'>Deo</span> <span class='ocrx_word' id='word_1_383' title='bbox 387 4279 556 4341; x_wconf 85' lang='lat' dir='ltr'>revelatum</span> <span class='ocrx_word' id='word_1_384' title='bbox 570 4286 601 4343; x_wconf 93' lang='lat' dir='ltr'>et</span> <span class='ocrx_word' id='word_1_385' title='bbox 614 4280 653 4341; x_wconf 90' lang='lat' dir='ltr'>ah</span> <span class='ocrx_word' id='word_1_386' title='bbox 667 4280 799 4343; x_wconf 89' lang='lat' dir='ltr'>Ecclesia</span> <span class='ocrx_word' id='word_1_387' title='bbox 810 4279 1013 4360; x_wconf 86' lang='lat' dir='ltr'>propositum.</span> <span class='ocrx_word' id='word_1_388' title='bbox 1028 4277 1125 4341; x_wconf 90' lang='lat' dir='ltr'>Hinc:</span> 
     </span>
    </p>

    <p class='ocr_par' dir='ltr' id='par_1_12' title="bbox 137 4365 1412 4627">
     <span class='ocr_line' id='line_1_44' title="bbox 177 4365 1410 4448; baseline 0.002 -22"><span class='ocrx_word' id='word_1_389' title='bbox 177 4369 211 4426; x_wconf 80' lang='lat'>1⁰</span> <span class='ocrx_word' id='word_1_390' title='bbox 221 4368 357 4428; x_wconf 84' lang='lat' dir='ltr'>Excusat</span> <span class='ocrx_word' id='word_1_391' title='bbox 370 4367 543 4447; x_wconf 84' lang='lat' dir='ltr'>ignorantia</span> <span class='ocrx_word' id='word_1_392' title='bbox 558 4368 651 4430; x_wconf 86' lang='lat' dir='ltr'>etiam</span> <span class='ocrx_word' id='word_1_393' title='bbox 665 4367 831 4442; x_wconf 85' lang='lat' dir='ltr'>vincibilis,</span> <span class='ocrx_word' id='word_1_394' title='bbox 847 4368 911 4430; x_wconf 89' lang='lat' dir='ltr'>imo</span> <span class='ocrx_word' id='word_1_395' title='bbox 923 4385 1039 4441; x_wconf 87' lang='lat' dir='ltr'>crassa,</span> <span class='ocrx_word' id='word_1_396' title='bbox 1055 4367 1120 4430; x_wconf 94' lang='lat' dir='ltr'>imo</span> <span class='ocrx_word' id='word_1_397' title='bbox 1134 4366 1322 4448; x_wconf 88' lang='lat' dir='ltr'>probabilius</span> <span class='ocrx_word' id='word_1_398' title='bbox 1338 4365 1410 4428; x_wconf 79' lang='lat' dir='ltr'>alle-</span> 
     </span>
     <span class='ocr_line' id='line_1_45' title="bbox 137 4453 1409 4539; baseline 0 -25"><span class='ocrx_word' id='word_1_399' title='bbox 137 4458 218 4515; x_wconf 86' lang='lat' dir='ltr'>ctata</span> <span class='ocrx_word' id='word_1_400' title='bbox 232 4453 329 4535; x_wconf 89' lang='lat' dir='ltr'>ipsius</span> <span class='ocrx_word' id='word_1_401' title='bbox 344 4455 463 4530; x_wconf 87' lang='lat' dir='ltr'>erroris,</span> <span class='ocrx_word' id='word_1_402' title='bbox 477 4462 569 4536; x_wconf 90' lang='lat' dir='ltr'>prout</span> <span class='ocrx_word' id='word_1_403' title='bbox 583 4457 678 4520; x_wconf 90' lang='lat' dir='ltr'>sentit</span> <span class='ocrx_word' id='word_1_404' title='bbox 693 4457 728 4520; x_wconf 90' lang='lat' dir='ltr'>S.</span> <span class='ocrx_word' id='word_1_405' title='bbox 742 4457 826 4539; x_wconf 65' lang='lat' dir='ltr'>Lip„</span> <span class='ocrx_word' id='word_1_406' title='bbox 843 4477 874 4519; x_wconf 92' lang='lat' dir='ltr'>n.</span> <span class='ocrx_word' id='word_1_407' title='bbox 891 4461 966 4531; x_wconf 87' lang='grc'><strong>301,</strong></span> <span class='ocrx_word' id='word_1_408' title='bbox 981 4456 1019 4519; x_wconf 93' lang='lat' dir='ltr'>ob</span> <span class='ocrx_word' id='word_1_409' title='bbox 1033 4455 1233 4520; x_wconf 77' lang='lat' dir='ltr'>contumacia</span> <span class='ocrx_word' id='word_1_410' title='bbox 1245 4454 1409 4520; x_wconf 86' lang='lat' dir='ltr'>delectum.</span> 
     </span>
     <span class='ocr_line' id='line_1_46' title="bbox 137 4543 1412 4627; baseline 0.002 -24"><span class='ocrx_word' id='word_1_411' title='bbox 137 4543 229 4604; x_wconf 89' lang='lat' dir='ltr'>Error</span> <span class='ocrx_word' id='word_1_412' title='bbox 250 4543 350 4620; x_wconf 89' lang='lat' dir='ltr'>enim,</span> <span class='ocrx_word' id='word_1_413' title='bbox 371 4563 565 4626; x_wconf 88' lang='lat' dir='ltr'>quocumque</span> <span class='ocrx_word' id='word_1_414' title='bbox 585 4547 675 4610; x_wconf 91' lang='lat' dir='ltr'>modo</span> <span class='ocrx_word' id='word_1_415' title='bbox 700 4547 804 4608; x_wconf 88' lang='lat' dir='ltr'>adesse</span> <span class='ocrx_word' id='word_1_416' title='bbox 824 4544 992 4626; x_wconf 84' lang='lat' dir='ltr'>ignoretur,</span> <span class='ocrx_word' id='word_1_417' title='bbox 1016 4552 1098 4608; x_wconf 88' lang='lat' dir='ltr'>caret</span> <span class='ocrx_word' id='word_1_418' title='bbox 1120 4543 1298 4627; x_wconf 87' lang='lat' dir='ltr'>pertinacia.</span> <span class='ocrx_word' id='word_1_419' title='bbox 1321 4547 1412 4608; x_wconf 86' lang='lat' dir='ltr'>Secus</span> 
     </span>
    </p>

    <p class='ocr_par' dir='ltr' id='par_1_13' title="bbox 216 4646 1315 4704">
     <span class='ocr_line' id='line_1_47' title="bbox 216 4646 1315 4704; baseline 0.004 -4"><span class='ocrx_word' id='word_1_420' title='bbox 216 4657 288 4702; x_wconf 71' lang='lat' dir='ltr'>corr.</span> <span class='ocrx_word' id='word_1_421' title='bbox 299 4679 326 4690; x_wconf 98' lang='lat'><em>-</em></span> <span class='ocrx_word' id='word_1_422' title='bbox 344 4659 403 4702; x_wconf 73' lang='lat' dir='ltr'>ror.</span> <span class='ocrx_word' id='word_1_423' title='bbox 412 4661 444 4704; x_wconf 90' lang='lat'>11.</span> <span class='ocrx_word' id='word_1_424' title='bbox 1282 4646 1315 4698; x_wconf 71' lang='lat'>28</span> 
     </span>
    </p>
   </div>
   <div class='ocr_carea' id='block_1_9' title="bbox 0 0 1651 5042">
    <p class='ocr_par' dir='ltr' id='par_1_14' title="bbox 0 0 1651 5042">
     <span class='ocr_line' id='line_1_48' title="bbox 0 0 1651 5042; baseline 0 0"><span class='ocrx_word' id='word_1_425' title='bbox 0 0 1651 5042; x_wconf 95' lang='lat' dir='ltr'> </span> 
     </span>
    </p>
   </div>
  </div>
 </body>
</html>
