3220 5042
488 202 530 248 nn
552 198 788 245 sacranrnro
808 199 1049 246 rmnrranrrrr
1337 194 1406 256 ΗΒ

133 327 221 404 cepto
234 314 422 397 integritatis
430 311 525 376 etiam
534 309 713 384 materialis,
730 316 884 391 quantum
899 309 966 374 fieri
980 316 1090 390 potest,
1106 317 1313 392 procuranda.
1329 323 1408 384 Cam

136 409 222 474 enim
243 411 385 468 teneatur
398 417 565 465 numemm
583 406 614 462 et
633 399 763 480 speeiem
777 403 970 479 peecatorum
985 399 1135 475 confiteri,
1151 419 1186 464 eo
1204 401 1271 484 ipso
1286 410 1409 472 tenetur

137 517 173 561 ea
186 497 219 559 in
232 491 414 557 memoriam
427 507 582 563 revocare,
600 494 754 568 quantum
769 486 877 549 morali
894 486 1055 566 diligentia
1068 494 1185 568 potest,
1199 491 1326 574 ideoque
1341 516 1410 560 exa-

137 603 211 650 men
233 581 410 655 irrstituere;
427 577 501 660 qnia
518 576 572 658 qui
590 575 743 656 obligatur
765 574 804 637 ad
822 574 931 649 linem,
948 575 987 638 ad
1004 576 1105 638 media
1125 595 1246 662 quoque
1263 582 1302 645 ad
1318 583 1409 648 illum

137 669 307 738 neccssaria
324 668 487 748 obligatur.
503 669 628 731 canent
645 664 740 728 etiam
760 681 798 726 ex
812 661 899 726 Cone.
921 663 1023 740 Trid„
1038 684 1106 728 sera.
1129 669 1208 743 XIV,
1225 689 1290 752 cup.
1309 689 1340 747 v,
1354 674 1411 737 ubi

138 761 271 826 dicitur:
292 759 435 840 Oportere
446 775 466 818 o
479 752 693 837 paenitentibus
712 756 814 814 omnin
826 761 952 834 peecata
969 754 1114 816 mortalia
1128 775 1257 836 quorum
1274 779 1344 824 rosa
1365 781 1411 824 nr-

138 867 291 916 moruruu
312 865 361 912 sur
380 861 608 917 nucussronurr,
625 842 840 904 concientiam
853 839 972 919 hamat,
986 842 1021 904 tn
1031 843 1213 924 consessione
1224 853 1408 912 recenseri...

179 941 217 1002 ll.
235 934 401 1019 diligentia
422 932 457 996 in
477 931 620 996 examine
642 930 731 993 dehet
748 947 811 994 esse
827 933 923 1002 cerda,
938 948 994 994 seu
1012 937 1113 1008 tanta,
1134 941 1250 1014 quanta
1273 938 1412 1002 adhiberi

139 1029 216 1092 solet
229 1027 265 1090 in
284 1024 376 1088 rebus
390 1021 478 1086 seriis
492 1025 522 1084 et
540 1018 646 1099 magni
661 1018 822 1082 momenti.
838 1017 926 1083 Ratio
942 1024 1041 1099 patet;
1058 1020 1162 1100 agitur
1174 1023 1258 1087 enim
1273 1026 1309 1089 de
1326 1027 1413 1108 gravi

140 1111 336 1180 consessionis
350 1116 507 1193 praecepto.
524 1112 651 1172 Constat
669 1107 764 1170 etiam
782 1125 819 1170 ex
836 1107 926 1170 Cone.
949 1107 1049 1182 reid,
1062 1109 1153 1173 modo
1171 1110 1273 1176 citatis
1289 1115 1410 1178 verbis:

133 1214 207 1290 post
229 1203 405 1283 diligentem
423 1202 471 1262 cui
487 1197 710 1260 discretionem.
731 1195 888 1276 Sapienter
907 1203 1012 1258 tamen
1029 1206 1136 1260 mouet
1156 1199 1249 1263 θανά.
1270 1203 1307 1266 de
1324 1202 1412 1286 Lupo

140 1313 205 1358 non
221 1290 336 1374 requiri
353 1289 578 1352 exactissimum
595 1305 737 1363 maneo,
752 1284 804 1348 red
823 1285 1001 1360 tumerem,
1019 1285 1076 1348 ltoc
1094 1296 1138 1350 ert
1156 1289 1215 1353 tale
1230 1309 1288 1372 qno
1302 1291 1412 1354 Socra-

140 1391 271 1446 mentum
292 1399 351 1442 aoa
369 1376 518 1442 reddatur
532 1375 623 1438 nimis
645 1393 740 1457 prave
759 1384 788 1436 et
806 1393 974 1438 canosum.
987 1409 1028 1422 -
1044 1374 1092 1438 De
1109 1377 1221 1442 enata
1241 1379 1323 1463 disp.
1343 1399 1411 1458 rm,

139 1491 173 1534 a.
190 1474 260 1536 590.

182 1562 234 1622 Ill.
250 1562 317 1622 Non
337 1562 384 1620 est
406 1555 532 1637 equalis
555 1553 714 1634 diligentia
731 1551 769 1616 ab
797 1551 942 1616 omuibus
965 1553 1158 1634 requirenda.
1192 1558 1303 1622 Minori
1330 1559 1414 1624 enim

142 1647 285 1712 examine
297 1645 452 1724 indigent,
468 1643 522 1724 qui
539 1641 723 1723 frequenter,
741 1657 835 1721 qnam
847 1639 902 1721 qui
920 1659 988 1704 raro
1004 1641 1204 1720 confitentum
1218 1647 1329 1727 majori
1345 1665 1416 1710 vero

142 1735 298 1814 indigem,
317 1733 372 1814 qui
389 1732 520 1811 negotiis
540 1728 708 1794 mundanis
727 1727 938 1807 implicantur,
954 1745 1049 1808 quarn
1069 1729 1124 1810 qui
1141 1731 1294 1810 privatam
1317 1735 1416 1798 ettam

144 1826 273 1888 ducunt.
294 1823 372 1888 ltem
396 1817 506 1882 rustici
529 1824 561 1882 et
582 1818 674 1880 rudos
690 1835 760 1885 ¹non
783 1822 912 1895 possunt
934 1822 1000 1878 tam
1024 1824 1198 1882 accuratam
1220 1821 1416 1902 diligentiam

145 1909 304 1986 achmete,
317 1925 412 1992 quam
424 1907 547 1970 solertes
560 1910 591 1968 ei
607 1902 697 1968 docti.
714 1939 753 1950 -
767 1902 921 1982 Bt'llnvt,
939 1903 1028 1983 idid,
1043 1915 1073 1966 et
1086 1905 1142 1968 ata·
1154 1914 1361 1974 communiter.

267 2037 482 2104 Resolves

187 2171 257 2232 508.
269 2204 308 2213 —
323 2172 355 2231 1⁰
367 2171 471 2230 Pereat
481 2183 541 2247 per
554 2181 584 2226 re
597 2161 782 2238 mortaliter,
797 2162 862 2243 qui,
877 2181 914 2224 ex
928 2163 1015 2242 gravi
1029 2163 1214 2244 negligentia
1229 2167 1263 2230 in
1275 2168 1418 2232 emanue

146 2255 355 2330 conscientie,
369 2253 489 2318 omittit
505 2257 664 2334 peecatum
682 2250 806 2332 aliquod
825 2250 968 2326 mortale,
983 2257 1014 2314 et
1034 2258 1156 2318 tenetur
1173 2254 1285 2318 iterare
1303 2256 1418 2322 coales-
1465 2293 1477 2314 ·
1598 2241 1599 2250 ’

147 2345 280 2421 sionem,
295 2348 404 2425 utpote
417 2341 598 2406 invalidam.
619 2341 655 2402 ln
671 2339 788 2402 delectu
804 2345 910 2404 tamen
924 2339 1078 2404 examinis
1094 2342 1160 2406 dari
1174 2347 1272 2424 potest
1283 2345 1418 2425 paruitas

145 2433 298 2509 materiae,
315 2430 439 2496 etiamsi
462 2429 573 2494 exinde
594 2447 685 2510 grave
705 2434 863 2508 peccatum
887 2427 1062 2504 omittatur,
1087 2449 1117 2493 v.
1136 2449 1196 2510 gr„
1219 2432 1257 2496 ob
1281 2433 1419 2516 aliquam

145 2522 404 2586 inadvertentiam
411 2541 419 2598 ;
436 2526 468 2583 et
481 2526 557 2584 tunc
569 2515 715 2581 confessio
728 2523 809 2580 certe
821 2515 922 2580 valide
933 2523 990 2581 est.

186 2615 220 2675 2⁰
235 2611 292 2686 Qui
306 2614 405 2674 certus
419 2614 466 2672 est
476 2605 635 2669 moraliter
645 2625 676 2668 se
690 2612 811 2686 peccata
824 2605 967 2670 mortalia
979 2624 1042 2670 uon
1050 2608 1242 2676 commisisse
1256 2612 1295 2675 ab
1308 2613 1420 2678 ultima

145 2699 348 2774 consessione,
363 2717 426 2762 non
440 2702 563 2760 tenetur
576 2695 616 2757 ad
634 2694 807 2774 rigorosum
821 2712 951 2758 examen
967 2702 1039 2760 anto
1056 2697 1291 2774 maiessionem,
1310 2701 1372 2764 nisi
1386 2702 1421 2764 in

147 2794 305 2869 quantum
322 2785 492 2866 requiritur
509 2784 548 2848 ad
562 2782 725 2846 materiam
744 2781 945 2846 sufficientem
966 2787 1162 2850 sacramento
1180 2787 1421 2854 emmenum-

147 2876 234 2937 dam.
255 2875 290 2936 ln
308 2873 397 2954 praxi
417 2877 521 2934 tamen
536 2869 729 2934 suadendum
744 2877 790 2932 est
810 2869 1032 2950 penitentibus
1049 2872 1124 2952 piis,
1140 2877 1176 2938 ut
1195 2875 1333 2940 emmim
1351 2893 1422 2947 coa-

147 2961 286 3028 scieutiu
308 2962 384 3024 dent
398 2977 521 3041 operam
539 2957 648 3021 saltem
666 2977 719 3038 per
737 2957 875 3038 quiaque
893 2957 1031 3032 minuta,
1048 2967 1104 3024 aut
1120 2979 1174 3042 per
1189 2963 1329 3027 medium
1347 2983 1423 3046 qua-

149 3054 293 3116 drantem
312 3049 443 3122 creden,
462 3045 644 3112 eddelectus
655 3045 913 3110 scilioetrenisles
923 3051 1144 3126 cognoscendos
1156 3058 1187 3114 et
1196 3051 1420 3132 exstirpandos.

191 3143 223 3204 3⁰
241 3135 401 3204 Mediocris
423 3135 549 3201 omnino
569 3133 722 3198 examinis
741 3133 899 3214 diligentia
918 3135 1087 3216 requiritur
1103 3137 1137 3202 in
1157 3139 1329 3214 timentia,
1347 3141 1423 3222 quia

151 3227 336 3294 conscientia
356 3243 420 3290 uon
438 3224 554 3298 aderet,
571 3221 599 3284 si
616 3220 692 3302 quid
705 3221 838 3302 graviter
852 3222 1002 3304 culpabile
1011 3223 1099 3288 intus
1112 3227 1221 3292 lateret
1230 3249 1239 3303 ,;
1261 3227 1324 3292 imo
1339 3247 1422 3294 seru-

151 3316 267 3401 pulosis
280 3311 444 3396 inquisitio
457 3318 503 3376 est
514 3310 700 3383 omittenda,
717 3317 748 3372 et
762 3309 926 3390 aliquando
940 3312 1067 3377 omnino
1080 3315 1303 3392 interdicenda,
1318 3324 1424 3399 utpote

151 3405 274 3469 inutilis
298 3410 329 3467 et
352 3421 430 3484 saepe
452 3401 580 3464 nociva:
595 3398 622 3462 si
637 3397 721 3461 enim
745 3398 879 3482 graviter
901 3407 1087 3479 peccassent,
1108 3421 1227 3486 semper
1243 3423 1305 3485 prae
1329 3405 1423 3468 oculis

154 3501 312 3576 peccatum
324 3492 484 3555 haherent.
500 3523 541 3537 -
553 3487 605 3550 Ita
620 3491 828 3550 communiter.

193 3587 225 3645 4⁰
240 3581 413 3648 Generatim
429 3577 594 3653 satisfacit,
608 3575 664 3658 qai
677 3575 887 3657 retegentem
899 3577 1010 3658 quovis
1027 3577 1076 3642 die
1089 3578 1197 3654 fuerit,
1217 3600 1285 3663 que
1304 3582 1425 3663 negotia

153 3671 296 3752 gesserit,
312 3670 387 3752 quid
401 3669 437 3732 in
452 3669 492 3732 iis
504 3662 760 3740 circumstantiis,
775 3663 972 3744 cogitatione,
986 3665 1113 3742 affeetu,
1130 3669 1222 3734 verbo
1236 3677 1269 3733 et
1279 3689 1365 3752 opere
1377 3673 1426 3736 vel

153 3759 320 3826 omissione
338 3757 511 3840 deliquerit,
534 3755 685 3837 quomodo
709 3753 808 3829 dom,
829 3753 862 3816 in
887 3755 1019 3835 templo,
1040 3755 1075 3819 in
1098 3759 1327 3840 conversatione
1353 3778 1425 3823 cum

153 3848 295 3930 proximo
310 3865 342 3910 ue
354 3847 506 3910 hahuerit.
523 3845 583 3908 Nee
596 3861 716 3906 necesse
727 3849 789 3917 est,
806 3847 842 3904 ut
854 3843 959 3906 eadem
976 3843 1105 3926 vestigia
1121 3845 1293 3926 relegendo,
1311 3847 1426 3912 iterum
1554 3886 1557 3894 ·

152 3935 329 4017 iterumque
340 3934 482 3998 rimetur:
498 3969 541 3982 -
554 3933 674 3996 Reeter.

197 4029 228 4089 5⁰
246 4029 303 4088 Pro
326 4023 546 4105 egrotantibus
561 4039 625 4085 non
648 4019 817 4100 requiritur
834 4037 964 4082 examen
984 4027 1049 4083 tarn
1069 4029 1261 4099 accuratum,
1280 4025 1360 4088 siout
1372 4045 1427 4106 pro

154 4112 256 4188 sauis3
270 4113 334 4176 imo
344 4113 528 4194 quandoque
542 4110 664 4173 nullum
673 4107 770 4170 abeis
784 4107 968 4188 erigendum
986 4113 1032 4171 est
1045 4109 1083 4172 ol)
1096 4110 1206 4192 capitis
1217 4107 1424 4191 debilitatem

156 4221 212 4268 nec
225 4201 311 4265 maile
327 4202 369 4265 iis
386 4199 631 4280 mergeremur,
648 4197 724 4260 dum
745 4195 963 4259 contessionem
980 4197 1017 4258 de
1034 4197 1086 4260 die
1103 4197 1138 4261 in
1158 4200 1240 4263 diem
1255 4203 1376 4266 didone
1396 4221 1427 4266 se

157 4291 281 4367 dicunt,
298 4289 386 4373 quasi
406 4289 545 4352 nondum
564 4285 640 4349 satis
662 4284 880 4348 conscientiam
896 4285 1194 4363 discusseriut3·sed,
1212 4298 1367 4372 qnantum
1379 4309 1427 4354 eo·

158 4399 231 4444 rum
243 4383 341 4443 status
355 4377 482 4460 patitur,
500 4383 603 4439 sunta
618 4373 806 4437 Confessario
819 4371 885 4452 ipsc
900 4372 1036 4462 breviter
1051 4375 1250 4440 exarninandi
1270 4397 1324 4460 per
1337 4383 1427 4442 Deca-

159 4469 220 4551 logi
229 4475 260 4532 et
273 4467 412 4534 Ecclesia
427 4471 589 4548 praeempta,
609 4466 731 4546 praestat
750 4461 834 4524 anim
848 4479 898 4524 eos
917 4461 1012 4525 etiam
1031 4461 1206 4545 imperfecte
1220 4467 1370 4542 confessos
1394 4468 1429 4531 iu
