3220 5042
447 242 490 288 oe
510 241 747 288 asentiabare
766 243 1008 290 noenrrnrarroe
1296 233 1365 294 225

138 351 186 414 ΙΙΙ.
203 349 352 432 Repetitio
369 352 564 417 confessionis
582 352 726 418 invalidae
744 372 784 415 eac
803 356 922 435 intepro
940 353 1076 418 iacienda
1091 362 1152 432 εει,
1171 355 1198 419 si
1212 357 1366 438 paenitens

100 457 212 504 novum
227 440 315 503 adeat
332 440 575 518 confessarium
596 440 669 524 quia
690 460 776 504 secus
796 460 852 504 nec
869 441 980 524 judicis
1000 461 1055 506 nec
1067 445 1178 509 medici
1196 453 1298 528 partes
1315 445 1368 511 hic

99 547 182 610 agere
195 534 309 610 potest3
326 529 353 592 si
367 537 472 594 autem
486 529 667 594 confiteatur
680 531 762 611 apud
776 532 919 594 eumdem
933 530 1157 597 Confessarium
1171 537 1366 616 praecedentis

99 617 289 682 confessionis
303 617 403 682 adbuc
419 637 603 695 memorem,
625 618 737 682 sufficit
754 625 791 682 ut
811 618 994 682 summatim
1011 637 1042 682 se
1055 629 1175 686 accuset
1187 624 1224 687 de
1237 623 1367 705 peccatis

96 709 158 787 jam
169 705 331 782 accusatis,
351 725 382 769 v.
402 726 460 788 gn,
474 709 591 770 Aceaao
604 728 651 770 me
669 708 706 770 de
719 711 852 790 peccatis
860 708 931 790 jam
945 705 1108 771 ceterae
1127 711 1159 771 ia
1178 711 1235 775 tali
1247 713 1368 796 conses-

98 798 175 857 sione
187 815 200 857 :
213 796 269 858 hoc
281 794 365 859 enim
379 795 454 860 satis
467 803 529 873 εει,
545 802 583 859 ut
601 801 722 879 peccata
734 796 868 860 invalide
882 797 1031 860 declarata
1050 799 1308 866 sacramentaliter
1319 820 1369 866 ao·

98 888 252 960 curentur,
269 901 324 947 neo
337 881 524 949 confessario
539 886 578 948 ad
591 903 708 948 munus
722 903 816 948 suum
831 885 1024 967 implendum
1038 901 1114 966 opus
1130 894 1186 962 est,
1203 897 1240 952 ut
1251 889 1365 954 iterum

98 972 313 1036 consessionem
327 972 444 1036 audiat.
460 1009 501 1020 ·-
521 975 572 1036 Ita
595 972 801 1036 commeator.
817 1011 857 1020 -
875 971 909 1036 S.
926 973 1032 1055 Lr'por.
1054 995 1086 1036 a.
1110 979 1181 1039 502.
1196 997 1241 1024 ·—-
1260 978 1367 1060 Elbel,

96 1082 126 1123 a.
148 1065 219 1126 sta.
239 1097 279 1108 -
297 1061 442 1132 tanate,
468 1083 500 1124 a.
523 1066 614 1126 lato.
632 1098 672 1108 —
685 1062 787 1144 capo,
813 1062 889 1146 dap.
913 1081 982 1138 xm,
1005 1084 1036 1126 n.
1060 1067 1130 1128 638.
1153 1099 1193 1111 -
1213 1064 1368 1140 Br'ltaort,

98 1149 169 1214 dira.
182 1170 239 1226 mr,
255 1161 316 1213 art.
333 1155 352 1214 2
366 1158 396 1214 et
405 1151 462 1213 atii
472 1157 579 1215 contra
591 1151 756 1234 quosdam,
772 1150 827 1233 qui
841 1151 994 1233 integram
1008 1151 1203 1216 confessionis
1217 1154 1370 1234 repetitio·

97 1257 169 1302 nem
183 1239 322 1321 exigunt.

136 1330 187 1391 lv.
203 1328 355 1392 Confessio
372 1347 434 1392 non
449 1335 496 1393 εει
509 1327 677 1393 ιιεεεεεειίο
688 1329 868 1410 repetenda,
883 1327 945 1392 nisi
964 1329 1001 1392 de
1018 1331 1083 1411 ejus
1097 1327 1291 1394 invaliditate
1306 1347 1374 1394 mo

97 1416 199 1480 raliter
212 1423 292 1481 certo
303 1424 430 1481 constet.
446 1417 534 1483 ltatio
547 1425 609 1494 est,
627 1422 660 1481 {⁰
674 1417 763 1499 quia,
777 1435 848 1482 cum
860 1424 947 1482 actus
963 1423 1011 1482 est
1022 1425 1102 1482 certo
1116 1418 1246 1500 positus,
1264 1419 1291 1482 si
1301 1419 1372 1482 sub-

99 1503 196 1568 oritur
210 1505 361 1570 dubitatio
375 1525 416 1570 an
427 1505 520 1570 fuerit
537 1513 616 1570 recte
631 1504 765 1588 positus,
782 1505 901 1569 obtinet
914 1507 968 1569 illa
985 1507 1089 1587 legalla
1098 1507 1180 1589 iuris
1194 1527 1202 1570 ι
1219 1507 1373 1574 sianum

79 1612 83 1620 ·
98 1601 139 1655 ert
150 1614 212 1676 pro
223 1596 326 1658 calore
339 1605 440 1670 acuta·
452 1599 487 1659 ιε
497 1594 570 1677 quia
579 1593 760 1674 obligationi
771 1594 845 1674 legis
857 1594 970 1658 divinae
982 1595 1019 1658 de
1032 1594 1169 1659 iacienda
1187 1595 1373 1661 confessione

94 1683 159 1762 jam
174 1682 372 1763 probabiliter
388 1683 504 1747 factum
517 1687 563 1746 εει
576 1683 662 1746 satis.
678 1717 719 1730 -
734 1682 770 1745 S.
791 1682 861 1766 Lip.
883 1703 914 1744 a.
931 1685 1001 1748 bob.
1018 1717 1058 1729 -
1069 1683 1217 1764 hamalo,
1233 1705 1264 1747 a.
1280 1689 1370 1750 ml.

98 1805 138 1816 ·-
149 1770 257 1847 Elbet,
273 1789 305 1831 n.
319 1774 389 1834 263¹.
406 1805 447 1818 -
459 1771 620 1848 Mareotin,
635 1775 691 1834 etc.

221 1945 417 2023 Quaesitae.

139 2113 209 2173 512.
224 2143 267 2156 -·
281 2110 383 2185 Qoms.
400 2115 432 2172 l·
445 2108 495 2170 An
516 2107 663 2191 consessio
685 2107 822 2171 invalida
841 2109 925 2191 apud
942 2107 1076 2172 eamdem
1097 2107 1322 2192 Centenarium
1337 2129 1376 2175 ea

100 2202 221 2280 intepro
235 2199 275 2259 sit
289 2197 460 2280 repetenda,
475 2201 503 2260 ει·
513 2215 546 2260 m
558 2214 688 2260 musaeo
700 2196 827 2260 tandum
843 2196 943 2260 triade
956 2197 1089 2280 peccatis
1104 2199 1254 2262 accusatis
1274 2219 1377 2263 recor·

100 2286 200 2360 detur,
215 2289 375 2349 autetiam
389 2305 491 2349 comm
506 2287 630 2348 omnim
642 2279 755 2347 oblitas
769 2286 888 2367 suerit?

140 2376 230 2458 Resp.
247 2376 286 2438 ad
305 2380 358 2440 1¹²
370 2374 447 2455 Nep.
460 2373 669 2458 probabilius,
686 2373 809 2438 etiamsi
823 2373 970 2439 confessio
983 2374 1120 2439 invalida
1133 2373 1226 2440 fuerit
1237 2397 1275 2441 ex
1288 2385 1376 2462 parte

101 2463 298 2545 penitentia
314 2464 369 2528 sed
381 2461 510 2528 sufficiet
523 2462 664 2545 repetitio
685 2463 845 2544 generalis.
862 2463 951 2528 Ratio
964 2469 1023 2539 est,
1043 2463 1118 2546 quia
1131 2483 1186 2546 pro
1202 2467 1299 2547 culpis
1308 2470 1376 2550 jam

100 2553 248 2616 accusatis
268 2552 408 2634 repetitio
430 2551 578 2634 generalis
596 2554 759 2634 conjuncta
772 2569 844 2615 oum
865 2549 979 2615 notitia
996 2554 1208 2618 antecedenter
1232 2554 1377 2622 babitaa

100 2639 288 2705 Confessario
300 2640 411 2704 sufficit
420 2642 459 2704 ad
468 2640 686 2704 sacramentale
695 2639 865 2720 judicium,
880 2658 952 2704 eum
966 2640 1004 2703 de
1017 2640 1147 2722 singulis
1158 2644 1288 2722 peccatis
1297 2648 1374 2709 (lon-

100 2728 243 2794 fossarius
252 2731 319 2809 jam
328 2728 525 2809 judicaverit.
537 2765 578 2775 -
591 2728 642 2791 Ita
650 2733 848 2791 communiter·
861 2747 932 2792 oum
943 2726 978 2791 S.
994 2729 1079 2811 Εἰς,
1096 2751 1128 2790 n.
1142 2735 1212 2794 502.

140 2818 232 2898 Resp.
244 2815 283 2878 ad
297 2821 350 2878 2⁹¹⁰
362 2816 440 2898 Nep.
459 2815 554 2880 etiam
564 2815 770 2899 probabilius,
785 2815 845 2881 etsi
865 2816 1073 2881 confessarius
1089 2818 1264 2883 nullatenus
1278 2838 1377 2884 recor·

100 2907 192 2970 detur
205 2905 242 2966 de
253 2902 438 2966 confessione
450 2903 503 2966 illa
513 2903 664 2980 invalida;
681 2904 806 2986 proinde
820 2903 966 2980 sufficiet,
983 2910 1020 2968 ut
1032 2905 1185 2985 poenitens
1200 2925 1294 2972 suum
1309 2925 1376 2971 ma-

101 2993 227 3058 nifestet
241 2998 375 3066 statum,
395 2990 441 3053 ita
462 2996 498 3054 ut
510 2991 717 3056 confessarius
731 2993 891 3056 contusam
911 2993 1020 3056 saltem
1036 2993 1182 3057 notitiam
1196 2995 1233 3058 de
1248 2995 1300 3059 illo
1319 2997 1377 3059 ba-

103 3083 183 3146 beat.
201 3079 292 3146 Ratio
304 3098 342 3143 ex
358 3079 448 3142 modo
465 3079 555 3142 dietis
570 3079 721 3160 sequitur.
745 3079 870 3144 Etenim
885 3080 911 3144 si
930 3081 965 3144 in
984 3081 1165 3162 precedenti
1178 3101 1251 3148 casu
1265 3081 1377 3148 sufficit

103 3168 290 3234 Confessario
306 3167 432 3232 contusa
450 3167 553 3249 eliqua
577 3168 725 3230 memoria
740 3172 837 3231 status
850 3168 1046 3250 paenitentis,
1067 3170 1162 3233 etiam
1182 3170 1377 3252 inpraesenti

104 3277 176 3322 casu
200 3255 335 3321 sufficere
358 3257 447 3320 debet
468 3254 578 3319 notitia
597 3256 734 3337 ejusdem
752 3261 852 3320 status
876 3255 1016 3333 conteram
1043 3257 1196 3340 siquidem
1214 3259 1378 3342 utrobique

105 3349 209 3423 eadem
230 3345 308 3408 ratio
327 3345 408 3410 lacit.
432 3381 471 3392 -
494 3343 531 3408 S.
551 3343 638 3426 Lim,
661 3343 747 3426 itm,
764 3353 793 3408 et
815 3344 873 3406 alii
885 3365 976 3428 supra
990 3347 1081 3408 citati
1091 3353 1197 3410 eontra
1210 3348 1296 3412 otios.
1312 3351 1378 3411 lmo

102 3437 189 3516 iuxta
198 3435 315 3498 Saurea
327 3433 450 3511 sufficit,
464 3439 502 3498 ut
512 3431 720 3498 confessarius
733 3433 915 3510 recordetur,
927 3433 1130 3515 paenitentem
1141 3433 1236 3500 fuisse
1247 3435 1377 3517 disposi-

106 3528 173 3587 tum
187 3530 219 3586 et
236 3521 453 3605 peonitentiam
474 3528 654 3604 acceptasse.
670 3555 710 3567 -
725 3521 860 3600 Saccrez,
877 3522 907 3584 d.
930 3540 1010 3598 xxn,
1029 3530 1098 3585 sect.
1120 3528 1149 3587 6.
1166 3559 1205 3570 -
1221 3523 1270 3590 Sic
1284 3523 1379 3588 etiam

105 3612 200 3695 Lupo,
217 3612 252 3674 de
264 3611 391 3689 Poenr't,
406 3611 438 3672 d.
455 3627 520 3687 xm,
533 3619 602 3674 sect.
619 3613 669 3687 lb,
685 3631 715 3672 n.
734 3614 805 3675 636.
822 3647 861 3656 -
881 3609 913 3672 V.
926 3609 1035 3689 Casus,
1051 3631 1083 3672 a.
1095 3615 1165 3676 679.

150 3704 221 3765 513.
238 3733 279 3748 -·-
305 3703 406 3776 Quart.
431 3703 465 3764 2⁰
487 3700 540 3764 Aa
566 3698 727 3782 repetenda
754 3703 796 3764 eit
814 3699 958 3781 confertio
984 3719 1050 3762 eum
1078 3699 1169 3763 datm
1198 3704 1380 3764 contritione

105 3788 212 3870 sacta?

144 3879 237 3960 Rerp.
253 3877 330 3961 Nep.
344 3897 401 3960 per
414 3897 463 3949 re:
481 3876 562 3941 ratio
577 3880 661 3958 petet
682 3894 720 3941 ex
733 3876 833 3942 dictis.
849 3879 999 3942 Attamen
1011 3875 1047 3940 in
1059 3877 1148 3960 praxi
1164 3879 1267 3942 sedulo
1280 3882 1378 3942 atten-

107 3967 242 4030 dendum
259 3973 306 4030 est
326 3967 365 4030 ad
382 3964 562 4049 paenitentis
585 3963 803 4030 conditionem.
830 3963 967 4030 sienim
988 3966 1142 4047 paenitens
1162 3966 1203 4030 sit
1223 3967 1315 4032 homo
1332 3973 1380 4034 sat

107 4056 240 4135 prudens
251 4061 283 4119 ει
295 4055 397 4136 gravis
408 4055 443 4119 in
457 4053 523 4120 suis
538 4053 711 4118 actionibus
725 4053 905 4131 ordinariis,
922 4054 970 4118 vel
991 4053 1026 4118 in
1042 4053 1107 4118 suis
1122 4054 1378 4133 confessionibus,

107 4143 192 4208 adest
202 4143 310 4208 saltem
320 4141 527 4226 probabilitas,
537 4141 600 4206 imo
610 4148 641 4205 et
650 4141 788 4223 legitima
796 4141 995 4224 presumptio
1007 4143 1044 4206 de
1055 4143 1154 4206 valore
1164 4144 1377 4222 consessionis3

108 4249 162 4295 neo
176 4232 301 4314 proinde
320 4232 475 4314 urgendus
493 4234 539 4295 est
556 4231 595 4294 ad
618 4249 686 4294 eam
702 4231 908 4312 repetendam.
931 4229 963 4295 si
986 4249 1057 4295 vero
1078 4240 1270 4314 supponatur
1287 4234 1379 4298 homo

108 4319 183 4383 levis
194 4326 225 4384 et
236 4321 271 4384 in
283 4319 435 4403 plerisque
450 4319 516 4382 suis
529 4317 702 4382 actionibus
719 4317 978 4396 inconsideratus,
992 4319 1030 4382 de
1042 4316 1180 4386 iteranda
1192 4321 1381 4386 consessione

110 4408 271 4474 consilium
289 4409 317 4472 ei
333 4408 471 4472 dandum
491 4412 548 4470 est.
566 4441 607 4454 -
624 4406 674 4469 Ita
696 4408 905 4471 communiter.
929 4441 969 4454 -
988 4406 1022 4470 E
1024 4407 1096 4484 lbet,
1117 4407 1153 4472 de
1171 4408 1379 4489 Curate-itione,

110 4517 140 4556 ιι.
155 4501 205 4560 ·tc.

186 4612 298 4658 Οοκιι-
316 4611 419 4657 Mil.
1275 4599 1306 4650 ib
