3198 5036
734 222 943 270 TRACTATUS

745 419 936 482 APPENDIX

549 581 604 625 PRO
628 581 844 626 SACERDOTIBUS
866 582 1038 628 souturltts
1058 584 1128 628 Jnsu

245 737 314 798 378.
331 769 372 780 -
389 737 413 796 Ι.
432 735 573 796 Sacerdos
594 733 750 796 Societatis
771 753 870 816 neque
889 753 944 816 pro
963 754 995 798 se
1013 755 1111 818 neque
1129 754 1183 818 pro
1203 736 1263 800 alio
1285 737 1478 818 stipendium

202 823 380 898 Missarum,
391 841 468 905 quas
480 821 565 903 legit,
577 829 729 903 acceptare
745 830 854 904 potest.
870 826 955 887 Idem
967 825 1153 888 servandum
1167 825 1261 888 etiam
1275 825 1311 889 de
1323 825 1391 888 aliis
1405 827 1478 907 qui-

206 911 340 974 buslibet
361 911 453 974 sacris
474 911 665 974 ministeriis.
689 915 815 974 Constat
834 931 872 975 ex
895 912 1039 975 Instituta
1057 911 1235 988 Societatis,
1255 917 1377 996 passim.
1404 915 1479 979 Vide

205 1000 376 1082 praesertim
390 1001 423 1062 E
421 1001 555 1083 pilonico
569 1020 638 1062 noc.
650 1000 710 1074 ed,
718 1023 751 1083 p.
767 1005 836 1065 185.
852 1037 892 1046 -
905 1002 1054 1081 Lcaaoix,
1072 1003 1092 1064 l.
1109 1004 1161 1078 lV,
1177 1024 1209 1065 n.
1225 1007 1293 1067 136.

245 1093 283 1152 11.
298 1091 330 1152 Si
343 1089 470 1170 pecunia
485 1109 539 1171 pro
552 1089 653 1152 Missis
668 1089 812 1153 offeratur
827 1091 978 1154 Sacerdoti
993 1093 1056 1154 Soc.
1067 1090 1114 1154 vel
1128 1092 1366 1167 Communilati,
1378 1097 1480 1174 potest

205 1198 259 1260 per
274 1178 465 1259 Superiorem
477 1178 611 1253 admitti,
624 1197 687 1242 non
698 1177 824 1260 quidem
835 1198 907 1242 cum
919 1179 1112 1261 obligatione,
1125 1181 1177 1243 sed
1191 1199 1262 1243 cum
1275 1181 1479 1261 promissione

207 1266 327 1330 dicendi
342 1266 432 1330 titulo
447 1265 646 1346 gratitudinis
663 1267 781 1348 aliquas
792 1267 910 1344 Missas,
927 1269 974 1332 vel
988 1269 1081 1331 etiam
1092 1287 1188 1332 unam
1202 1276 1258 1332 aut
1269 1271 1397 1333 alteram
1411 1271 1480 1334 sin-

202 1353 284 1438 gulis
300 1355 400 1418 annis.
415 1391 454 1400 -
469 1355 521 1418 Ita
537 1354 751 1438 Castropalao.
768 1356 876 1436 Sitque
894 1357 1059 1420 declarasse
1076 1358 1208 1420 Matium
1229 1358 1402 1421 Vitellescli
1418 1365 1478 1424 Ge·

204 1445 340 1508 noralem
354 1451 484 1507 testatur
498 1444 689 1526 Burpdaber,
704 1445 894 1508 centuriam
908 1464 968 1510 cas.
978 1451 1028 1510 25.
1040 1447 1232 1526 —Larroia,
1248 1447 1267 1509 l.
1278 1450 1329 1523 Vl,
1339 1458 1422 1529 part.
1434 1451 1477 1524 Π,

204 1553 235 1594 n.
251 1537 320 1596 116.

247 1624 297 1684 ΙΗ.
314 1625 391 1684 Item
412 1629 510 1704 potest
532 1622 660 1703 pecunia
680 1623 772 1704 accipi
794 1623 959 1686 liberaliter
975 1624 1091 1700 oblata,
1108 1631 1138 1686 et
1152 1624 1289 1688 vicissim
1311 1624 1478 1688 liberaliter

209 1718 339 1792 possunt
356 1711 494 1792 promitti
517 1711 631 1787 Missae,
647 1711 693 1774 ita
713 1718 816 1774 tamen
835 1719 872 1774 ut
892 1713 1038 1794 posterior
1056 1713 1231 1794 promissio,
1250 1732 1313 1776 non
1337 1713 1379 1777 sit
1391 1715 1479 1776 velut

209 1800 413 1880 compensatio
426 1819 480 1862 seu
495 1800 605 1864 solutio
616 1801 764 1882 reciproca
778 1802 867 1882 quasi
875 1820 930 1882 pro
941 1802 1111 1882 stipendiis,
1121 1803 1173 1865 sed
1182 1821 1266 1866 mero
1277 1803 1479 1884 eleemosynae

205 1889 296 1952 titulo
317 1889 446 1970 pecunia
468 1889 667 1966 admittatur;
689 1891 763 1952 adeo
783 1896 819 1952 ut
845 1890 972 1953 offerens
996 1891 1086 1971 plene
1106 1891 1273 1970 intelligat,
1298 1891 1390 1973 accipi
1413 1909 1481 1954 non

211 1996 297 2059 posse
315 1979 374 2040 alio
389 1979 530 2054 nomine,
546 1984 577 2040 et
592 1979 647 2041 hoc
666 1979 770 2042 eodem
788 1979 986 2064 eleemosyna
1000 1979 1093 2042 titulo
1108 1979 1172 2060 ipse
1192 1978 1402 2059 1113111111.-
1414 1979 1480 2040 La-

206 2071 306 2144 mia,
322 2067 342 2128 l.
360 2069 415 2142 vl,
428 2076 511 2147 part.
528 2069 569 2141 11,
587 2087 618 2128 n.
634 2071 704 2131 lto.

326 2229 434 2293 Hinc
456 2231 654 2295 resolves

200 2409 203 2414 ,
249 2377 319 2437 379.
336 2379 421 2436 --1ο
435 2375 576 2437 Sacerdos
590 2379 668 2447 Soc,
683 2373 734 2436 cui
751 2375 881 2454 pecunia
896 2374 1024 2438 offertur
1035 2393 1089 2455 pro
1100 2374 1202 2438 Missis
1213 2375 1361 2457 legendis,
1378 2383 1479 2458 pausa

203 2459 302 2524 dicere
313 2460 468 2537 offerenti,
485 2481 516 2524 se
527 2463 634 2528 Missas
646 2461 740 2542 gratis
754 2463 904 2526 lectarum
916 2464 955 2526 ad
964 2461 1063 2543 ipsius
1071 2463 1274 2527 intentionem
1283 2514 1290 2541 ,
1300 2471 1332 2527 et
1338 2464 1478 2528 vicissim

209 2566 313 2628 rogare
333 2549 436 2629 ipsum
453 2557 490 2613 ut
510 2551 675 2616 liberaliter
697 2551 844 2633 applicare
858 2552 933 2614 velit
950 2552 1111 2633 pecuniam
1129 2553 1263 2616 oblatam
1279 2553 1319 2616 ad
1334 2553 1417 2616 hanc
1428 2555 1479 2618 vel

211 2635 306 2698 istam
322 2637 406 2718 piam
421 2657 560 2716 causam;
576 2641 618 2703 sic
632 2640 760 2703 offerens
775 2639 901 2702 habebit
913 2641 1104 2721 duplicatum
1115 2640 1253 2704 buccam
1264 2661 1272 2703 ε
1284 2641 1478 2706 ordinarium

211 2723 324 2789 scilicet
338 2727 451 2803 Missae,
469 2728 576 2791 deinde
590 2729 807 2810 cooperationis
823 2729 861 2791 ad
875 2729 960 2791 illam
974 2728 1057 2810 piam
1070 2748 1203 2792 causam.
1220 2731 1324 2793 -Ita
1337 2749 1477 2812 expresse

199 2814 349 2896 Lacroia,
366 2817 441 2880 ibid.

246 2909 279 2967 2⁰
293 2906 394 2969 Titius
413 2908 554 2970 Sacerdos
573 2910 638 2969 Soc.
654 2909 750 2988 legere
771 2914 872 2988 potest
890 2907 997 2972 Missas
1019 2909 1062 2979 ad¹
1078 2907 1282 2970 intentionem
1303 2907 1475 2988 Sempronii

205 2993 374 3058 Sacerdotis
392 2996 560 3071 secularis,
577 2996 632 3078 qui
653 2997 805 3078 stipendia
825 3016 879 3078 pro
898 2997 999 3062 Missis
1020 2997 1154 3078 legendis
1174 2996 1335 3076 acceperit,
1351 2997 1475 3078 quando

205 3081 257 3146 hio
270 3102 324 3147 nec
338 3103 373 3146 ea
387 3090 491 3166 utpote
503 3093 684 3166 consumpta
703 3086 862 3148 restituere
880 3085 990 3166 possit,
1006 3103 1061 3148 nec
1078 3085 1248 3148 satisfacere
1261 3103 1315 3166 pro
1329 3085 1475 3148 omnibus

208 3171 325 3250 Missis;
342 3174 415 3256 quia
430 3174 464 3236 in
481 3173 550 3236 istis
562 3174 801 3237 circumstantiis
815 3174 917 3237 Titius
931 3179 1070 3237 censetm
1084 3174 1179 3254 gratis
1199 3191 1236 3236 ex
1253 3193 1331 3256 pura
1349 3174 1475 3236 carimtc

206 3260 313 3324 Missas
335 3263 496 3339 celebrare,
520 3263 568 3326 uti
588 3282 627 3326 ex
645 3263 846 3326 declaratione
871 3263 995 3326 Claudii
1013 3264 1173 3346 Aquicioa
1193 3261 1306 3342 colligit
1324 3263 1473 3342 [omnim

204 3349 226 3411 l.
240 3352 292 3426 IV,
306 3372 336 3412 n.
351 3356 420 3416 138.

248 3445 280 3504 3⁰
295 3441 327 3502 Si
339 3441 440 3504 Titius
455 3442 595 3504 Sacerdos
610 3446 674 3505 Soc.
685 3459 747 3505 non
758 3441 884 3522 recipiat
896 3441 1019 3522 quidem
1035 3439 1234 3522 stipendium,
1248 3447 1384 3504 attamen
1396 3440 1475 3503 circs

208 3527 286 3592 illud
300 3529 455 3611 disponat,
472 3549 502 3593 1.
517 3549 576 3612 gn,
590 3530 672 3594 dicat
686 3532 756 3594 Gaio
769 3550 777 3593 :
792 3534 836 3594 Da
854 3530 1043 3611 stipendium
1063 3529 1136 3592 hnic
1155 3530 1297 3610 pauperi,
1315 3537 1348 3592 et
1364 3547 1417 3609 ego
1436 3531 1476 3592 ad

200 3617 411 3682 intentionem
428 3624 516 3682 tuem
531 3621 630 3700 legam
646 3622 787 3695 Sacrum;
806 3619 854 3682 rel
868 3618 895 3680 si
909 3618 989 3682 dicat
1002 3618 1179 3699 Sempronio
1191 3637 1199 3680 :
1212 3621 1261 3680 Tu
1280 3623 1401 3699 accepta
1421 3617 1475 3680 sn·-

209 3706 373 3787 pendium,
387 3727 440 3789 ego
454 3707 519 3770 vice
540 3709 588 3770 tui
609 3712 736 3771 Secmm
756 3708 870 3786 lefflm;
885 3706 990 3769 illicite
1004 3708 1081 3788 agit,
1101 3707 1175 3788 qcria
1192 3707 1268 3769 dum
1283 3705 1326 3770 sic
1339 3705 1477 3788 disponit

204 3794 283 3859 circa
295 3797 484 3878 stipendium
497 3814 550 3877 per
561 3801 751 3859 contractum
761 3796 844 3877 sacac
858 3805 893 3856 ut
903 3796 963 3870 des,
974 3796 1149 3858 vidualiter
1162 3795 1272 3876 accipit
1286 3795 1475 3877 stipendium

208 3884 345 3966 illudque
359 3887 486 3950 redonat
499 3885 602 3960 alteri;
619 3902 753 3966 quorum
773 3891 943 3965 atrumque
961 3890 1007 3946 est
1024 3892 1131 3948 contra
1148 3890 1256 3948 ratum
1272 3883 1474 3966 paupertatis.

204 4003 248 4022 ·-
261 3974 453 4036 Pellizarias.
466 4011 507 4021 -
519 3975 669 4052 moia,
688 3973 708 4034 l.
724 3976 775 4048 lV,
792 3993 824 4035 n.
840 3977 909 4038 138.
924 4009 966 4020 --
979 3971 1130 4049 Sanciaez,
1142 3979 1201 4036 etc.

249 4063 282 4124 1ο
296 4061 328 4124 Si
346 4065 459 4126 Paulus
477 4064 526 4126 vir
550 4065 613 4125 Soc.
634 4080 689 4143 pro
710 4062 867 4142 capellano
885 4081 923 4124 ex
944 4061 1122 4126 fundatione
1144 4061 1273 4142 obligato
1289 4063 1324 4125 in
1340 4063 1477 4126 canenda

208 4149 300 4216 Missa
314 4152 465 4232 suppleat,
484 4151 615 4215 minime
634 4157 749 4232 peccat,
763 4150 905 4232 quamvis
929 4151 1106 4232 Capelianus
1127 4168 1198 4213 suos
1215 4159 1383 4232 proventus
1401 4151 1478 4214 reci-

209 4239 290 4320 piat,
307 4239 381 4322 quia
397 4242 508 4304 Pardus
523 4242 559 4304 de
573 4241 658 4304 nulla
671 4259 704 4303 re
718 4239 863 4321 disponit.
880 4240 963 4302 idem
979 4239 1141 4302 dicendum
1157 4245 1217 4315 est,
1230 4239 1257 4302 si
1269 4241 1474 4315 concionatur,

209 4334 265 4391 aut
283 4327 367 4390 aliud
377 4346 494 4393 munus
515 4335 650 4394 exerceat
665 4347 719 4411 pro
736 4329 853 4410 aliquo,
870 4327 923 4410 qui
946 4328 1017 4391 inde
1040 4335 1185 4392 consueta
1202 4327 1365 4392 honoraria
1382 4327 1479 4410 perci-

205 4415 279 4498 piat.
295 4415 495 4496 -Lacroa'a,
512 4421 533 4482 l.
549 4421 601 4493 IV,
616 4439 647 4482 n.
665 4421 733 4483 139.

251 4509 321 4570 380.
337 4541 376 4554 -
389 4510 421 4570 5⁰
435 4505 468 4569 Si
481 4507 678 4587 Sempronius
692 4506 853 4584 Perochars,
870 4513 989 4589 accepto
998 4508 1064 4588 jam
1076 4504 1242 4588 stipendio,
1261 4509 1344 4588 roget
1354 4505 1476 4571 'litium
