3220 5042
205 165 274 227 939
739 174 948 224 reserares

199 309 260 374 per
278 309 324 368 se,
340 307 393 370 pro
406 286 588 352 mortalibus
601 286 757 369 imponere
770 285 871 350 debet.
883 284 932 348 Sia
941 302 978 348 ex
987 283 1078 348 Coae.
1093 281 1192 358 frid,
1204 289 1243 346 ut
1255 297 1348 365 supra
1359 305 1391 346 a.
1410 289 1485 350 591.

205 411 247 428 -
262 376 297 440 S.
320 377 390 458 Lep.
417 399 448 439 n.
470 381 540 442 508.

248 470 318 532 594.
337 503 377 513 -
391 470 493 543 Quas.
512 469 546 528 90
565 464 671 542 Qualia
682 464 858 547 paenitentia
874 481 928 546 per
946 481 978 526 se
991 471 1146 526 censeatur
1164 460 1266 542 gravis
1283 481 1344 544 pro
1363 481 1422 526 eae
1437 463 1490 526 ael

206 556 304 619 altero
312 564 435 638 peceato
448 553 577 617 mortali
582 553 597 617 f

200 694 203 700 .
247 645 336 727 Resp.
351 662 364 705 .·
377 645 534 707 censenda
549 649 596 706 est
609 641 791 726 poenitentia
804 645 924 723 praesb,
941 641 1050 704 saltem
1063 657 1102 702 ex
1115 639 1204 721 praxi
1217 639 1365 704 hodierno
1385 641 1488 704 Euole-

206 732 277 809 siae,
298 749 368 816 queo
385 733 547 813 respondet
561 732 644 812 operi
658 733 740 813 quod
754 729 812 794 sub
832 729 919 810 gravi
935 729 973 793 ab
988 727 1119 792 Eeelesia
1133 727 1320 810 injungitur,
1339 729 1386 792 vel
1400 731 1486 811 quod

206 822 267 886 sub
281 820 368 902 gravi
382 839 420 884 ex
432 839 463 884 se
478 819 639 902 obligaret,
656 819 683 883 si
696 819 920 901 preciperetur.

250 909 328 974 ilino
342 909 524 991 peonitentia
539 909 641 990 gravis
655 916 686 972 et
700 927 754 990 pro
767 914 887 990 pooeato
902 907 989 988 gravi
1002 906 1156 971 ordinario
1171 905 1323 970 sufficiens
1337 906 1397 969 erit
1410 907 1486 973 Mis-

209 1016 277 1062 sam
291 997 412 1074 audire,
425 1001 581 1081 jejunare,
597 998 725 1062 reoiture
739 997 902 1062 Rosarium
917 995 993 1078 (etsi
1007 995 1145 1078 qrrinquo
1161 1001 1286 1058 tantum
1300 995 1482 1077 decadum),

208 1085 348 1152 Officium
359 1105 492 1168 parvum
504 1092 538 1152 B.
554 1084 707 1168 Virginis3
723 1085 858 1152 litanias
873 1087 1064 1160 Sanctorum,
1081 1091 1112 1147 et
1123 1081 1332 1148 alia'similia:
1350 1101 1413 1147 non
1427 1104 1483 1149 au-

208 1181 274 1239 tem
290 1175 393 1257 gravis
412 1182 586 1239 censeretur
599 1174 796 1257 paenitentia,
813 1175 840 1237 si
860 1174 999 1237 Psalmns
1012 1173 1155 1238 Miserere
1172 1179 1296 1236 tantum
1310 1171 1483 1254 imponere-

209 1271 271 1328 tur.
288 1301 328 1311 -
344 1265 380 1326 S.
399 1265 442 1328 Li
462 1311 470 1326 .
487 1285 518 1326 e.
535 1268 606 1328 eto.

249 1355 350 1429 Quae.
365 1357 396 1416 5⁰
411 1286 476 1429 (ige
488 1352 523 1415 de
533 1373 622 1414 caasa
630 1351 816 1435 penitentia
831 1351 927 1413 levior
941 1349 1059 1432 imponi
1068 1349 1182 1432 possit?

249 1441 337 1525 Rerp.
354 1461 367 1502 .·
381 1447 413 1504 1⁰
428 1439 460 1504 si
474 1441 626 1523 poenitens
641 1441 683 1504 sit
696 1441 783 1504 valde
796 1438 905 1503 debilis
919 1445 949 1502 et
963 1438 1108 1502 infirmus
1122 1457 1258 1520 eorpore;
1274 1456 1336 1520 qua
1346 1439 1383 1502 do
1395 1459 1429 1502 re
1440 1440 1484 1503 sio

207 1528 329 1594 ltituale
344 1534 521 1594 Romanum
538 1548 545 1592 ε
567 1529 739 1592 Meminerit
754 1527 903 1590 Sacerdos
921 1527 1012 1610 apris
1026 1546 1085 1589 aon
1103 1546 1162 1590 esse
1180 1527 1400 1610 injaapeadom
1411 1549 1485 1610 pra·

209 1637 271 1682 uem
285 1627 315 1680 et
330 1617 510 1682 laboriosam
520 1619 743 1701 penitentiam,
754 1617 807 1680 sed
818 1616 1011 1680 indicandam
1023 1625 1140 1678 tantam
1153 1615 1246 1688 illam,
1260 1635 1363 1699 quom,
1375 1616 1403 1679 si
1417 1637 1484 1680 eoa·

209 1707 376 1788 valuerim,
394 1717 561 1792 opportuno
577 1717 709 1790 tempore
719 1715 879 1789 perapaat.
895 1705 983 1782 Quod
995 1704 1022 1768 si
1035 1705 1180 1769 infirmum
1194 1705 1236 1768 sit
1247 1705 1434 1770 eonstitutus
1447 1707 1483 1770 in

208 1796 342 1878 perieulo
364 1797 489 1873 mortis,
510 1803 585 1860 tuno
605 1803 705 1878 potest
725 1794 841 1859 absolvi
865 1794 931 1858 sine
951 1794 1014 1858 ulla
1036 1792 1234 1875 pmnitentia,
1255 1793 1327 1856 lieet
1343 1797 1484 1876 expediat

210 1903 329 1966 semper
343 1884 479 1967 aliquam
492 1885 519 1948 ei
531 1885 697 1967 imponere.
714 1885 806 1946 Hom.
822 1893 934 1967 apost,
950 1904 981 1945 a.
998 1887 1055 1957 te;
1072 1887 1105 1946 90
1123 1882 1149 1945 si
1170 1883 1303 1964 prudens
1317 1882 1411 1948 timor
1423 1883 1482 1958 sit,

211 1991 249 2037 ne
260 1976 409 2054 majorem
424 1973 638 2056 penitentiam
653 1991 715 2036 non
725 1971 899 2054 adimpleat,
911 1978 967 2034 aut
978 1989 1017 2036 ne
1026 1971 1065 2034 ob
1079 1969 1251 2051 graviorem
1264 1970 1482 2052 paenitentiam

210 2081 229 2124 a
245 2061 431 2126 confossione
445 2066 616 2137 evertatur;
634 2066 667 2126 30
682 2061 708 2124 si
720 2061 919 2142 probabiliter
932 2062 1030 2140 major
1041 2058 1225 2140 poenitentia
1237 2059 1336 2140 magis
1351 2059 1379 2122 ei
1393 2059 1481 2124 obfu-

212 2156 282 2214 tura
296 2150 346 2226 sit,
360 2169 455 2233 otram
467 2150 644 2232 profutura;
660 2154 693 2214 40
705 2150 732 2212 si
745 2150 899 2230 poenitens
911 2149 997 2212 valde
1009 2146 1158 2211 contritus
1169 2154 1329 2231 appareat;
1346 2151 1379 2212 5⁰
1393 2147 1420 2212 si
1431 2150 1485 2212 ad·

212 2238 253 2302 sit
266 2245 390 2321 tempus
411 2239 610 2320 indulgentia
624 2237 767 2320 plenaria
783 2238 952 2314 lucranda,
973 2236 1142 2318 presertim
1161 2235 1294 2300 lubilai.
1306 2271 1348 2285 -
1359 2237 1396 2300 S.
1413 2238 1482 2320 Lip.

212 2347 243 2390 a.
258 2331 328 2393 598.

252 2420 322 2480 595.
338 2452 378 2464 -·
391 2420 492 2494 Quae.
511 2421 545 2482 60
559 2417 609 2478 Aa
620 2417 716 2500 possit
732 2415 848 2498 inponi
855 2418 1037 2498 poenitentia
1051 2413 1107 2476 sub
1122 2413 1294 2477 conditione
1305 2409 1463 2498 relapsio?

253 2504 345 2588 aap.
368 2505 459 2588 Nep„
476 2506 503 2570 si
523 2505 609 2570 nulla
623 2505 682 2568 etia
698 2503 878 2586 simpliciter
892 2509 923 2566 et
936 2503 1073 2566 absolute
1086 2501 1278 2584 impanatum
1297 2503 1414 2586 affirm.
1429 2524 1485 2568 an·

215 2598 277 2656 tem
284 2593 495 2677 probabilius,
508 2593 547 2669 si,
563 2601 674 2675 praeter
687 2593 940 2668 eonditionatam,
952 2590 1012 2654 alia
1021 2590 1186 2654 satisfactio
1197 2609 1251 2673 pro
1263 2592 1390 2672 peooatis
1401 2611 1484 2657 oom-

213 2681 317 2746 missis
330 2683 569 2766 imponatur-
584 2682 621 2745 S.
636 2681 709 2764 Liq.
725 2701 756 2744 a.
772 2685 842 2746 594.

252 2772 353 2846 Quae.
367 2773 460 2836 7οΑη
472 2772 567 2854 possit
580 2771 699 2854 imponi
709 2771 893 2853 poenitentia
900 2769 1052 2853 publiea?

252 2859 341 2944 Resp.
361 2859 455 2942 Nep„
474 2860 500 2923 si
513 2867 622 2941 agatur
636 2861 672 2922 de
686 2859 815 2942 pereatis
829 2857 967 2922 ooorrltis.
980 2895 1020 2906 -
1040 2858 1091 2922 Ita
1111 2859 1174 2922 aa.
1196 2861 1378 2925 Romanam.
1396 2863 1483 2924 &aas

212 2955 318 3012 autom
331 2967 385 3030 pro
398 2948 540 3030 publicis.
556 2950 703 3012 Attarnon
721 2947 748 3011 si
766 2948 888 3028 publiea
907 2947 1090 3028 peonitentia
1104 2967 1167 3013 non
1183 2949 1228 3012 ita
1242 2948 1286 3012 sit
1297 2948 1480 3024 necessaria,

213 3036 421 3100 (bnfessarius
433 3055 497 3100 non
506 3037 596 3100 debet
608 3037 695 3100 illam
706 3036 849 3100 renuenti
861 3034 1028 3118 imponere,
1045 3054 1117 3100 eum
1130 3036 1219 3100 aliter
1230 3039 1296 3119 ejus
1310 3039 1394 3102 salus
1408 3037 1484 3102 obti-

206 3125 291 3201 neri,
307 3132 339 3188 et
352 3126 530 3189 seandalum
544 3124 679 3207 reparari
692 3125 799 3206 possit.
815 3161 855 3171 -
868 3124 903 3187 S.
920 3125 991 3206 Lip.
1005 3145 1039 3187 a.
1053 3127 1123 3190 599.

254 3216 357 3290 Quat.
373 3219 407 3280 80
421 3214 470 3276 Aa
481 3217 577 3296 possit
591 3215 707 3297 imponi
716 3234 776 3296 pro
788 3214 969 3298 penitentia
981 3233 1055 3298 opus
1069 3214 1148 3277 alias
1162 3213 1320 3278 debitam?

254 3301 348 3386 Resp.
364 3303 490 3386 Aspia-ra.
499 3302 589 3368 Ratio
601 3309 658 3378 est,
671 3301 756 3385 quia,
768 3321 840 3366 eum
855 3321 931 3386 opus
945 3301 1022 3368 illud
1036 3302 1078 3366 sit
1092 3302 1340 3379 satisfactorium,
1350 3303 1487 3384 benepo

210 3396 275 3455 test
285 3410 339 3473 per
349 3392 448 3455 slaves
464 3393 503 3455 ad
521 3391 669 3456 meritum
685 3389 902 3456 satisfactionis
923 3391 1149 3456 sacramentalis
1169 3393 1290 3458 elevari.
1301 3429 1341 3439 -
1352 3391 1389 3454 S.
1400 3391 1485 3474 Lip,

214 3499 246 3543 a.
263 3485 334 3558 513,
350 3489 380 3544 et
392 3481 451 3544 olii
461 3483 667 3544 communiter.

336 3611 546 3678 Resolves.

206 3791 209 3796 .
256 3743 326 3804 596.
335 3746 414 3804 -t·
428 3745 595 3822 Nunquam
603 3745 677 3802 sunt
687 3739 881 3820 imponenda
896 3738 1085 3820 paenitentia
1097 3742 1259 3820 perpetue,
1273 3742 1341 3802 tum
1355 3738 1431 3820 quia
1440 3738 1488 3801 in-

213 3827 324 3892 ducam
335 3828 433 3892 solent
443 3827 614 3910 perieulum
628 3827 791 3890 oblivionis
805 3828 852 3891 vel
866 3825 972 3890 nimia
985 3826 1166 3902 anxietatis,
1183 3835 1253 3891 tum
1266 3826 1356 3908 quia,
1373 3828 1400 3890 si
1415 3827 1487 3890 tales
1592 3895 1593 3912 χ

209 3916 405 3996 ,penitentia
418 3937 437 3980 a
449 3915 543 3980 variis
554 3914 752 3979 confessariis
766 3915 865 3978 eidem
880 3915 1043 3996 poenitenti
1056 3915 1268 3996 imponantur,
1281 3915 1334 3978 bio
1345 3915 1489 3980 innume·
1592 3959 1593 3990 ,

217 4001 262 4066 ris
275 4003 407 4066 mnoulis
421 4005 558 4069 simulet
571 4023 626 4086 pro
640 4007 703 4068 tota
716 4000 781 4068 vita
795 4003 1014 4084 obstringetur.
1030 4007 1096 4069 Imo
1109 4022 1164 4067 neo
1176 4003 1329 4068 ordinarie
1344 4011 1420 4069 sunt
1433 4003 1488 4067 im·
1592 4045 1593 4068 2

216 4091 363 4172 ponenda
384 4093 573 4173 poenitentiae
591 4093 630 4156 ad
652 4091 841 4156 diuturnum
864 4096 1000 4173 tempus,
1024 4112 1056 4156 u.
1076 4111 1136 4174 gn,
1159 4093 1197 4154 ad
1216 4111 1352 4167 annum,
1377 4091 1488 4157 autad

217 4175 354 4262 quinque
366 4197 496 4245 menses.
510 4219 550 4229 -
566 4182 602 4246 S.
620 4181 703 4264 Lip,
725 4179 818 4244 Hora.
835 4191 945 4264 apost,
960 4202 994 4244 a.
1010 4185 1060 4246 59.
1077 4181 1348 4262 -Laaaea,·aa.
1592 4191 1593 4262 g

256 4269 291 4329 90
304 4271 470 4350 Nunquam
485 4289 527 4334 em
540 4277 615 4334 sunt
630 4269 822 4351 imponenda
842 4268 1078 4346 satisfactiones,
1102 4287 1173 4351 que
1194 4268 1398 4352 paenitentem
1411 4267 1490 4332 ludi·
1592 4273 1593 4360 3

215 4351 283 4419 brfo
297 4355 428 4420 alienun
442 4376 590 4440 exponere
602 4361 745 4440 possunt,
762 4377 793 4420 v.
810 4376 868 4439 gr„
885 4365 922 4422 ut
935 4357 1042 4423 recitet
1054 4357 1089 4422 in
1102 4357 1204 4422 media
1218 4357 1341 4422 ecelesia
1353 4356 1489 4441 quinque

215 4445 311 4508 Pater
323 4444 456 4510 braohiis
467 4444 613 4522 extensis,
629 4453 687 4510 eto.
703 4449 728 4508 Α
747 4447 874 4528 fortiori
889 4454 995 4512 autem
1008 4446 1202 4529 imponenda
1220 4465 1284 4510 non
1305 4451 1380 4511 sunt
1394 4443 1489 4530 pani-
1592 4455 1593 4458 ’
