3220 5042
460 215 503 260 rr
523 214 764 260 sacanuurao
785 215 1024 260 roeurraurrn
1311 203 1377 263 ter

111 345 179 391 oum
190 326 318 390 venialia
328 343 391 389 aon
403 325 467 388 sint
476 325 606 389 materia
617 325 786 388 necessaria
796 326 984 388 Sacramenti
997 326 1190 390 Poeniteatiae
1199 373 1206 402 ‚
1215 333 1247 390 et
1255 328 1379 392 aliunde

111 434 180 483 cam
197 432 256 478 uon
275 413 397 494 privent
414 413 512 494 gratia
533 419 564 476 et
581 413 719 476 amicitia
738 413 809 489 Dei,
828 413 889 476 alia
910 414 977 477 siue
995 414 1065 476 aliis
1086 414 1206 477 remitti
1228 424 1376 495 possunt;

178 503 231 566 ‘iria
254 503 339 566 nulla
357 502 430 565 iude
449 501 565 584 injuria
585 506 780 566 Sacramenta
801 502 942 576 infertur,
962 502 989 566 si
1009 521 1048 565 ex
1069 503 1149 566 bono
1169 503 1247 578 fine,
1264 505 1379 568 seclusa

174 591 191 657 ‘i
209 591 346 666 levitate,
364 592 565 654 declarentur.
581 594 646 654 lmo
663 592 843 672 plerumque
862 590 979 654 utiliter
1000 591 1183 672 aperiuntur
1202 611 1238 655 ea
1257 611 1379 673 quoque

173 681 251 757 'alia‚
269 698 403 761 quorum
418 680 502 742 dolor
520 697 582 742 non
600 680 732 742 habetur
752 680 861 742 saltem
882 685 996 755 oortus,
1018 681 1057 742 ad
1077 683 1222 762 majorem
1239 681 1379 744 videlicet
1414 703 1420 717 ·

171 769 297 834 aientia
323 767 602 832 manifestationem
629 775 660 830 et
688 767 902 843 directionem,
927 769 966 830 ad
989 767 1125 849 aliquam
1150 768 1378 849 concipiendam

170 857 334 966 maionem,
360 863 418 920 ote.
445 893 486 902 —
511 855 589 920 Vide
621 857 657 919 S.
684 856 776 939 mn,
804 877 836 917 n.
870 859 940 920 449.
969 893 1009 902 -
1041 856 1177 933 Soanos,
1207 858 1283 940 disp.
1313 875 1375 934 ar,

171 953 226 1023 td,
248 967 280 1008 n.
296 951 328 1008 tl.
1183 1008 1185 1012 Α

184 1041 215 1098 7.
231 1069 271 1082 -
284 1037 387 1112 Qatnu.
403 1038 435 1098 6ο
448 1039 501 1096 An
518 1033 661 1096 contritio
680 1033 784 1095 debeat
795 1034 965 1116 precedere
980 1034 1218 1114 confessionem?

175 1141 238 1206 usp.
252 1129 304 1186 1⁰:
320 1125 413 1187 Debet
426 1129 507 1186 certo
521 1123 686 1203 praecedere
699 1122 933 1200 absolutionem,
947 1123 995 1186 vel
1005 1123 1114 1186 saltem
1123 1123 1183 1204 ipsi
1194 1123 1375 1200 coexistere,

108 1218 144 1275 ut
156 1217 250 1294 patet.
265 1212 398 1275 Praetioe
411 1218 516 1274 autem
529 1211 694 1292 loquendo,
709 1211 878 1292 requiritur
892 1218 927 1274 ut
941 1211 1025 1274 dolor
1037 1213 1185 1292 praecedat
1198 1212 1307 1274 saltem
1322 1211 1376 1274 ab·

108 1301 306 1376 solutionum,
326 1301 400 1382 quia
417 1301 521 1363 nullus
537 1299 692 1381 paenitens
711 1319 743 1363 so
762 1299 982 1382 indispositum
999 1298 1135 1364 sentiens
1153 1299 1376 1364 absolutionem

107 1394 220 1468 petere,
235 1396 290 1453 aut
304 1389 435 1470 recipere
445 1395 555 1470 potest.

143 1478 232 1560 ltesp.
246 1481 280 1540 2⁰
295 1498 302 1540 :
318 1479 367 1541 Ad
382 1477 571 1541 sacramenti
590 1478 723 1540 valorem
742 1496 805 1540 nou
819 1477 909 1540 debet
926 1477 1011 1541 dolor
1028 1478 1197 1542 necessario
1211 1479 1377 1558 precedere

106 1571 336 1640 armentionem·
347 1566 442 1642 ratio,
458 1565 532 1647 quia
547 1567 661 1629 adsunt
679 1567 784 1629 omnia
802 1565 949 1646 requisita
968 1567 1006 1628 ad
1024 1567 1270 1641 Sacramentum,
1286 1566 1376 1630 modo

104 1653 187 1718 dolor
207 1654 430 1719 absolutionem
450 1655 611 1734 precedam
629 1672 682 1716 neo
700 1659 885 1735 preceptum
903 1653 1112 1735 praemittendi
1126 1655 1260 1718 dolorem
1275 1671 1377 1735 peeca-

104 1745 208 1806 torum
225 1741 405 1805 confessioni
423 1742 544 1822 probari
562 1747 671 1822 potest.
688 1777 727 1787 -
743 1743 843 1821 ano,
861 1741 994 1816 Saurea,
1013 1751 1042 1802 et
1058 1741 1115 1802 alii
1130 1743 1375 1804 communissima.

104 1866 143 1875 —
166 1834 320 1894 Caeterum
345 1831 466 1910 quaudo
494 1829 624 1908 theologi
649 1830 816 1892 dolorosam
845 1828 1064 1892 confessionem
1091 1828 1272 1909 requirunt,
1296 1827 1377 1892 nibil

102 1918 188 1980 aliud
210 1918 355 1982 videntur
376 1917 509 1997 origem,
529 1915 591 1978 nisi
614 1922 650 1979 ut
673 1915 820 1980 confessio
841 1935 903 1980 non
925 1916 967 1979 sit
986 1935 1071 1979 mera
1090 1921 1283 1996 pcccatorum
1305 1935 1377 1980 nar-

101 2005 198 2154 }atio,
215 2009 269 2071 sed
287 2013 324 2070 ut
343 2006 385 2069 sit
403 2003 554 2068 accusatio
572 2003 621 2067 sui
640 2003 674 2066 in
692 2005 799 2067 ordino
814 2006 854 2068 ad
873 2004 1096 2069 absolutionem
1112 2004 1320 2068 obtinendam.
1336 2039 1377 2058 ··-

129 2141 136 2154 .
155 2095 227 2177 Liq.
245 2116 277 2156 n.
294 2099 364 2158 445.

141 2186 247 2260 Quor.
263 2185 370 2246 '1⁰Per
383 2192 528 2266 qnantum
543 2183 681 2264 temporis
691 2185 827 2264 spatium
840 2192 925 2244 actm
940 2183 1052 2245 doloris
1063 2182 1222 2246 moraliter
1233 2185 1378 2264 perdant

103 2271 143 2334 ad
152 2272 250 2335 aalide
263 2272 490 2354 suscipiendam
505 2271 764 2334 Sacramentum?

142 2361 231 2445 Resp.
245 2382 258 2424 .·
273 2364 335 2424 Hoc
347 2359 547 2424 determinari
564 2359 696 2440 nequit:
708 2363 800 2442 juxta
814 2361 998 2423 sententiam
1012 2377 1224 2436 communem,
1240 2379 1376 2442 persero-

103 2467 169 2511 rare
181 2455 281 2531 potest
292 2469 346 2530 per
357 2467 474 2524 unam,
484 2455 540 2512 aut
550 2449 646 2512 etiam
660 2449 762 2529 plures
774 2447 853 2522 dies,
867 2449 958 2513 modo
969 2449 1089 2513 elicitus
1101 2447 1194 2514 luerit
1205 2449 1377 2516 intentione

104 2537 295 2602 confessionis
312 2537 469 2612 facienda,
485 2545 517 2600 et
532 2556 596 2600 noa
613 2537 708 2600 luerit
724 2555 777 2618 per
794 2536 879 2599 aliud
895 2543 1052 2618 peecatum
1070 2544 1264 2602 retractatus.
1280 2541 1376 2603 Gam-

103 2641 171 2686 rum
185 2629 378 2690 suadendum
391 2632 438 2689 est
451 2625 688 2707 paenitentibus
706 2632 743 2689 ut
755 2625 934 2690 immediate
947 2633 1019 2689 aute
1035 2625 1253 2690 confessionem
1266 2634 1376 2692 actum

104 2715 295 2778 contritionis
311 2715 399 2796 prius
417 2714 556 2778 elicitum
576 2720 737 2788 renovant,
754 2713 920 2794 praesertim
940 2715 1086 2796 sipostea
1100 2716 1242 2778 animum
1258 2715 1298 2778 ad
1315 2715 1389 2802 aliq

103 2815 151 2878 per
167 2803 335 2866 notabilem
352 2819 472 2866 moram
489 2803 705 2866 converterint.
719 2838 758 2847 -
772 2801 807 2865 S.
824 2803 906 2882 laq,
924 2802 999 2864 itali.

138 2895 209 2955 448.
225 2925 266 2937 -
279 2893 380 2966 Ourna.
397 2895 428 2954 8⁰
445 2891 496 2952 An
509 2894 686 2972 requiratur
703 2911 794 2952 nocua
808 2901 890 2952 aetus
909 2891 1025 2953 doloris
1039 2892 1080 2954 ad
1092 2911 1197 2954 nocam
1212 2889 1375 2954 absolutio·

103 2995 164 3040 non
176 2977 398 3062 recipiendam,
410 2978 533 3060 quando
544 2981 696 3060 poenitens
707 2982 810 3040 statim
821 2989 891 3061 post
903 2979 1120 3043 absolutionem
1129 2987 1283 3062 perronam
1294 2999 1375 3043 mon-

103 3066 157 3129 tale
170 3089 210 3132 ea·
222 3068 370 3131 obliuione
385 3068 525 3128 omissum
540 3066 721 3146 confitetur?

137 3156 224 3240 Resp.
249 3177 262 3220 .·
286 3155 539 3220 Controverta'tur.
566 3155 597 3216 1⁶
621 3153 779 3218 Sententia
802 3157 988 3219 communior
1013 3161 1044 3220 et
1069 3157 1162 3220 malta
1181 3155 1375 3240 probabilior

102 3255 204 3324 nequa·
217 3246 294 3328 quia
315 3250 396 3308 certo
413 3247 584 3324 perseverat
601 3243 684 3324 prior
705 3244 863 3319 contritio,
878 3263 946 3327 qua
961 3249 1064 3326 utpote
1077 3245 1259 3309 universalis
1270 3248 1374 3308 exten-

102 3328 224 3399 debatur
237 3336 276 3398 ad
291 3333 396 3398 omnia
409 3337 547 3414 peccmm
563 3331 659 3395 etiam
675 3333 713 3395 ad
727 3333 841 3396 omissa
855 3352 893 3397 ex
907 3333 1075 3411 oblivione;
1097 3351 1154 3398 nec
1171 3331 1308 3414 alioquin
1326 3351 1373 3397 re-

103 3419 245 3499 quiritur,
263 3431 299 3486 ut
312 3421 457 3486 contritio
467 3419 610 3502 explicite
628 3419 788 3483 ordinetur
806 3421 843 3484 ad
863 3425 1104 3485 Sacraruentum.
1126 3425 1272 3485 Praeterea
1288 3421 1373 3500 dolor

39 3507 43 3520 ’
103 3509 258 3588 explicitus
276 3511 353 3576 satis
371 3510 477 3573 haberi
496 3509 619 3572 videtur
631 3507 667 3572 in
680 3509 746 3590 ipso
759 3513 829 3572 aotu
840 3509 917 3572 illud
928 3509 1010 3573 idem
1024 3516 1181 3591 peecatum
1194 3508 1369 3574 accusandi.

101 3597 293 3682 -ano,--
304 3598 490 3680 Roncoqtim
505 3598 680 3674 —Rentem
697 3597 768 3674 eto,
782 3615 854 3661 eum
867 3598 903 3662 S.
919 3598 1004 3680 riq„
1020 3618 1053 3660 n.
1068 3603 1140 3664 448.

137 3683 190 3748 11“
209 3691 374 3753 Sententia
389 3691 499 3770 affirm.
507 3709 520 3756 ;
534 3687 609 3768 quia
623 3705 677 3768 per
695 3686 918 3752 absolutionem
934 3688 1120 3769 completum
1138 3685 1368 3769 adjudicium,

101 3784 166 3850 ergo
182 3777 208 3839 si
228 3776 434 3858 impertienda
452 3776 494 3839 sit
508 3793 588 3839 nova
604 3774 770 3852 absolutio,
785 3794 865 3839 nova
883 3774 1053 3859 requiritur
1067 3775 1196 3840 materia
1214 3773 1369 3856 proxima;

101 3863 282 3942 etquamvis
293 3867 377 3929 dolor
388 3865 424 3928 in
444 3883 475 3928 se
492 3871 676 3945 perseveret,
696 3881 758 3928 noa
775 3871 880 3928 tamen
900 3871 1073 3946 perseverat
1088 3864 1124 3928 in
1141 3863 1249 3928 ordine
1269 3863 1308 3926 ad
1328 3881 1373 3928 se

102 3951 229 4042 tundam
251 3953 485 4018 absolutionem.
500 3989 542 4003 -
561 3953 738 4031 Bonooina,
754 3959 811 4016 eta.
831 3956 901 4018 Haeo
918 3953 1071 4017 sententia
1090 3953 1150 4016 lovi
1170 3952 1372 4016 fundamento

102 4037 206 4104 maim
223 4043 362 4119 videtum
383 4049 520 4106 attamen
537 4061 556 4105 a
571 4042 608 4104 S.
628 4042 715 4124 Liq„
731 4041 785 4104 loe.
806 4044 872 4121 cit„
895 4042 1027 4106 habetur
1039 4047 1076 4104 ut
1089 4041 1272 4123 probabilis,
1286 4043 1373 4106 adeo-

104 4135 159 4199 qne
171 4133 321 4213 tauquam
341 4130 437 4194 tutior
454 4130 490 4192 in
512 4129 599 4210 praxi
618 4131 785 4211 sequenda3
802 4149 874 4194 oum
893 4130 945 4194 bio
966 4136 1075 4210 agatur
1095 4131 1134 4193 de
1153 4129 1253 4194 valore
1270 4131 1373 4194 Suam

104 4217 207 4281 menti.

138 4302 237 4376 Quos.
253 4311 287 4372 9⁰
308 4309 359 4370 Aa
376 4307 446 4369 dari
464 4311 557 4389 possit
574 4305 803 4370 Sacramentum
822 4305 1013 4371 Paenitentia
1028 4307 1161 4370 validam
1177 4309 1311 4370 simulet
1325 4309 1371 4370 in-

103 4383 606 4478 tnnn,0aaesenmnsfinnm
620 4395 846 4478 reparemur

140 4475 229 4564 Resp.
245 4504 258 4548 .·
271 4485 529 4550 Controvertitnr.
547 4481 671 4568 Neqant
685 4483 827 4549 nonnulli
841 4502 913 4548 cum
932 4483 1082 4560 Billaert,
1103 4487 1172 4549 ἀίω.
1187 4503 1244 4561 ru,
1260 4493 1321 4548 ont.
1341 4488 1368 4548 l.
