3198 5034
405 259 447 302 nn
468 256 641 302 srsrrnos
663 255 976 304 rnanreunsnmus
1283 249 1324 309 st

95 379 131 436 t⁰
145 372 192 434 Ad
203 369 375 432 laciendum
387 371 513 431 Sacrum
530 387 548 430 a
561 367 700 431 meridie.
718 369 757 429 Vi
770 367 951 432 facultatum
970 370 1250 452 quinquennalium
1264 376 1328 455 pri-

57 459 166 541 vilegio
186 458 334 521 durentur
352 456 525 519 celebrandi
539 477 598 538 per·
614 476 705 518 unam
725 457 829 518 lteram
846 467 915 519 cote
927 478 1082 529 auroram,
1099 470 1128 520 et
1142 461 1237 522 oliam
1254 473 1328 544 post

56 548 227 620 meridiem,
242 551 273 610 et
282 546 530 608 communicandi
540 545 620 607 hano
633 545 809 608 facultatem
824 547 1033 610 Sacerdotibus
1043 549 1173 611 idoneis,

97 643 129 700 5·
142 640 238 699 Extra
252 635 406 698 diocesim
419 639 638 696 commorantes
647 641 775 714 possunt
789 634 849 696 sibi
858 634 965 716 eligere
979 636 1218 712 confessarium,
1236 640 1327 702 modo

57 728 99 788 sit
112 743 219 789 eorum
232 723 386 798 subditus,
400 730 431 786 et
444 741 517 785 eum
527 723 630 785 valent
644 741 748 785 mum
762 723 886 786 educere
898 724 931 786 in
945 724 1072 788 diversa
1085 727 1163 803 loca;
1175 733 1209 788 at
1224 727 1250 790 si
1265 745 1328 790 non

60 822 104 877 est
124 814 287 887 subditus,
302 812 391 875 debet
407 812 445 874 ab
460 810 620 874 Ordinario
634 830 689 874 suo
706 829 771 874 esse
789 813 982 892 approbatus.
999 815 1098 894 (Idem
1116 821 1246 895 possunt
1260 820 1330 880 Car-

59 903 190 978 dinaleS,
217 903 269 965 sed
289 905 392 966 Rome
414 904 555 974 tantum,
579 899 637 962 etsi
660 900 765 974 illmn,
788 919 880 981 quem
903 902 1062 982 elegerint,
1086 911 1173 976 extra
1197 907 1327 968 Romam

59 1010 164 1054 mum
177 991 506 1072 possinteducere.)—
520 989 556 1050 S.
569 989 652 1071 Liq,
663 987 820 1071 Appenni„
835 989 855 1050 l.
870 992 898 1064 Ι,
915 1011 945 1051 a.
959 995 1011 1054 65.

96 1087 131 1144 6⁰
148 1085 294 1154 Possunt,
310 1082 396 1161 justa
414 1079 572 1141 accedente
590 1095 696 1153 causa,
713 1077 750 1140 ab
769 1077 946 1141 interstitiis
961 1080 1134 1160 dispensare
1155 1081 1193 1144 ad
1208 1081 1329 1144 ordina·

57 1170 186 1232 tionem.
201 1167 285 1230 -S.
301 1169 421 1250 Lipara,
437 1167 457 1229 l.
473 1169 528 1242 Vl,
545 1187 576 1226 a.
594 1171 663 1230 795.

579 1373 767 1434 APPENDIX
788 1373 815 1433 ll

478 1527 517 1571 litt
536 1527 703 1571 sunericus
725 1527 909 1572 cuentcoauu

96 1671 166 1734 Etsi
181 1670 310 1732 materia
324 1671 360 1734 de
384 1670 537 1733 beneficiis
556 1670 649 1733 luerit
663 1673 687 1731 'a
701 1670 853 1750 plerisque
874 1671 1019 1750 theologis
1038 1671 1104 1735 fuse
1123 1677 1266 1747 tractata,
1284 1679 1329 1735 ta-

60 1777 131 1821 men
148 1757 324 1820 innumeris
338 1758 562 1839 implicatisque
576 1757 806 1820 difficultatibus
823 1757 932 1820 referta
947 1765 1009 1832 est,
1025 1777 1093 1838 quae
1110 1760 1247 1840 alioquin
1265 1779 1330 1822 om-

55 1849 131 1910 nino
149 1847 184 1907 in
198 1845 297 1908 Gallia
308 1853 512 1920 evanuerunt,
522 1865 561 1908 ex
574 1864 634 1925 quo
644 1845 676 1907 vi
690 1844 869 1908 Concordati
881 1846 963 1908 inter
973 1846 1063 1908 Pium
1073 1849 1127 1908 Vll
1138 1853 1169 1908 et
1182 1847 1330 1910 Gallicum

53 1933 255 1999 Gubernium
268 1933 356 1997 inere
374 1934 494 1997 sublata
506 1933 666 2007 beneficia,
681 1941 712 1995 et
725 1933 759 1994 in
773 1932 951 2014 pensionem
964 1935 1130 2016 quotannis
1146 1935 1329 2000 aGubernio

52 2023 291 2104 persolvendam
305 2028 506 2084 commutata.

98 2110 239 2174 Breviter
261 2109 352 2172 nobis
375 2111 539 2173 dicendum
562 2117 608 2174 est
627 2112 664 2173 de
684 2110 837 2173 beneficiis
852 2110 886 2173 in
904 2129 1012 2191 genere
1027 2117 1149 2174 tantum
1168 2113 1328 2194 spectatis;

51 2199 193 2262 scilicet:
207 2204 240 2261 10
250 2199 287 2261 de
301 2205 429 2273 natura3
445 2202 478 2260 2⁰
488 2201 526 2262 de
537 2199 752 2279 acqmsitione;
770 2205 803 2262 30
815 2201 852 2262 de
864 2199 1028 2262 amissione
1040 2200 1267 2264 beneficiorum.

410 2393 437 2458 l.
454 2431 498 2441 -
516 2393 563 2460 De
580 2401 712 2460 notura
728 2394 981 2477 beneficiorum.

97 2566 174 2625 427.
196 2597 233 2608 —·
259 2561 442 2625 Beneficium
469 2567 515 2625 est
539 2566 591 2644 jus
613 2569 795 2644 perpetuum
823 2563 940 2627 fructus
968 2564 1153 2646 percipiendi
1179 2583 1215 2628 ex
1240 2567 1330 2629 bonis

54 2648 200 2714 malms
219 2658 342 2732 propter
362 2650 494 2714 officium
513 2652 636 2732 aliquod
659 2651 833 2733 spirituale,
857 2653 995 2715 Ecclesia
1018 2655 1197 2717 auctoritate
1217 2655 1330 2718 consti-

53 2745 176 2801 tntum.

96 2829 283 2892 Beneficium
296 2829 380 2892 aliud
394 2835 439 2892 est
451 2829 595 2911 simplex,
611 2829 695 2892 aliud
708 2830 829 2909 duplex.

99 2923 132 2979 l⁰
148 2917 333 2980 Beneficium
358 2917 501 2998 simplex,
518 2919 659 2998 estquod
678 2918 796 2980 nullam
813 2918 1030 2998 obligationem
1051 2918 1143 2981 hebet
1157 2918 1324 2990 adnemm,

55 3005 117 3066 nisi
134 3005 268 3068 meandi
278 3003 380 3068 Officia
394 3006 514 3082 divina,
529 3011 564 3069 ut
578 3012 654 3068 sunt
668 3006 878 3082 canonicatus,
895 3007 1081 3088 capellanie,
1098 3012 1154 3070 etc.

96 3097 131 3156 2⁰
145 3093 333 3158 Beneficium
350 3095 462 3175 duplex
475 3100 537 3168 est,
552 3096 635 3175 quod
649 3096 800 3158 adnexam
813 3095 905 3158 habet
917 3095 1179 3177 jurisdictionem,
1197 3093 1329 3158 admini-

55 3182 240 3246 strationem
260 3191 291 3246 et
311 3181 629 3255 commurmurant,
653 3191 690 3244 ut
708 3183 913 3264 episcopatus,
935 3203 1051 3247 munus
1071 3184 1256 3264 parochiale,
1272 3187 1328 3245 eta.

55 3273 175 3352 Duplex
189 3272 315 3348 dicitur,
330 3271 404 3353 quia
418 3268 533 3350 duplici
547 3269 633 3332 oneri
650 3270 799 3350 subissem
818 3289 891 3333 nam
906 3280 1015 3352 praeter
1030 3273 1242 3336 recitationem
1260 3274 1330 3334 Bre-

54 3360 148 3422 siarii
162 3361 309 3424 omnibus
325 3375 540 3433 communem,
557 3357 694 3438 aliquam
713 3357 1014 3422 administrationem
1036 3361 1128 3423 hahet
1141 3366 1234 3442 atque
1254 3360 1330 3422 erni-

55 3449 209 3512 nentium.

99 3543 130 3600 30
145 3539 268 3612 Pensio,
286 3555 355 3620 quae
374 3557 392 3600 a
410 3535 565 3600 Gubernio
582 3533 616 3596 in
634 3533 729 3599 Gallia
748 3533 877 3596 solvitur
891 3534 1061 3614 Episcopis,
1081 3541 1113 3596 et
1126 3535 1285 3598 canonicis
1301 3539 1330 3596 et

53 3625 215 3700 Parochis,
228 3644 301 3689 cum
313 3625 453 3688 fueritin
468 3623 684 3687 beneficiorum
697 3623 798 3686 locum
813 3621 953 3698 suffecta,
968 3641 1072 3686 eorum
1086 3623 1187 3685 locum
1199 3621 1328 3696 obtinet,

53 3733 87 3776 ac
102 3721 263 3796 propterea
279 3733 335 3777 ceu
354 3715 471 3776 bonurn
485 3711 721 3776 ecclesiastimm
740 3712 903 3793 spectanda
919 3719 979 3787 est,
996 3719 1033 3776 ut
1046 3716 1131 3793 patet
1144 3729 1181 3772 ex
1194 3708 1286 3773 variis
1298 3713 1327 3772 S.

54 3803 294 3867 Pmniientiariae
307 3803 462 3884 responsis
476 3801 577 3883 (Tam.
592 3804 616 3878 I,
629 3822 660 3862 n.
676 3801 763 3884 563).

350 3999 394 4064 ll.
412 4034 456 4046 -
475 3997 521 4063 De
540 3997 767 4084 acquisitione
781 3995 1034 4080 beneficiorum.

95 4173 166 4233 tra.
182 4205 222 4213 -
233 4168 356 4248 Triplex
368 4175 415 4230 est
426 4165 603 4247 acquirendi
618 4165 754 4228 beneficii
769 4166 819 4229 via
836 4185 843 4226 :
863 4172 892 4228 {⁰
905 4185 957 4246 per
972 4165 1152 4240 electionem,
1167 4181 1228 4242 qua
1241 4162 1331 4225 Cleri-

51 4275 109 4318 cus
121 4276 138 4319 a
150 4261 215 4320 toto
228 4256 369 4338 capitulo
383 4255 517 4338 eligitur,
533 4261 564 4318 et
578 4273 596 4315 a
610 4254 768 4335 Superiora
781 4254 994 4328 confirmatum
1011 4259 1043 4314 2⁰
1055 4271 1108 4332 per
1118 4254 1331 4334 presentatio-

50 4365 130 4418 nem
146 4364 210 4426 qua
221 4344 292 4426 quis
304 4364 324 4407 a
335 4349 464 4408 Patrono
476 4341 602 4405 offertur
615 4343 778 4422 Superiori,
795 4347 826 4404 et
835 4343 872 4404 ab
886 4341 943 4402 hoo
957 4340 1144 4415 instituitur,
1160 4341 1187 4402 si
1203 4339 1329 4401 idoneus

49 4434 242 4514 repedatum
260 4437 292 4497 30
306 4451 359 4514 per
380 4431 583 4508 cellationes,
605 4448 676 4492 curn
690 4431 783 4492 libere
796 4429 978 4492 beneficium
993 4447 1031 4492 ex
1050 4430 1111 4492 solo
1127 4431 1196 4509 jure
1211 4425 1330 4489 Prelati

49 4523 159 4596 (henr,
177 4541 235 4586 nec
246 4521 310 4602 juri
323 4526 504 4603 patriciatus
519 4519 634 4582 subest.
651 4553 691 4566 -
703 4520 737 4581 S.
754 4519 824 4600 atq.
841 4539 872 4579 a.
887 4521 937 4582 85.
