3198 5034
219 215 264 278 48
747 221 957 268 anserinus

219 339 254 402 S.
270 339 353 421 Lip,
372 335 424 397 lib.
441 337 497 409 VI,
517 356 549 396 n.
573 338 643 399 314.
662 336 788 397 Constat
808 352 845 396 ex
861 333 949 397 Bulla
967 335 1078 398 Bened.
1098 336 1175 407 XIV,
1194 333 1270 397 Cum
1284 355 1405 418 semper,
1420 343 1494 414 etc,

219 444 336 490 necnon
357 444 394 488 ex
419 423 614 504 responsione
637 421 746 484 Leonis
767 425 836 497 XII,
850 424 920 503 qm,
939 422 1111 503 aCapitulc
1124 422 1345 486 cenomanensi
1359 423 1494 490 interro-

218 522 323 598 gatus,
339 533 373 577 eo
390 531 480 576 sensu
499 509 745 593 respondendum
762 529 826 574 esse
836 511 942 593 jussit.
957 547 996 556 -
1012 510 1154 588 Bouuier,
1171 511 1207 573 de
1221 521 1330 594 quarto
1346 513 1497 599 lfecalopi

239 623 314 666 raece
336 612 378 665 to.

216 623 238 686 p
259 697 293 754 2⁰
307 625 399 757 diissa
419 697 524 754 autem
543 687 770 752 conventualis:
786 693 818 751 ιο
837 688 975 768 quotidie
991 691 1125 752 canenda
1140 697 1201 765 est;
1222 695 1255 754 30
1275 690 1495 756 fundatoribus

219 787 251 844 et
261 778 503 844 benefactoribus
517 778 658 842 Ecclesia
672 777 707 840 in
725 795 833 858 genere
850 784 897 840 est
910 777 1098 859 applicanda.
1115 780 1262 841 Attamen
1273 779 1338 843 hac
1349 779 1494 861 obligatio

217 869 321 933 reduci
343 875 445 951 posset
465 887 485 931 a
503 867 539 930 S.
567 866 715 950 Conprep.
741 865 836 933 Cone.
856 867 896 928 ad
917 865 981 928 dles
1003 865 1112 942 festos,
1129 867 1156 930 si
1173 867 1317 931 Canonioi
1335 869 1399 932 sint
1419 871 1494 934 adeo

217 976 374 1040 pauperes,
389 962 427 1020 ut
438 955 695 1026 retributionibus
710 955 876 1018 Missurum
894 953 1054 1035 indigeant
1074 955 1114 1018 ad
1127 955 1306 1020 vivendum.
1323 994 1362 1003 —
1376 958 1426 1020 Ito
1440 978 1493 1020 ea-

215 1065 317 1128 pressc
331 1047 431 1129 quoad
444 1045 509 1109 hac
523 1044 627 1108 omnia
640 1043 821 1107 Benedictus
833 1045 901 1106 XIV
914 1043 948 1105 in
958 1044 1045 1106 Bulla
1059 1044 1163 1108 citata.

466 1233 524 1300 IV.
538 1269 585 1286 -
604 1231 724 1310 Quoad
740 1232 969 1300 assutentiam
987 1232 1162 1319 Episcopi,
1179 1238 1245 1300 etc.

258 1409 328 1468 lul.
345 1439 385 1450 -
401 1410 434 1467 ιο
449 1401 618 1466 Concilium
635 1401 734 1477 Tria,
751 1420 818 1463 sese.
834 1403 937 1475 XXIV,
953 1421 978 1462 c.
995 1401 1097 1476 x11,de
1110 1401 1258 1482 Reform,
1275 1400 1318 1464 sic
1330 1402 1441 1466 statuit
1453 1405 1493 1468 de

216 1493 376 1558 Canonicis
395 1490 634 1556 cathedralium:
651 1490 756 1552 Omnes
769 1488 991 1572 compellantur
1008 1489 1163 1571 Episcopo
1178 1488 1344 1552 celebranti
1356 1501 1410 1554 cut
1423 1493 1492 1557 clia

216 1581 414 1663 pontificalia
429 1582 583 1644 eaercenti
601 1579 738 1641 meere
754 1587 784 1640 et
798 1579 958 1640 inservire.
974 1582 1127 1641 Consonat
1138 1577 1351 1642 ceremoniale
1368 1580 1493 1661 Episco-

216 1688 338 1750 porum‚
355 1670 376 1731 l.
393 1673 417 1746 I,
435 1689 461 1732 c.
478 1688 531 1743 xv,
546 1675 577 1731 et
588 1668 729 1740 declarat,
749 1685 855 1730 omnes
866 1665 1031 1731 Cananicos
1046 1666 1143 1730 teneri
1162 1667 1322 1730 convenies
1332 1667 1367 1729 in
1378 1668 1493 1734 habitu

217 1758 383 1821 canonicali
407 1759 447 1820 ad
466 1759 567 1821 locum
588 1755 798 1836 designatum,
814 1761 844 1817 et
862 1754 1047 1835 Episcopum
1069 1755 1108 1817 ad
1129 1754 1284 1818 ecclesiam
1302 1755 1490 1822 Pontificalia

216 1845 375 1912 exercendi
389 1864 480 1909 causa
493 1844 737 1927 progredientem
756 1845 879 1918 ducere,
896 1849 925 1905 et
941 1843 1119 1905 redeuntem
1136 1842 1252 1924 pariter
1262 1843 1414 1907 comitari.
1431 1847 1488 1910 Sed

215 1934 273 1998 hoo
291 1943 338 1998 est
353 1934 604 2016 intelligendum,
622 1932 745 2014 quande
763 1931 798 1994 in
817 1930 1052 1994 solemnioribus
1069 1929 1154 1994 festis
1173 1931 1220 1994 vel
1236 1932 1424 1995 ceremoniis
1438 1953 1490 1997 ac·

216 2023 297 2088 cedit
310 2023 476 2105 Episcopus
493 2023 531 2086 ad
549 2021 706 2084 ecclesiam
722 2020 944 2092 celebraturus,
967 2020 1015 2082 vel
1036 2021 1124 2083 Sacro
1147 2019 1371 2096 interfuturus,
1394 2039 1492 2104 cappa

215 2110 359 2187 indutus,
386 2116 441 2174 aut
460 2108 688 2174 Pontificuihus
713 2107 940 2190 perfuncturus.
965 2113 1033 2172 Non
1051 2115 1156 2171 autem
1173 2114 1319 2171 tenentur
1341 2107 1491 2192 Episcopo

215 2200 362 2281 privatim
376 2197 540 2263 celebranti
552 2197 705 2260 assistere.

256 2293 289 2351 2⁰
312 2286 455 2352 Canonici
477 2287 605 2367 insuper
625 2291 813 2366 componunt
834 2285 998 2348 consilium
1022 2284 1173 2366 Episcopi.
1199 2284 1364 2366 Episcopus
1387 2287 1492 2366 enim,

215 2377 278 2439 nisi
288 2374 369 2439 adsit
383 2374 535 2438 contraria
548 2379 579 2436 et
591 2393 663 2438 vera
676 2375 881 2448 consuetudo,
901 2373 936 2437 in
948 2391 1021 2437 casu
1034 2373 1212 2454 particulari
1226 2375 1380 2455 postulare
1400 2375 1493 2441 debet

215 2463 379 2526 consilium
397 2463 639 2538 canonicorum,
663 2467 829 2544 antequam
851 2462 998 2526 mandata
1019 2461 1097 2525 ferat
1103 2482 1112 2539 ;
1135 2461 1189 2524 sed
1207 2480 1314 2526 eorum
1338 2479 1490 2529 consensu
1584 2511 1585 2517 .

215 2570 279 2613 non
292 2553 410 2633 indiget
424 2556 460 2615 ut
475 2570 510 2614 ea
524 2558 642 2615 statuat
657 2556 687 2613 et
701 2558 824 2632 urgeat,
838 2551 901 2615 nisi
918 2551 953 2614 in
972 2551 1093 2614 casibus
1108 2553 1178 2633 jure
1197 2551 1421 2616 determinatis.
1438 2553 1491 2617 Sic
1583 2605 1584 2617 .

214 2639 299 2702 enim
316 2641 426 2704 Bened.
443 2643 521 2718 XIV,
536 2642 573 2704 de
587 2641 699 2723 synod.
715 2641 736 2704 l.
753 2643 836 2718 Xlll,
847 2659 873 2702 c.
888 2660 915 2716 1,
932 2659 964 2703 n.
981 2645 1016 2716 8,
1031 2644 1071 2704 9:
1085 2640 1215 2703 Multum
1231 2639 1290 2701 leae
1305 2640 1340 2701 in
1356 2660 1390 2702 re
1404 2641 1492 2724 defe-
1582 2671 1583 2717 ;

214 2729 341 2792 rendum
359 2739 403 2792 est
421 2729 547 2792 iocorum
568 2728 811 2792 eoruuetudini...
834 2729 957 2792 Necesse
976 2731 1081 2812 utique
1100 2739 1237 2806 nonest,
1263 2739 1297 2790 ut
1317 2727 1492 2814 Episcopus
1581 2795 1582 2817 ,

215 2836 307 2880 nouas
323 2819 400 2903 lepes
411 2819 662 2902 promulpaturus
679 2820 770 2879 totius
784 2818 867 2881 Cleri
880 2819 1057 2882 seutentiam
1075 2817 1243 2900 efflapitet;
1253 2818 1306 2880 sed
1316 2822 1389 2880 satis
1403 2829 1447 2881 est
1460 2823 1496 2882 si

216 2905 354 2990 Capituli
364 2909 413 2970 sui
424 2905 583 2970 consilium
596 2917 749 2992 capescat,
765 2908 822 2969 etsi
833 2906 913 2970 illud
922 2908 1008 2990 sequi
1015 2927 1075 2968 non
1089 2915 1263 2969 tenentia...
1278 2907 1360 2982 Quin
1375 2911 1434 2970 imo
1449 2909 1490 2970 ab

214 2994 281 3076 apsa
295 2996 479 3078 ollipatione
495 2995 618 3079 petendi
631 2994 771 3078 Capituli
784 2995 944 3058 consilium
963 2995 1080 3058 solutus
1092 2995 1151 3058 erit
1164 2995 1353 3079 Episcopus,
1366 3001 1421 3079 qui
1431 3016 1492 3079 per

216 3081 350 3165 lepitime
365 3085 580 3168 praescriptam
599 3083 839 3147 consuetudinem
848 3085 903 3166 jus
920 3084 981 3146 eidi
992 3086 1168 3167 acquisierit
1187 3082 1267 3166 lepos
1282 3083 1430 3148 condendi
1434 3133 1444 3163 ,
1458 3098 1493 3148 et

208 3170 403 3254 publicandi,
419 3173 587 3236 inconsulto
603 3171 763 3254 Capitulc.

375 3361 418 3428 V.
430 3399 476 3412 ·-
496 3361 616 3439 Quoad
628 3381 777 3428 micuere
792 3361 1064 3438 Canonicorurn,
1083 3363 1158 3429 sede
1170 3369 1322 3430 adaucte.

253 3535 321 3594 ιιι.
338 3566 379 3576 -
393 3536 426 3595 ιο
437 3530 628 3612 Capitulum,
645 3530 715 3594 sede
729 3537 873 3606 vacante,
888 3529 1021 3593 succedit
1034 3529 1180 3610 Episcopo
1192 3529 1227 3592 in
1236 3527 1490 3611 jurisdictionem

211 3619 417 3696 ordinariam,
433 3638 497 3683 non
517 3638 588 3684 vero
605 3618 638 3682 in
657 3621 826 3700 delegatam
841 3638 859 3681 a
878 3621 1004 3681 Summo
1018 3615 1172 3679 Pontifice.
1189 3619 1235 3680 lta
1253 3635 1290 3680 ex
1307 3621 1380 3682 lum
1395 3637 1491 3684 canc

211 3706 294 3782 nico,
311 3708 574 3772 consentientibus
588 3709 733 3771 omnibus
748 3705 926 3770 canonistis.

251 3797 283 3854 2⁰
294 3797 472 3878 Capitulum
486 3802 610 3860 tenetur
618 3797 701 3858 intra
713 3802 778 3859 octe
789 3795 853 3858 dies
865 3795 1025 3858 Vicarium
1037 3795 1208 3877 generalem
1219 3802 1305 3859 const
1292 3795 1415 3872 timere,
1430 3805 1490 3862 aut

211 3879 410 3948 exsistentem
431 3883 623 3960 confirmare;
641 3883 765 3984 quod
740 3902 768 3946 ιι
786 3901 850 3946 non
863 3883 967 3947 fecerit
953 3887 1045 3965 t,jus
1064 3901 1137 3947 cum
1150 3885 1356 3948 constituendi
1371 3887 1409 3948 ad
1424 3891 1489 3952 Me-

210 3969 431 4047 tropolitanum
452 3972 687 4046 devolvitur,tet
702 3971 801 4053 ipsius
817 3971 936 4036 defectu
952 3973 991 4034 ad
1009 3970 1217 4053 antiquiorem
1235 3973 1484 4054 suffraganeum.

211 4053 259 4116 Sic
273 4059 384 4122 statuit
400 4059 490 4124 Cone.
508 4059 606 4139 Trid,
624 4080 694 4123 sess.
711 4063 816 4138 XXIV,
832 4080 860 4124 c.
876 4081 949 4136 ιιιι,
963 4059 1001 4123 dc
1016 4059 1150 4142 Resornr.

251 4145 284 4205 30
296 4146 372 4207 Tota
389 4148 566 4228 jurisdictio
586 4149 771 4231 Episcopalis
793 4149 931 4213 transit
921 4167 956 4211 ιιι
978 4148 1114 4213 Vicarios
1131 4151 1283 4230 generales
1300 4151 1486 4232 capitulares

209 4230 390 4308 regulariter
401 4233 524 4312 electos,
541 4255 596 4300 nec
614 4239 750 4321 ejusdem
771 4239 818 4303 vel
836 4235 1002 4300 minimam
1020 4242 1140 4319 partem
1155 4237 1332 4319 Capitulum
1345 4255 1437 4319 penes
1452 4259 1485 4302 se

210 4315 341 4382 retinere
359 4325 469 4400 potest.
491 4287 605 4388 Vicarii
624 4333 729 4390 autem
746 4327 835 4391 electi
853 4345 871 4389 a
886 4325 1050 4407 Capitulo
1037 4342 1104 4408 Jam
1121 4325 1249 4389 destitui
1263 4344 1326 4389 non
1336 4331 1482 4408 possunt,

209 4400 324 4470 nisiex
336 4425 511 4489 causaque
530 4431 548 4474 a
565 4414 602 4475 S.
625 4414 771 4498 Conprep.
788 4416 1008 4515 Episcoporum
1022 4423 1052 4478 et
1066 4413 1266 4498 Regularum
1282 4420 1319 4478 u
1305 4413 1484 4478 tsufflciens

209 4491 316 4570 agnita
338 4495 506 4561 fuerit-
525 4501 584 4563 Nec
602 4503 779 4584 Capitulum
798 4501 912 4567 condit'
889 4511 987 4565 nones
1006 4503 1084 4568 ullas
1103 4503 1196 4568 etiam
1216 4501 1354 4566 electioni
1366 4500 1482 4566 VicarIi
