3220 5042
476 207 517 250 us
544 205 780 252 ssensnnnro
806 205 1046 252 rmnrrnnrrn
1326 187 1394 250 263

163 317 251 398 nese.
268 322 300 382 t⁰
313 315 478 396 Nepesino,
495 316 523 380 si
538 322 647 396 egetur
660 316 698 380 do
711 315 848 380 censuris
861 316 900 384 eb
918 315 1044 381 homine
1059 333 1113 394 per
1125 314 1312 384 sententium
1326 333 1394 394 pcr-

17 393 18 400 ¹
122 406 298 478 tiouiarem,
315 409 351 466 ut
365 404 477 468 dicitur
491 404 525 466 in
539 414 629 466 tract.
646 403 682 464 de
697 403 852 466 Censoris.

162 493 253 574 Rccp.
270 497 301 556 κ’
317 512 325 556 :
342 492 374 556 Si
392 500 501 573 egetur
515 493 552 559 de
568 493 705 556 censuris
718 512 737 556 o
749 496 819 575 juro
832 499 887 556 sut
903 491 998 559 etiem
1012 493 1050 554 eb
1067 491 1193 558 homine
1206 510 1260 572 per
1273 500 1394 556 senten-

17 609 18 617 *
124 584 200 646 tiern
219 582 404 662 generalem,
422 581 643 664 officiendum
660 581 792 656 videtin,
807 587 908 650 stante
922 581 1035 648 eotuoli
1052 587 1083 646 et
1099 581 1256 646 communi
1271 599 1394 645 eonsue-

124 670 249 744 tudino,
262 677 369 737 contre
380 689 475 751 quum
487 670 641 738 munuli
655 689 717 736 non
729 671 910 744 reclamant,
924 669 994 735 licet
1006 669 1194 750 antiquiores
1206 668 1395 736 communis-

121 758 200 846 sime
213 760 405 840 negaverint
415 796 457 808 -—
470 759 579 824 Recole
594 759 676 822 dioto
690 758 882 841 superieceris
894 759 1060 841 peroptimo
1072 757 1255 823 abnuendo
1267 779 1289 820 c
1301 777 1397 820 rosec-

124 849 201 912 cetis
217 849 250 912 iu
268 849 361 929 ipsim
376 848 511 926 diecesi,
528 870 559 911 n.
574 853 648 923 573,
666 847 766 924 Ocurr-
781 852 826 915 5⁰.

163 941 236 1001 583.
246 973 287 983 -
298 941 400 1014 Quen.
415 941 468 1000 130
483 936 532 997 An
547 937 661 998 absolvi
672 937 787 1017 possint
799 935 957 1018 pereprini
970 958 988 996 o
1000 945 1124 1018 percote
1140 944 1306 1014 reservato,
1323 937 1349 996 ci
1365 935 1396 995 ire

121 1027 252 1106 proprio
264 1025 387 1090 dioeccsi
398 1027 591 1108 peccaverint
609 1034 637 1088 ct
651 1025 713 1088 alto
729 1023 770 1086 ed
785 1025 991 1106 confitendum
1001 1024 1228 1106 perrexerint?

164 1115 254 1196 Resp.
272 1115 351 1197 Nep.
368 1114 395 1176 si
413 1114 471 1177 elio
486 1115 615 1176 tendant
630 1115 757 1196 precise
777 1115 809 1174 in
822 1113 964 1194 fraudem
980 1113 1209 1190 reservationis,
1228 1118 1265 1176 nt
1279 1118 1397 1176 constet

122 1223 161 1268 ex
180 1203 267 1272 nulls
284 1205 431 1270 clement.
450 1207 495 1278 X,
511 1201 664 1284 Superior.
683 1207 750 1268 Non
766 1201 955 1267 conveniunt
973 1208 1076 1278 sutem
1097 1201 1226 1282 theologi
1245 1201 1396 1282 quomodo

123 1292 358 1374 indulgendum
371 1291 412 1356 sit
425 1294 456 1354 τὸ
470 1293 503 1355 ire
513 1293 667 1373 fraudem.
679 1296 773 1358 rorte
782 1291 1021 1374 probabiliorem
1033 1291 1212 1352 sententiam
1223 1289 1308 1356 enus
1317 1291 1398 1370 ejus-

123 1381 209 1446 modi
222 1381 398 1456 intercedit,
413 1382 537 1462 quando
551 1381 621 1462 quis
636 1381 768 1446 alienum
783 1379 860 1461 petit
873 1380 1028 1444 dioecesim
1042 1379 1080 1444 ob
1092 1379 1290 1462 principalem
1304 1376 1397 1444 tinem

124 1489 186 1532 non
206 1471 306 1534 solum
327 1471 505 1544 confitendi,
525 1470 689 1532 sedetiam
707 1468 880 1532 declinandi
895 1469 1050 1551 judicium
1068 1467 1184 1548 proprii
1198 1466 1340 1532 Posteris.
1358 1503 1397 1511 -

121 1557 159 1620 S.
173 1560 258 1642 Lip„
274 1579 306 1624 c.
324 1563 398 1635 1189,
416 1571 444 1626 et
458 1559 514 1624 alit
528 1561 734 1624 communiter.
748 1593 789 1610 -
802 1558 881 1620 Hine
895 1557 994 1620 vslide
1012 1555 1129 1624 eosotvi
1143 1556 1255 1636 peterit
1268 1555 1397 1636 peregri-

124 1666 200 1722 nus,
215 1647 242 1710 si
258 1649 368 1712 obierit
381 1648 416 1710 in
434 1649 567 1714 slensm
582 1647 739 1712 dioecesim
753 1647 791 1711 ob
805 1645 940 1726 aliquem
953 1646 1118 1710 honestum
1132 1644 1241 1718 finem,
1255 1651 1332 1724 pute
1344 1663 1397 1708 ne-

17 1793 19 1808 ,
125 1737 202 1816 gotii
211 1736 337 1816 egendi,
348 1737 396 1802 vel
409 1737 563 1805 lueronde
576 1734 775 1814 indulgentie
788 1752 893 1808 reuse,
905 1734 954 1798 vel
964 1739 1001 1797 ut
1011 1732 1191 1796 confiteatur
1199 1731 1313 1796 minori
1326 1750 1398 1794 curn

125 1825 334 1899 incommodo,
345 1831 401 1888 auc
415 1823 507 1889 citius
522 1822 740 1890 comessionem
754 1821 905 1902 perficiet,
917 1821 965 1886 uel
979 1825 1015 1884 ut
1025 1819 1251 1886 Conicesserium
1262 1818 1398 1898 incogni-

125 1919 197 1977 tum
215 1919 271 1978 sut
283 1912 513 1992 prudentiorem
527 1911 681 1984 inveniet,
701 1909 755 1991 qui
773 1909 885 1976 melius
899 1927 971 1974 eum
990 1907 1116 1986 diriget,
1133 1913 1164 1972 et
1178 1905 1396 1988 tranquillitati

125 2019 190 2063 snae
205 2000 394 2064 conscientiee
407 2000 561 2073 consulat,
576 2003 631 2061 out
645 1999 683 2062 ob
697 1998 758 2062 ulis
772 1997 889 2064 motivt
903 1997 1028 2062 similia,

654 2159 835 2250 erroneis
854 2196 865 2248 1

345 2346 379 2393 DE
398 2345 586 2396 snsott'ttotll
606 2347 721 2393 PROPRH
740 2345 885 2391 concutis
904 2346 931 2390 tn
951 2345 1073 2388 PECCATO
1093 2344 1176 2388 TURPI

164 2506 234 2566 581.
248 2535 289 2556 „-
302 2503 324 2563 1.
342 2502 451 2568 Nullus
470 2500 678 2568 decesseritis
696 2501 850 2566 absolvere
866 2504 964 2582 potest
978 2499 1153 2580 complicem
1170 2517 1264 2566 suum
1279 2496 1314 2562 in
1330 2517 1398 2580 pec-

125 2597 189 2657 cato
205 2589 303 2672 turpi;
322 2589 376 2672 qui
395 2597 501 2660 eutem
516 2589 672 2660 absolvere
690 2590 866 2672 praesumit,
884 2587 1232 2658 excommunicationem
1246 2590 1333 2668 Paper
1352 2606 1398 2650 re-

124 2686 277 2744 servatum
295 2676 360 2758 ipso
379 2677 456 2746 insto
475 2677 617 2744 incurrit.
634 2681 761 2744 constat
779 2697 817 2742 ex
834 2677 1058 2745 Constitutione
1073 2675 1227 2740 Benedicti
1245 2679 1323 2750 XIV,
1339 2674 1398 2738 sa-

122 2775 311 2828 cromentum
325 2765 532 2839 Pentecoste,
549 2770 564 2831 1
581 2764 668 2831 lunii
684 2771 772 2833 1711.
792 2769 870 2830 Item
888 2785 926 2833 ex
944 2766 1003 2830 elis
1021 2763 1248 2828 Constitutione
1262 2764 1398 2842 ejusdem

123 2852 294 2924 Pontificis,
311 2851 481 2932 Apostolos·
499 2855 650 2926 muneris,
670 2857 690 2918 8
710 2853 799 2918 Febr.
820 2859 908 2921 1745.
923 2888 965 2903 -·-
982 2856 1033 2915 Ex'
1048 2853 1134 2916 Bulle
1152 2856 1257 2915 autem
1275 2850 1322 2915 Pii
1340 2851 1395 2924 IX,

122 2940 309 3022 Apostolicoe
326 2937 427 3014 Sedis,
449 2939 593 3022 predica
610 2937 885 3004 excommunicatio
905 2941 1025 3022 speciali
1041 2941 1132 3004 modo
1145 2937 1283 3006 Pontifici
1302 2955 1397 3000 rescr-

124 3037 228 3104 vetur,
244 3028 302 3094 sub
316 3049 399 3090 ηωιι.
416 3033 469 3104 10;
486 3027 548 3094 imo
562 3034 593 3090 et
606 3047 644 3092 ex
658 3031 780 3092 Decreto
794 3033 825 3097 S.
841 3030 971 3109 inquis,
990 3034 1027 3110 17
1041 3034 1113 3094 lun.
1132 3032 1225 3102 1866,
1241 3045 1304 3090 non
1318 3045 1397 3093 ccm-

123 3117 325 3198 prehenditur
345 3116 380 3181 in
403 3115 537 3198 generali
557 3119 587 3180 et
607 3115 799 3196 amplissima
820 3115 963 3182 locultnte
986 3116 1161 3186 absolvendi
1188 3115 1225 3180 olt
1252 3114 1397 3180 omnibns

124 3207 246 3273 ensibus
260 3209 291 3273 S.
309 3205 378 3271 Sedi
392 3203 485 3272 etiem
500 3203 668 3287 specialiter
682 3205 859 3280 reservetis,
876 3205 938 3270 nisi
954 3223 1092 3286 expresse
1105 3204 1140 3272 in
1154 3205 1263 3271 scheda
1278 3221 1396 3268 conoes-

123 3294 219 3363 sionis
235 3299 433 3382 memoretur.
516 3329 520 3339 ·
1228 3288 1233 3300 '

165 3387 203 3451 11.
214 3381 420 3449 confessarius
430 3387 511 3446 curet
521 3381 606 3448 omui
612 3379 827 3464 jurisdictione
836 3383 1101 3449 odahsolveudum
1110 3381 1287 3462 complicem
1296 3381 1397 3462 quoni

125 3479 284 3552 peecatum
303 3475 390 3554 cujus
411 3470 472 3532 fruit
492 3468 651 3552 particeps.
671 3469 856 3532 lnsertnr'ex
868 3469 970 3536 verbis
987 3469 1137 3552 expressis
1156 3469 1266 3544 Butler,
1284 3469 1320 3531 in
1335 3487 1398 3550 qua

124 3561 259 3628 dieitur:
276 3559 408 3624 Sutura
423 3569 571 3644 pretereo
589 3559 638 3622 illl
657 3560 723 3643 ipso
736 3558 812 3640 jure
828 3579 1015 3642 quocumque
1029 3553 1207 3621 auctoritate
1222 3567 1251 3620 ct
1261 3556 1397 3640 jurisdi-

124 3650 222 3722 ertone
237 3651 278 3714 ed
291 3649 537 3732 qualemcumque
547 3668 714 3731 personum
732 3647 768 3712 ob
785 3647 960 3728 hujusmodi
976 3646 1071 3732 culpo
1085 3645 1311 3734 absolvendam.

245 3803 442 3880 Quaesita.

164 3951 234 4014 585.
249 3985 288 3994 -
301 3951 403 4024 Quen
419 3954 451 4011 1⁰
466 3947 546 4023 Quid
560 3949 661 4010 ueniret
676 3949 797 4010 noricine
813 3948 936 4029 pcccati
954 3948 1053 4029 turpis
1063 3947 1078 4005 ἰ)

163 4037 252 4120 desp.
267 4055 279 4100 .·
298 4036 391 4100 Venit
404 4055 495 4099 omne
513 4041 671 4116 peccatum
685 4055 777 4116 grem
792 4036 926 4100 exterius
942 4035 1143 4100 commissum
1157 4039 1262 4098 conus
1274 4040 1397 4098 sextum

125 4133 311 4206 preceptum
330 4125 480 4204 decalogi,
496 4124 620 4188 etinmsi
638 4143 702 4188 non
719 4125 762 4188 sit
778 4125 886 4204 copule
904 4129 1169 4198 consummatum,
1186 4128 1241 4186 eut
1259 4123 1300 4186 sit
1316 4123 1399 4186 solus

126 4215 226 4277 tactus
248 4214 362 4296 turpis;
385 4213 448 4278 imo
470 4211 592 4276 etiarnsi
614 4213 650 4276 in
672 4212 766 4276 meris
785 4213 942 4293 sollemnis
968 4218 998 4275 et
1017 4210 1209 4292 adspectibus
1231 4210 1396 4286 minat,

123 4310 215 4377 prom
231 4301 395 4366 declarent
410 4301 445 4364 S.
460 4301 593 4382 loquis,
611 4301 685 4362 Fer.
700 4321 743 4376 tu,
759 4305 800 4366 28
815 4301 892 4362 Maii
906 4306 996 4365 1873.

165 4391 346 4473 Reqrriritur
358 4398 477 4464 sutem,
491 4395 529 4452 ut
539 4407 579 4452 *er
591 4396 721 4468 utraque
734 4393 818 4470 perte
832 4389 913 4452 adsit
923 4396 1081 4470 peccatum
1094 4391 1221 4454 mmtale
1233 4410 1296 4454 non
1306 4391 1398 4454 modo

127 4474 301 4556 internum,
322 4480 374 4596 spd
395 4477 488 4542 etiem
509 4477 543 4540 in
566 4475 682 4558 rationo
702 4486 789 4542 ectus
805 4478 939 4554 externi,
960 4485 990 4542 et
1009 4497 1080 4544 curn
1104 4479 1224 4544 formali
1242 4477 1396 4560 complici·
