3180 5040
612 748 836 860 INDEX

238 1022 348 1093 coru
373 1023 405 1092 11
430 967 682 1094 cauraunu
708 1019 983 1090 Turonorum
1009 1021 1209 1094 uanius

297 1553 527 1618 'FRACTATUS
547 1553 598 1616 DE
619 1551 806 1615 sutrinus
828 1552 1156 1617 PARTICULARIBUS

617 1725 706 1782 PARS
724 1725 835 1782 PRIMA

546 1860 584 1902 ou
608 1861 711 1905 sraru
735 1859 908 1902 narconuu

88 1999 148 2048 cip.
166 1996 187 2045 l.
205 2019 236 2032 -
252 1994 289 2044 De
304 1989 511 2056 obtiqatioaibua
525 1989 654 2054 judicum.
686 2023 1286 2044 ....................
1351 2001 1364 2047 1

118 2064 256 2132 Appendix
268 2065 288 2114 1.
300 2091 330 2100 -
343 2064 379 2113 De
389 2061 492 2126 juretis.
525 2095 1282 2114 .........................
1352 2071 1365 2117 t

117 2135 255 2202 appendix
267 2135 391 2185 lt.-De
407 2132 518 2183 arbitris.
556 2167 750 2182 .......
755 2149 758 2156 ’
775 2167 1282 2186 .................
1298 2133 1365 2187 ibid.

86 2228 146 2277 cst.
165 2225 199 2274 Π.
220 2250 250 2259 -
269 2223 306 2272 De
322 2219 533 2286 obligationibus
546 2220 669 2270 aduocati
683 2222 709 2268 et
716 2220 898 2284 proca-atores
901 2255 1285 2274 .............
1352 2231 1366 2274 5

85 2315 146 2364 οη,
165 2311 211 2362 Ill.
224 2336 256 2348 -
273 2311 310 2359 De
326 2306 536 2374 obtiyatioaibua
550 2307 721 2372 apparitoris.
750 2342 1286 2361 ..................
1353 2317 1367 2361 8

86 2403 146 2453 cip.
166 2399 252 2450 ΠΙ.-
268 2399 304 2446 De
320 2395 527 2461 obtiyationibus
539 2393 687 2446 serenatae
699 2396 725 2444 et
739 2395 902 2444 notariorum
907 2430 1286 2447 .............
1354 2403 1368 2448 9

115 2473 136 2523 1.
155 2497 189 2508 -
207 2469 243 2519 De
260 2467 350 2518 scribis
367 2481 412 2517 seu
427 2465 568 2518 secretariis
571 2499 1282 2516 ........................
1301 2467 1365 2517 ibid.

115 2543 148 2594 11.
167 2569 202 2579 -
218 2540 253 2590 De
270 2539 377 2590 notariis
379 2571 1283 2589 ..............................
1302 2537 1367 2589 ibid.

86 2634 147 2682 cip.
161 2632 196 2680 V.
212 2655 244 2665 -
260 2628 299 2676 De
313 2625 523 2692 obtiqatioaibuo
537 2627 698 2674 aoccaatoris
709 2627 735 2672 et
747 2625 786 2672 rei
789 2657 1287 2677 .................
1340 2633 1368 2678 11

117 2703 138 2752 1.
153 2727 187 2738 -
203 2701 239 2748 De
256 2702 402 2747 accusatore
405 2726 1285 2745 .............................
1303 2695 1369 2746 ibid.

118 2772 198 2821 11.-
215 2769 251 2818 De
270 2779 312 2815 reo
316 2795 1289 2816 ................................
1341 2772 1371 2817 12

85 2861 148 2910 οη,
167 2855 213 2905 Vl.
229 2879 260 2890 -
273 2853 311 2902 De
321 2850 482 2914 ottiyatione
496 2850 598 2900 testium
601 2881 1289 2904 .......................
1341 2857 1371 2906 13

84 2948 147 2997 Can.
166 2941 225 2991 Vll.
237 2965 269 2978 -
281 2940 320 2988 De
332 2935 540 3002 obtiyotionibat
554 2935 714 2986 medicorum
720 2971 729 2996 ,
743 2934 966 3000 chiruryicoiuau,
978 2938 1005 2986 ct
1011 2935 1290 3004 pharmacopotorum.
1339 2945 1370 2994 tt

83 3035 148 3084 ω,
166 3029 236 3080 vtll.
253 3054 284 3064 -
300 3027 338 3076 De
354 3021 563 3089 ottiootioaibue
579 3022 715 3073 aestuatum
719 3057 1287 3080 ...................
1341 3034 1370 3080 16

82 3123 147 3172 ω,
167 3118 212 3168 lx.
224 3143 256 3152 -
273 3117 310 3166 De
324 3115 398 3165 etotu
412 3113 544 3177 artificum
558 3113 583 3162 ct
598 3111 718 3176 opificum
723 3145 974 3162 .........
986 3189 989 3194 ,
998 3145 1289 3169 ..........
1342 3121 1371 3166 17

600 3286 691 3346 PARS
710 3289 871 3346 SECUNDA

528 3425 568 3466 nn
591 3424 693 3466 srrru
718 3424 936 3467 cnarrconuu

83 3573 150 3623 erp.
171 3569 192 3620 Ι.
202 3592 242 3648 ¹-
258 3566 295 3615 De
315 3562 523 3632 obtioationitue
541 3561 722 3613 communibus
741 3561 900 3614 Ctericorum
920 3565 976 3613 tum
986 3564 1124 3628 positivis,
1141 3567 1196 3616 tum
1213 3577 1294 3632 naqa-

117 3643 855 3772 riti-Lae·a1·1g·a0tau;130aa'setiaim]
878 3669 887 3756 ἶ
909 3669 917 3756 1
941 3669 948 3757 3
972 3670 979 3756 ζ
1003 3669 1011 3756 ἶ
1034 3669 1043 3757 ἶ
1066 3672 1073 3758 ζ
1096 3669 1136 3759 1:
1159 3671 1168 3758 ἶ
1190 3671 1199 3760 :
1221 3671 1230 3760 :
1252 3673 1261 3760 :
1285 3643 1374 3761 ἶεωῖἶ.

155 3788 170 3844 5
188 3795 205 3831 1.
223 3807 255 3818 -
271 3781 308 3830 De
318 3779 377 3830 vitae
390 3777 533 3829 sanctitate.
564 3811 1289 3831 ........................
1307 3779 1373 3833 ibid.

153 3859 169 3915 5
187 3867 214 3904 11.
231 3879 264 3889 -
280 3853 315 3901 De
329 3849 448 3902 celibatu
468 3883 1293 3902 ...........................
1344 3859 1374 3906 19

153 3929 267 3986 em.-
283 3923 318 3972 De
331 3921 473 3986 gestatione
485 3920 589 3972 habitin
601 3923 752 3970 attonsurae
755 3954 1293 3974 ..................
1344 3931 1373 3976 21

152 4009 169 4065 5
186 4017 222 4053 rv.
232 4028 263 4041 -
280 4003 316 4051 De
330 4001 478 4052 recitatione
493 4002 619 4052 Horarum
637 3999 822 4050 canonicarum
838 4012 882 4049 scu
901 3999 982 4049 divini
994 3999 1068 4051 officii
1072 4037 1293 4055 ........
1345 4011 1374 4056 ia

188 4076 315 4124 Punctum
329 4073 438 4123 1.-De
454 4070 610 4134 obligatione
624 4069 745 4122 recitandi
749 4107 1291 4125 ..................
1308 4075 1373 4127 ibid.

223 4146 359 4194 Decretum
373 4143 400 4193 S.
419 4145 514 4206 congr.
536 4141 586 4193 itit.
609 4141 677 4192 circa
695 4140 848 4192 hodiernam
868 4142 1065 4192 Generuancnsis
1086 4141 1205 4196 Ecclesiae
1221 4145 1296 4198 litur-

254 4213 324 4278 giam
339 4220 368 4264 to
381 4215 439 4264 tan.
455 4217 517 4263 1852
519 4246 1294 4268 ..........................
1346 4223 1375 4270 25

189 4287 317 4336 Punctum
328 4297 354 4334 n.
367 4309 400 4322 —
413 4281 449 4333 Dc
463 4287 576 4347 tempore
590 4285 615 4333 et
631 4283 685 4333 ioco
702 4289 727 4334 et
742 4285 854 4348 cornone
874 4283 924 4336 situ
938 4284 1030 4336 debitis
1042 4286 1076 4337 ad
1093 4289 1174 4339 Horas
1188 4287 1297 4339 rautno-

221 4355 268 4407 das
272 4389 1293 4412 ..................................
1345 4367 1376 4413 te

222 4427 285 4478 1.-
299 4426 388 4485 Quoad
400 4427 503 4490 tempus
504 4459 1291 4482 ..........................
1308 4431 1374 4485 totu.

223 4499 254 4550 11.
268 4525 299 4537 -
312 4497 400 4556 Quoad
412 4496 498 4550 lecum
510 4499 536 4548 ct
549 4497 627 4548 situm
630 4533 1293 4555 ......................
1345 4509 1374 4555 ne
