3206 5042
214 208 281 268 384
748 204 956 251 recasurus

214 337 384 408 utramrque
404 329 451 387 est
474 319 713 402 exprimendum
733 317 767 379 in
792 313 1012 397 supplicatione
1033 315 1071 377 ad
1092 314 1380 398 Panitentiariam;
1401 325 1502 404 ratio,

215 419 288 502 quia
307 435 347 480 ex
366 413 455 477 dictis
470 408 731 491 dispensationem
746 404 946 467 difficiliorem
965 403 1109 466 reddunt.
1126 404 1272 468 Habenda
1286 427 1358 471 vero
1373 420 1450 478 sunt
1463 423 1504 480 ut

215 528 275 570 acu
292 506 467 587 desparata,
486 499 608 581 quando
627 500 701 558 sunt
721 493 790 557 talis
812 491 956 564 rationis,
972 499 1009 554 ut
1023 494 1186 573 conjuncta
1201 493 1332 558 aderaut
1350 504 1503 582 majorem

216 591 453 676 repugnantiam
471 589 510 651 ad
528 583 761 651 Matrimonium
781 580 1041 655 contrahendum,
1057 584 1146 660 puta,
1163 580 1191 644 si
1204 583 1276 664 quis
1295 587 1370 650 velit
1388 590 1501 656 ducere

218 682 490 763 consanguineam,
516 678 604 757 cujus
633 690 766 737 sororem
795 668 926 750 turpiter
949 669 1107 750 cognorit;
1136 675 1212 733 tunc
1236 673 1322 737 enim
1347 676 1500 742 difficilior

218 772 356 836 redditur
376 766 571 848 dispensatio.
590 763 669 827 Hinc
691 761 725 824 in
748 758 871 840 praefato
890 775 963 820 casn
982 763 1085 820 orator
1102 762 1202 838 petere
1222 760 1347 826 debete
1366 765 1500 830 Dalana

219 859 479 942 dispensationem
511 855 549 918 ab
579 850 800 932 impedimento
832 845 1128 926 consanguinitatis
1158 851 1188 911 et
1217 868 1236 911 a
1261 849 1498 919 Paenitentiaria

220 947 480 1030 dispensationem
500 943 538 1005 ab
561 939 781 1020 impedimento
800 935 958 998 affinitatis
977 953 1123 998 excausa
1143 935 1266 1012 illicita,
1291 940 1386 1005 simul
1407 963 1496 1024 expo-

220 1039 321 1101 nendo
339 1035 432 1097 aliam
450 1029 709 1111 dispensationem
729 1045 748 1088 a
766 1025 900 1087 Βατανέα
920 1023 1090 1086 obtentam.
1106 1025 1212 1088 —Ita
1231 1035 1438 1094 communiter.
1459 1069 1498 1078 -

222 1127 257 1187 S.
273 1127 312 1186 Li
336 1143 387 1184 .u.
404 1123 492 1185 ttae.

263 1145 334 1278 md
351 1247 393 1258 -
411 1213 512 1286 Quina.
536 1211 570 1269 2⁰
588 1206 640 1266 Au
661 1200 876 1266 recurrendum
896 1202 937 1262 sit
955 1199 996 1262 ad
1011 1199 1137 1262 Sacram
1156 1205 1444 1283 Ptnnrrnarrsalsrt,
1465 1221 1497 1270 ut

222 1299 452 1366 circumstantia
467 1295 581 1378 capace
598 1291 711 1354 occulte
724 1291 835 1353 habitae
850 1290 933 1351 iuter
947 1289 1181 1372 consanguineos
1195 1294 1425 1374 manifestetur?

265 1392 354 1471 Hesp.
370 1394 402 1450 1⁰
420 1407 427 1448 :
448 1389 573 1448 Certum
592 1388 639 1444 ost
657 1399 719 1443 non
737 1379 804 1442 dari
821 1377 1039 1458 obligationem
1057 1379 1229 1458 exponendi
1245 1383 1382 1464 copulam
1400 1386 1499 1448 occut-

227 1491 288 1542 tam
301 1478 336 1539 in
350 1474 496 1556 petitione
510 1473 548 1534 ad
562 1469 718 1533 Datariam
730 1487 785 1549 pro
799 1467 1021 1547 impedimento
1035 1467 1319 1547 consanguinitatis.
1331 1473 1421 1535 Ratio
1432 1481 1498 1548 est,

225 1567 299 1649 quia
317 1583 408 1628 nemo
426 1567 550 1626 tenetur
568 1579 600 1622 se
614 1557 787 1631 diffamare,
804 1562 834 1618 et
848 1555 973 1620 aliunde
987 1556 1051 1620 baec
1069 1556 1210 1620 revelatio
1221 1558 1343 1639 publica
1357 1559 1501 1624 incestus

227 1654 337 1719 occulti
352 1671 415 1715 aron
431 1648 616 1731 praecipitur.

268 1745 356 1822 Hesp.
370 1745 424 1802 2⁰:
444 1744 513 1802 Haec
528 1743 633 1799 autem
650 1734 882 1799 circumstantia
903 1732 1128 1796 manifestanda
1141 1740 1187 1797 cst
1203 1737 1234 1799 S.
1249 1735 1500 1802 Paenitentiariae.

227 1831 316 1898 Ratio
330 1836 392 1904 est,
408 1829 482 1910 quia
498 1825 668 1908 generatim
682 1823 903 1906 prescribitur,
924 1829 961 1886 ut
979 1829 1150 1903 exponatur
1169 1825 1275 1906 copula
1294 1823 1400 1888 habita
1418 1827 1503 1890 inter

229 1918 470 2000 consanguineos
485 1917 540 1998 qui
563 1914 797 1978 Matrimonium
813 1911 892 1974 inire
911 1911 1030 1974 volunt.
1048 1915 1118 1975 tam
1137 1931 1224 1988 vero,
1238 1929 1311 1976 cum
1329 1918 1446 1978 certum
1465 1917 1504 1978 sit

230 2028 291 2072 non
310 2007 377 2070 dari
395 2004 612 2086 obligationem
629 2001 798 2084 exponendi
818 2000 957 2080 copulam
975 2000 1125 2063 occultam
1146 1999 1180 2062 in
1194 1999 1341 2082 petitione
1358 2005 1395 2066 ad
1409 2004 1502 2066 Bata-

230 2100 323 2174 riam,
336 2095 410 2176 quia
424 2111 514 2156 nemo
527 2098 650 2156 tenetur
661 2109 725 2154 sese
739 2089 914 2165 diffamare,
926 2107 981 2152 nec
995 2088 1115 2152 dicatur
1127 2089 1162 2151 in
1174 2097 1323 2173 praecepto
1336 2091 1502 2154 taciendam

233 2204 297 2249 esse
315 2183 527 2246 revelationem
549 2180 704 2264 patticam
723 2179 857 2241 incestus
877 2177 1000 2255 occulti,
1023 2177 1178 2258 sequitur,
1200 2182 1340 2261 copulam
1356 2181 1504 2244 occultam

233 2275 341 2338 saltem
361 2279 473 2335 secreta
495 2268 741 2333 manifestatione
762 2268 843 2348 apud
864 2266 1128 2329 Paenitentiariam
1150 2269 1346 2348 aperiendam
1366 2288 1447 2343 esse,
1468 2289 1504 2331 nc
1591 2309 1592 2314 κ

233 2364 282 2425 lea
303 2361 425 2424 inutilis
449 2360 576 2422 omnino
595 2358 719 2429 evadat,
742 2362 771 2418 et
791 2374 810 2416 a
830 2361 912 2418 certa
932 2355 996 2435 lege
1021 2355 1135 2436 absque
1159 2357 1221 2420 ulla
1242 2376 1336 2421 causa
1355 2359 1505 2438 exemptio

233 2449 424 2512 concedatur.
446 2448 549 2509 Plures
570 2445 645 2507 olim
668 2443 842 2525 oppositum
861 2445 1025 2519 tenebant;
1047 2445 1100 2507 scd
1117 2444 1207 2508 hodie
1228 2464 1290 2509 non
1312 2445 1506 2528 estamplius

233 2537 270 2598 de
284 2537 340 2597 hcc
354 2533 578 2609 dubitandum,
597 2532 641 2595 ait
657 2533 693 2595 S.
708 2532 791 2614 Δία,
808 2552 840 2595 α.
855 2537 949 2607 trab,
965 2539 1034 2613 post
1045 2533 1163 2598 Bullam
1176 2533 1285 2598 Bened.
1303 2537 1382 2608 XIV,
1397 2536 1508 2598 Pastor
1590 2535 1591 2562 ¹

237 2625 338 2686 boatu.
1590 2653 1591 2682 r

275 2717 346 2777 879.
362 2747 402 2758 -
420 2715 523 2787 Qum.
546 2715 578 2776 3ο
593 2709 642 2771 Aa
664 2709 763 2774 ualeat
779 2711 963 2794 dispensatio
979 2713 1076 2795 petita
1093 2713 1125 2772 iu
1146 2709 1244 2791 [omna
1264 2727 1454 2792 pauperum,
1479 2715 1512 2771 si
1590 2761 1591 2780 ,

236 2812 369 2864 oratores
383 2821 444 2862 uon
459 2801 523 2862 siut
534 2798 704 2882 pauperes?
1590 2783 1591 2840 l

276 2889 367 2973 Bcsp.
387 2889 516 2971 Affirm.
532 2888 621 2953 Ratio
637 2892 696 2964 est,
711 2889 784 2971 quia
798 2889 934 2969 obreptio
948 2889 1030 2953 eadit
1042 2895 1166 2952 tantum
1180 2887 1214 2950 in
1226 2905 1351 2950 caumm
1367 2887 1508 2967 impulsi·

237 2998 326 3053 vam,
342 2996 405 3041 non
424 2983 528 3040 autem
548 2977 581 3039 in
602 2977 752 3041 motivam
772 2996 826 3040 seu
842 2978 980 3054 finalem;
999 2983 1161 3059 paupertas
1175 2977 1260 3040 enim
1274 2995 1337 3040 non
1355 2983 1403 3039 est
1415 2975 1507 3049 ratic,

237 3069 275 3132 ob
288 3085 382 3148 quam
394 3065 568 3128 conceditur
580 3065 784 3146 dispensatio,
797 3067 849 3128 sed
861 3067 899 3129 ob
912 3085 1006 3148 quam
1018 3067 1193 3130 conceditur
1204 3069 1313 3149 pratis.
1326 3066 1411 3129 Unde
1421 3063 1511 3126 debet

238 3174 357 3237 semper
369 3156 474 3218 adesse
486 3154 545 3217 alia
557 3172 648 3218 causa
661 3155 837 3218 motiva—
847 3155 895 3218 Ita
910 3156 946 3218 S.
962 3155 1047 3238 Lip,
1064 3157 1096 3217 iu
1109 3155 1202 3218 Hom.
1219 3164 1331 3238 apost,
1345 3175 1377 3214 u.
1391 3157 1442 3227 87,
1457 3152 1512 3214 ubi

238 3244 313 3309 dicit
326 3243 382 3307 hoc
395 3250 533 3308 constare
547 3261 586 3307 ex
598 3243 753 3307 Decisione
769 3244 806 3306 S.
823 3243 935 3328 Conpr.
949 3248 969 3309 9
981 3243 1170 3326 Septembris
1183 3247 1274 3308 1679.
1288 3245 1456 3322 -Negant
1469 3247 1513 3302 ta-
1589 3293 1590 3324 p

238 3351 312 3396 men
333 3333 445 3416 aliqui,
466 3332 540 3413 qnia
559 3331 680 3413 (aiunt)
696 3337 776 3412 Papa
791 3332 967 3414 dispensare
985 3352 1048 3396 non
1067 3332 1204 3397 intendit
1219 3333 1281 3396 nisi
1297 3349 1367 3394 cum
1381 3328 1514 3410 illisqui
1589 3339 1590 3396 l

239 3441 309 3486 vere
323 3427 397 3484 sunt
409 3439 566 3502 pauperes.
582 3455 624 3467 —-
636 3421 782 3502 Lacroia,
796 3443 827 3484 u.
840 3426 910 3486 859.
925 3457 966 3469 -
981 3421 1122 3502 Goussat,
1136 3443 1167 3485 u.
1180 3425 1251 3487 866.

280 3514 315 3574 In
333 3510 421 3592 praxi
438 3515 558 3586 eutem,
574 3509 645 3573 licet
663 3516 784 3590 peccent
803 3511 936 3592 graviter
955 3511 1000 3574 illi
1019 3512 1074 3594 qui
1092 3511 1235 3575 obtinent
1254 3505 1515 3590 dispensationem

239 3599 389 3664 informa
405 3616 589 3680 pauperum,
608 3616 680 3661 cnm
695 3618 759 3662 non
776 3599 839 3663 sint
855 3619 1017 3682 pauperes,
1034 3607 1173 3664 attamen
1189 3604 1343 3662 contracto
1360 3595 1514 3661 Matrimo-

240 3688 307 3763 nio,
323 3688 447 3751 videtur
466 3688 548 3767 quod
572 3687 719 3750 standum
739 3687 780 3751 sit
800 3707 854 3770 pro
873 3689 958 3752 illius
974 3689 1090 3766 valore,
1114 3689 1223 3751 saltem
1243 3687 1281 3750 ob
1302 3683 1515 3749 auctoritatem
1588 3759 1589 3774 χ

239 3775 275 3841 S.
290 3776 360 3859 Lz'p.
377 3781 409 3841 et
426 3775 462 3838 S.
482 3775 609 3857 Canac„
631 3776 694 3839 nisi
711 3778 857 3857 probetur
872 3777 953 3842 hanc
970 3777 1210 3842 Declaraticnem
1227 3773 1442 3840 authenticam
1458 3789 1515 3835 non
1588 3839 1589 3860 ἦ

240 3885 315 3930 osse.

281 3957 382 4029 Quas.
399 3959 431 4019 4⁰
449 3955 581 4032 Quinam
595 3954 734 4018 censendi
748 3959 810 4018 siat
821 3957 992 4040 pauperes?

284 4043 372 4123 Hesp.
385 4063 397 4105 .·
413 4047 460 4107 Ex
477 4049 550 4108 ture
567 4043 710 4107 canonico
728 4045 840 4108 debent
855 4063 921 4110 esse
939 4047 1041 4128 aliquo
1062 4047 1153 4110 modo
1169 4043 1373 4117 caumaliter,
1393 4060 1468 4106 cum
1486 4040 1518 4101 de

242 4127 322 4210 stylo
335 4130 434 4194 curia
448 4132 491 4196 sic
505 4132 610 4196 confici
624 4133 730 4196 debeat
746 4133 870 4215 petitio:
886 4136 1025 4199 Oratores
1038 4154 1186 4220 pauperes
1197 4144 1227 4198 et
1240 4130 1430 4196 miserabiles
1445 4129 1520 4193 easi-

241 4225 337 4293 stuut‚
351 4227 439 4300 atque
451 4241 490 4282 ea
505 4221 605 4284 labore
620 4232 649 4284 et
663 4222 817 4286 industria
832 4243 885 4286 scra
900 4226 1017 4288 uiuunt.
1032 4228 1068 4288 In
1081 4223 1170 4307 praxi
1186 4222 1387 4304 exponendus
1401 4225 1450 4284 est
1464 4223 1521 4282 sta·

242 4315 294 4372 tus
308 4306 453 4384 fortuna,
468 4311 516 4373 vel
532 4312 679 4374 eandum
693 4318 740 4375 est
754 4312 868 4392 regulis
882 4313 920 4376 ab
935 4313 1082 4396 Episcopo
1098 4313 1191 4378 datis.

283 4399 329 4460 Ex
350 4398 556 4463 Declaratione
577 4419 595 4463 a
615 4400 794 4465 Rectorihns
816 4402 987 4483 apostolicae
1011 4403 1144 4468 Datariae
1167 4420 1249 4466 anno
1268 4405 1346 4466 sest
1371 4401 1464 4474 data,
1483 4395 1525 4460 illi

243 4486 407 4564 reputandi
423 4494 499 4552 sunt
513 4508 676 4572 pauperes,
694 4508 828 4574 quorum
846 4490 970 4557 fortuna
988 4493 1123 4557 valorem
1142 4495 1236 4570 5,000
1254 4489 1293 4555 ir.
1309 4507 1374 4554 non
1389 4486 1526 4552 excedit:
