3206 5042
647 341 690 384 un
711 340 884 384 cannsunrs
1334 331 1403 390 toa

133 453 237 517 stricte
251 451 486 530 interpretandae
496 454 588 532 juxta
607 451 742 530 regulam
761 451 862 513 turis:
883 451 961 512 Odia
979 452 1140 534 rostrinpi,
1156 452 1277 530 favores
1296 475 1402 517 cortuc-

131 544 177 603 m't
189 540 345 622 ampliari.

170 635 202 702 ⁴⁰.
215 629 286 690 Non
306 649 385 689 merc
406 631 616 710 praeterituram
635 628 709 708 quia
729 647 857 692 censura
875 633 921 690 est
940 647 1030 708 poena
1049 629 1252 704 medicinalis,
1273 647 1402 711 quaque

129 719 254 800 proinde
280 717 353 779 ferri
377 735 440 779 non
458 723 558 797 potest
581 717 612 778 in
635 736 683 779 eos
707 717 762 798 qui
782 720 848 799 jam
868 718 905 780 ad
929 717 1084 780 meliorem
1103 719 1222 798 frugem
1241 737 1304 781 sese
1323 737 1402 782 rece·

130 811 252 886 perunt.

170 899 202 958 5⁰
220 895 426 977 Conjunctum
441 915 507 957 cum
527 897 733 972 contumacia,
753 895 849 958 idest
868 915 939 958 cum
958 896 1084 958 virtuali
1103 897 1210 958 saltem
1232 901 1402 976 contemptu

130 990 234 1046 contra
252 983 391 1046 Ecclesiae
405 985 501 1063 legem
518 1003 572 1046 seu
587 993 784 1064 praeceptum.
800 985 888 1048 Ratio
902 989 961 1058 est,
978 985 1051 1063 quia
1064 984 1135 1046 finis
1150 987 1321 1065 precipuus
1336 1003 1403 1048 cen-

130 1090 209 1135 surae
223 1081 271 1134 est
284 1073 483 1152 pertinaciam
499 1071 645 1151 frangere.
664 1107 701 1118 -
724 1071 757 1134 V.
776 1072 812 1134 S.
829 1073 910 1153 tq,
928 1095 959 1134 n.
978 1077 1018 1136 30
1032 1084 1132 1154 etseq.

253 1226 464 1291 Resolves.

170 1381 241 1442 935.
264 1414 302 1426 -
328 1387 360 1442 -1ο
380 1379 437 1455 Qui
460 1399 478 1441 a
503 1379 589 1460 graui
609 1380 697 1460 culpa
716 1387 878 1444 excusatur
898 1381 936 1442 oh
962 1381 1098 1460 aliquam
1122 1379 1400 1456 circumstantiam,

130 1466 223 1529 etiam
238 1487 256 1529 a
271 1487 399 1530 censura
413 1474 586 1542 excusatur,
602 1468 672 1530 licet
686 1469 814 1531 materia
829 1469 869 1531 sit
884 1469 917 1531 in
932 1487 963 1531 se
977 1469 1088 1550 gravis.

169 1559 201 1617 2⁰
226 1557 257 1618 Si
281 1557 356 1637 quid
380 1557 505 1619 omnino
526 1558 590 1620 lere
615 1558 671 1620 sub
693 1576 821 1621 censura
843 1559 1047 1638 praecipiatur,
1070 1558 1133 1622 hac
1152 1576 1214 1620 non
1233 1558 1404 1621 incurritur

131 1645 217 1706 niodo
231 1665 295 1719 res,
311 1646 469 1724 qualevis
484 1647 540 1708 suh
556 1646 658 1726 aliquo
672 1654 810 1727 respectu
825 1653 962 1727 apparet,
979 1647 1101 1708 aliunde
1116 1647 1216 1726 gravis
1231 1666 1293 1709 non
1309 1648 1372 1709 liat.

170 1737 202 1795 3⁰
229 1734 443 1812 imprudenter
462 1741 492 1796 et
513 1733 632 1807 illicite,
658 1736 710 1796 sod
733 1735 831 1798 valide
855 1741 959 1796 tamen
986 1737 1087 1812 ageret
1107 1735 1258 1811 Superior,
1284 1733 1338 1814 qui
1366 1734 1403 1795 ob

131 1821 301 1898 quamlibet
325 1839 449 1900 gravem
476 1823 596 1902 culpam
620 1839 780 1884 censuram
802 1821 908 1898 terret;
930 1821 1001 1883 linis
1020 1821 1104 1882 enim
1120 1821 1257 1884 Ecclesiae
1276 1825 1322 1883 est
1336 1839 1403 1900 gra-

131 1905 215 1969 viora
229 1912 352 1970 tantum
369 1908 499 1971 crimina
513 1909 633 1990 punire.

169 2000 202 2057 d⁰
217 1997 518 2074 Excommunicatio,
535 2015 603 2078 quae
622 1997 735 2060 dicitur
749 1997 821 2060 ferri
841 1999 869 2058 in
889 1999 1034 2059 animatia
1051 2001 1171 2076 nociva,
1189 2017 1218 2060 v.
1237 2016 1294 2077 gr,
1312 1996 1347 2058 in
1361 1997 1404 2059 lo-

130 2091 249 2160 custas,
267 2104 329 2149 non
343 2091 388 2149 est
406 2087 682 2150 excommunicatio
700 2087 819 2169 proprie
835 2086 929 2164 dicta,
947 2089 999 2150 sed
1017 2087 1182 2169 adjuratio,
1200 2087 1247 2150 vel
1261 2085 1356 2150 oratio
1369 2085 1404 2148 in

129 2171 254 2236 illorum
269 2175 432 2238 interitum
446 2176 539 2252 lacta,
556 2196 595 2238 nc
609 2182 745 2240 noceant.

169 2265 202 2323 5⁰
217 2266 296 2324 Item
316 2266 438 2346 quando
458 2266 606 2328 dicuntur
623 2266 737 2327 mortui
755 2265 1028 2342 excommunicari,
1053 2264 1085 2326 id
1103 2263 1337 2344 intelligendum
1358 2270 1404 2325 est

129 2348 164 2410 dc
193 2353 328 2433 quadam
353 2354 542 2416 execratione
564 2355 611 2416 vel
635 2354 836 2417 declaratione
860 2352 1199 2428 excommunicationis,
1217 2369 1310 2434 quam
1333 2357 1404 2413 ante

129 2447 263 2502 mortem
273 2440 485 2516 incurrerunt,
502 2447 532 2506 et
546 2442 580 2503 in
596 2461 657 2524 qua
670 2443 785 2506 mortui
801 2449 885 2505 suut.

252 2595 449 2669 Quaeslta.

169 2741 241 2799 936.
251 2773 291 2782 —
305 2743 407 2812 Quian.
426 2745 457 2800 t⁰
473 2739 623 2813 Quomodo
639 2741 830 2800 (discernatur
845 2757 973 2797 cerr-amu
989 2737 1059 2797 tate
1074 2736 1229 2798 serotentr‘ae
1244 2755 1262 2792 a
1277 2751 1406 2812 cenomut

131 2823 266 2898 serenda
279 2823 452 2884 sentcntiae?

172 2911 265 2990 Itcsp.
288 2916 337 2971 1⁰:
352 2912 526 2973 Generatim
552 2929 679 2974 censura
699 2913 769 2974 lata
792 2912 950 2974 sententia
969 2912 1043 2986 erit,
1062 2916 1093 2973 1ο
1115 2909 1141 2971 si
1161 2908 1267 2982 verba,
1292 2907 1405 2986 quibus

133 2998 329 3078 exprimitur,
349 2999 512 3061 excludant
533 2998 657 3061 alterius
679 3002 899 3080 cujuscumque
921 3001 1071 3062 actionem
1097 3017 1152 3061 scu
1177 2995 1403 3068 ministerium,

133 3105 170 3148 ex
190 3106 248 3167 gr,
266 3088 293 3149 si
313 3087 362 3150 his
381 3088 482 3155 ‘verbis
501 3087 631 3150 feratur:
650 3089 717 3169 ipso
732 3089 832 3169 sacto,
850 3088 915 3170 ipro
925 3090 1015 3170 jure,
1033 3108 1066 3151 eo
1082 3089 1162 3169 ipso,
1181 3085 1246 3146 siue
1262 3083 1326 3145 alia
1339 3103 1405 3144 scn-

134 3179 248 3253 tentia‚·
260 3179 293 3239 2⁰
309 3177 335 3238 si
350 3175 443 3239 verba
458 3177 522 3238 sint
535 3175 682 3256 temporis
695 3176 853 3256 praesentis
868 3178 916 3240 vel
929 3175 1092 3256 preteriti,
1110 3193 1141 3236 v.
1162 3191 1221 3253 gn,
1238 3192 1406 3235 excommu-

134 3266 281 3338 nicamus,
308 3265 645 3339 accommurricaoimos,
666 3273 735 3340 etc.;
763 3271 796 3329 3ο
815 3265 842 3327 si
861 3265 952 3328 rerba
972 3264 1036 3327 sint
1054 3262 1138 3325 modi
1156 3259 1346 3340 imperativi,
1370 3277 1407 3321 ex

134 3372 192 3433 gn,
209 3356 327 3417 incidat
345 3356 377 3416 in
392 3356 740 3432 recommunicatr'onem,
761 3364 879 3417 coronent
894 3373 1068 3444 suspensus,
1086 3349 1277 3426 interdictus,
1294 3355 1351 3411 etc.
1367 3384 1407 3392 -

133 3443 170 3504 S.
187 3445 256 3525 Lip.
271 3466 302 3506 n.
317 3451 346 3508 t.

174 3533 265 3614 Iterp.
282 3539 336 3596 2⁰:
355 3537 489 3596 Consiua
507 3540 612 3596 autem
631 3532 762 3596 ferenda
783 3531 943 3594 sententia
964 3529 1104 3600 habenda
1125 3533 1189 3591 est:
1206 3532 1237 3590 l⁰
1256 3525 1282 3588 si
1297 3524 1403 3596 verba,

134 3619 248 3698 quihus
262 3621 369 3697 fertur,
386 3622 511 3685 alterius
530 3641 652 3702 operam
671 3626 702 3684 et
719 3619 930 3684 ministerium
949 3618 1153 3699 expostulent,
1170 3636 1200 3680 r.
1219 3635 1277 3697 gr„
1292 3633 1405 3676 cocom-

135 3711 302 3770 rnunr'cetur
321 3731 381 3793 per
397 3712 588 3794 Episcopum
593 3729 605 3788 ;
621 3716 652 3774 2⁰
666 3717 696 3773 et
716 3711 779 3774 sint
797 3707 1031 3773 comminatoria
1045 3713 1186 3781 tantum,
1203 3724 1242 3768 ex
1254 3723 1312 3784 gn,
1326 3719 1407 3783 proe-

134 3798 263 3877 cipimus
276 3801 331 3861 sub
347 3801 595 3863 determinatione
608 3800 826 3878 continuatim
841 3797 903 3860 uisi
917 3797 1001 3859 aliud
1014 3815 1052 3858 ex
1066 3793 1218 3876 adjunctis
1232 3791 1404 3870 colligatum

134 3889 167 3949 3ο
182 3887 208 3948 si
223 3893 345 3969 tempus
360 3890 499 3952 lutumm
514 3889 704 3969 exprimant,
720 3909 750 3952 v.
768 3907 825 3969 gr,
838 3885 1155 3962 excommunicabitur,
1167 3883 1226 3946 crit
1238 3899 1406 3944 excommu-

134 3976 252 4038 nicatur
258 4026 267 4056 ,
284 3985 340 4040 etc.
1319 3989 1323 3996 '

173 4069 244 4129 937.
262 4102 302 4111 —
320 4069 420 4140 Qunu.
444 4073 476 4130 2⁰
498 4068 546 4128 Aa
559 4067 753 4148 judicandus
772 4066 810 4128 sit
831 4068 997 4127 incurrisse
1013 4081 1185 4138 censuram,
1199 4061 1256 4142 qni
1270 4058 1403 4134 dubitat,

134 4164 236 4216 utrum
249 4175 315 4216 cnm
330 4157 517 4218 incurrerit?

174 4245 263 4326 Hesp.
280 4243 371 4325 Nep„
394 4244 458 4308 sire
480 4245 617 4320 dubites,
634 4264 674 4308 an
696 4245 830 4324 graviter
848 4242 1027 4322 deliqueris,
1045 4240 1092 4302 vel
1110 4259 1150 4302 an
1163 4257 1250 4302 casus
1264 4237 1322 4299 sub
1337 4251 1405 4296 cen-

134 4351 239 4396 suram
263 4334 360 4396 cadat.
383 4333 471 4398 Ratio
496 4337 555 4408 est,
579 4334 666 4415 qrria,
686 4333 782 4414 'juxta
807 4332 928 4396 axioma
955 4327 1157 4394 communiter
1181 4329 1349 4406 receptum,
1375 4327 1406 4384 et

133 4421 231 4502 ipsam
251 4423 335 4486 duris
351 4424 502 4504 regulam,
525 4423 595 4485 odra
618 4433 687 4484 sunt
707 4417 929 4502 restrinpendo.
956 4420 1006 4480 Ito
1029 4417 1235 4479 cominuniter.
1260 4417 1405 4512 Attamen

133 4529 294 4575 censuram
311 4511 458 4586 incurris,
477 4513 503 4574 si
522 4512 653 4575 dubium
673 4516 812 4574 versetur
834 4510 913 4572 circa
934 4508 1117 4589 gravitatem
1131 4504 1228 4586 ipsius
1252 4507 1402 4570 materia,

133 4603 200 4664 tum
212 4600 247 4663 in
262 4621 294 4666 sc
306 4607 461 4683 spectata,
479 4609 548 4666 tum
563 4601 671 4664 habita
688 4599 806 4664 ratione
823 4599 909 4674 linis,
925 4601 979 4660 etc.
997 4599 1083 4659 Tunc
1099 4593 1183 4658 enim
1199 4589 1405 4656 materiatae
