3224 5044
182 197 251 261 286
709 201 918 248 ranararus

182 325 325 388 habitum
347 319 513 392 conlocarit,
529 323 560 380 et
580 320 648 397 post
668 315 886 378 confessionem
907 314 941 375 in
962 313 1044 375 idem
1065 317 1222 393 peccatum
1241 311 1401 376 relabitur.
1415 349 1459 360 -

181 415 217 478 S.
234 415 303 494 Liq.
320 432 350 472 n.
363 414 434 474 457.

760 515 887 584 nasama]-

219 669 293 730 633.
310 699 349 708 -
365 662 398 724 Ι“
418 659 546 740 aequa
574 655 867 720 Consuetudioaraas
888 652 1020 734 quilibet
1045 651 1166 714 absolsi
1195 669 1312 731 scrupea
1337 660 1454 734 potest,

182 755 275 818 etiam
295 752 400 835 prima
423 749 723 826 vioe,quapravu1n
741 743 886 805 habitum
906 741 1076 814 confitetur,
1097 739 1156 802 etsi
1177 740 1264 802 nulla
1283 744 1457 806 emendatio

182 841 382 926 praecesserit,
399 838 488 900 modo
499 837 578 898 hanc
593 834 670 895 serio
684 837 846 913 proponat,
858 838 891 894 ct
903 827 1094 910 poenitentia
1109 828 1210 908 signa,
1222 831 1367 908 quamuis
1377 833 1458 894 ordi·

183 933 273 994 nario
286 935 428 1002 tantum,
443 925 593 987 ostendat.
610 957 649 966 -
665 919 700 982 S.
714 922 799 1001 Liq„
815 941 846 980 n.
860 925 932 996 tao,
944 928 974 980 et
985 918 1045 980 alii
1058 921 1260 978 amimamiter.

225 1021 277 1082 112
292 1016 423 1098 Regula.
448 1013 592 1092 Neganda
612 1017 718 1074 autem
739 1015 784 1072 est
804 1008 953 1071 absolutio
970 1005 1254 1080 consuetudinario,
1271 1007 1296 1068 si
1317 1010 1459 1074 median

184 1106 372 1173 confessario
382 1104 549 1185 prudenter
564 1099 716 1181 proposita
730 1105 761 1160 et
774 1099 812 1160 ad
826 1097 1079 1160 consuetudinem
1093 1094 1274 1157 vincendam
1287 1099 1460 1161 amaria
1510 1148 1527 1178 ,

186 1198 330 1261 adhibere
342 1199 472 1257 recuset.
490 1190 651 1264 Belicam,
668 1189 741 1268 quia
755 1206 789 1249 eo
808 1187 873 1267 ipso
885 1204 948 1247 non
962 1184 1031 1246 vult
1044 1184 1159 1246 sincere
1171 1183 1296 1263 corrigi,
1313 1187 1458 1265 quamv'ss

185 1290 299 1349 asserat
313 1304 344 1346 se
358 1283 436 1345 velle
450 1281 548 1342 vitam
564 1285 686 1340 mutare
695 1297 705 1352 ;
725 1280 755 1338 et
775 1275 900 1356 proinde
914 1279 960 1336 est
975 1271 1152 1352 simpliciter
1169 1272 1382 1352 indispositus.

223 1380 293 1438 634.
321 1407 361 1419 κ-
384 1371 453 1432 mr
478 1367 606 1449 Regula.
632 1365 798 1428 llecidiaas
819 1364 957 1443 prebens
981 1361 1226 1423 extraorddaaria
1246 1379 1301 1424 seu
1317 1363 1459 1442 specialia

183 1465 271 1543 signa
283 1461 405 1532 doloris,
420 1462 509 1518 toties
523 1457 639 1537 quatias
654 1454 770 1516 absolsi
785 1458 894 1532 potest.
911 1451 1000 1514 Ratio
1012 1457 1074 1524 est,
1090 1449 1163 1528 quia
1176 1467 1230 1529 per
1241 1451 1329 1529 signa
1344 1453 1454 1514 doloris

185 1549 428 1614 extraordinaria
442 1545 559 1626 quavis
576 1545 709 1624 prudens
722 1543 842 1604 tollitur
857 1539 990 1619 suspicio
1011 1555 1104 1619 quam
1119 1539 1321 1617 praecedentes
1335 1541 1455 1620 lapsus,

184 1641 240 1704 etsi
255 1639 441 1718 frequentes,
458 1635 602 1698 inducere
616 1636 798 1712 potuerunt,
816 1635 847 1690 et
858 1627 1065 1690 confessarius
1079 1627 1245 1706 prudenter
1254 1629 1393 1708 judicem
1405 1649 1456 1710 po-

187 1735 263 1802 test,
279 1726 481 1807 paenitentem
499 1723 576 1784 satis
589 1739 654 1782 esse
668 1718 864 1798 dispositum.
878 1753 919 1762 =-—
932 1716 1002 1778 Dixi
1016 1715 1130 1777 absolvi
1142 1723 1257 1795 potest,
1277 1735 1340 1778 non
1352 1726 1456 1780 autem

185 1816 352 1882 necessario
362 1815 465 1887 dehet;
475 1809 682 1874 confessarius
695 1807 780 1868 enim
791 1813 891 1886 potest
904 1803 1167 1867 absolutionem'in
1175 1804 1230 1865 hoo
1239 1823 1312 1866 oasa
1324 1805 1455 1880 differre,

186 1906 212 1967 si
228 1903 406 1966 dilationem
419 1899 581 1982 poenitenti
594 1897 703 1960 utilem
717 1895 856 1958 futuram
865 1913 929 1956 asse
940 1891 1132 1974 judicaverit,
1145 1891 1215 1954 licet
1228 1894 1381 1956 ordinarie
1395 1913 1459 1956 ma-

186 1994 231 2074 gis
242 1991 399 2072 *expediat
414 1997 451 2052 ut
464 2007 527 2052 non
539 1986 753 2050 differatur.-
765 1984 802 2045 S.
818 1985 901 2064 La‘q„
915 2003 947 2044 n.
962 1985 1037 2056 460,
1051 1981 1186 2042 etPraa.
1202 1980 1351 2062 Confusa,
1364 1987 1454 2046 π.“16.

224 2086 294 2146 635.
311 2117 351 2126 -
369 2079 389 2140 I
396 2079 432 2141 Vs*
450 2077 579 2157 Reputo.
594 2074 768 2148 decidium,
792 2072 886 2134 etiam
905 2070 968 2132 sola
986 2069 1179 2132 contritionis
1201 2070 1289 2149 signa
1304 2070 1458 2134 ordinaria

183 2172 337 2252 piebem,
355 2166 471 2230 absolvi
486 2171 585 2245 potest
599 2169 628 2226 et
641 2160 810 2242 generatim
827 2161 916 2222 debet
928 2163 1046 2240 paeonias
1060 2159 1207 2218 absolutio
1224 2180 1285 2219 nan
1295 2171 1393 2240 potest
1408 2160 1459 2241 fu-

185 2260 242 2322 cile
257 2258 387 2338 dz'fferri.
402 2254 490 2320 Ratio
500 2260 562 2326 est,
579 2253 653 2332 quia
667 2270 704 2312 en
718 2269 781 2312 una
792 2255 878 2328 parte
893 2247 1029 2310 absoluta
1039 2246 1170 2327 judicari
1184 2253 1283 2326 polest
1296 2255 1344 2310 sat
1358 2248 1459 2330 dispo

184 2349 264 2410 situs
273 2366 314 2408 ex
329 2345 425 2424 signis
436 2341 615 2416 ordinariis;
628 2347 706 2401 etex
719 2339 779 2399 alia
789 2343 875 2417 parte
887 2337 972 2400 adest
982 2335 1083 2414 gravis
1095 2337 1174 2397 ratio
1184 2355 1256 2398 eum
1269 2337 1458 2412 absolvendi,

184 2455 222 2499 no
239 2437 295 2498 diu
315 2437 493 2514 permaneat
515 2432 548 2491 in
569 2435 652 2490 statu
671 2425 784 2506 peccati
803 2425 959 2499 mortalis;
982 2425 1034 2486 sed
1051 2424 1274 2497 consensoriae,
1288 2433 1461 2506 antequam

185 2526 277 2588 talem
292 2523 444 2595 absolvat,
457 2537 564 2580 curam
581 2515 756 2589 adhibebit,
773 2521 810 2576 ut
824 2514 946 2574 eumad
959 2513 1462 2592 recipiendumbeneficiumahso-

183 2611 311 2676 lutionis
326 2609 437 2672 melius
449 2626 483 2670 ao
497 2605 608 2669 certius
621 2605 774 2684 disponat.

225 2707 296 2766 636.
313 2736 353 2745 -
374 2698 411 2760 V⁶
432 2696 561 2778 Bupalo.
582 2694 741 2754 Roaz'dz'aas
760 2691 879 2753 rediens
900 2709 972 2754 aum
989 2692 1095 2753 eodem
1115 2709 1209 2770 pravo
1229 2689 1351 2766 habitu,
1368 2691 1458 2753 nollo

185 2791 326 2852 addicito
337 2797 460 2861 conato,
473 2784 615 2864 tealdqao
631 2781 751 2863 duplata
766 2781 860 2842 madio
872 2797 910 2842 ex
921 2779 961 2840 iis
974 2798 1071 2859 quma
1085 2779 1270 2842 confessario
1284 2780 1461 2861 praescripta

186 2888 270 2954 sunt,
287 2897 351 2940 non
364 2882 463 2956 potest
478 2871 609 2943 absolui,
631 2871 693 2933 nisi
710 2869 798 2949 signa
814 2869 1067 2929 extraordinaria
1084 2868 1194 2930 doloris
1210 2869 1358 2930 ostendat.
1373 2869 1460 2934 Ratio

185 2974 244 3042 est,
262 2967 336 3048 quia
347 2971 423 3026 tunc
436 2960 652 3043 presumptio,
670 2977 737 3040 quae
749 2957 913 3038 paenitenti
931 2955 1052 3034 fauebat
1066 2975 1137 3019 auin
1152 2957 1329 3036 primariae
1344 2958 1458 3021 aonias·

103 3087 118 3112 .·
186 3077 238 3120 sus
262 3062 324 3130 est,
349 3071 433 3115 nunc
456 3051 516 3131 ipsi
536 3051 728 3112 adversatur.
753 3047 876 3109 Etenim
901 3046 957 3124 qui
978 3045 1108 3108 firmiter
1133 3046 1274 3126 proponit
1302 3054 1462 3126 paccatum

187 3147 299 3218 uitare,
317 3161 380 3204 non
392 3142 438 3203 ita
448 3139 535 3202 facile
553 3139 602 3200 sui
616 3137 734 3217 proposi
740 3136 762 3197 ti
775 3135 976 3210 obliviscitur,
991 3135 1043 3196 sed
1057 3135 1163 3196 saltem
1180 3153 1232 3213 per
1245 3133 1372 3216 aliquod
1385 3143 1462 3198 tem-

187 3253 244 3314 pus
259 3234 443 3314 perseverat,
454 3236 484 3291 et
496 3226 649 3290 difficilius
661 3233 717 3288 aut
731 3225 831 3286 rarius
846 3223 1037 3286 cadit-Ita
1046 3243 1187 3304 captasse
1197 3225 1232 3286 S.
1245 3224 1329 3304 Lip„
1342 3245 1373 3285 a.
1385 3229 1458 3288 tao.

226 3327 297 3386 637.
311 3357 351 3368 ——
378 3319 434 3382 Vn
457 3316 587 3399 Bapala.
609 3314 751 3376 Reaidz'oo
776 3313 868 3376 dubie
888 3311 1034 3392 disposito
1051 3312 1205 3374 absolutio
1225 3312 1390 3374 differenda
1409 3320 1460 3376 est

185 3431 238 3492 per
264 3409 388 3491 aliquod
409 3413 544 3486 tempus,
568 3405 743 3484 usquedum
766 3403 900 3482 prudens
924 3400 1134 3481 dispositionis
1158 3401 1282 3479 signu-m
1302 3408 1454 3480 appareat.

186 3502 270 3562 —.S.
284 3499 369 3580 aaa,
386 3497 501 3558 Praxo
511 3493 661 3574 Consors,
674 3513 704 3554 a.
723 3497 760 3554 71
776 3501 803 3552 ot
816 3491 1010 3554 ra.-Ham.
1025 3499 1137 3570 oport,
1154 3499 1194 3552 tr.
1207 3491 1277 3569 adt,
1289 3511 1318 3550 n.
1330 3493 1389 3552 aa
1404 3495 1456 3553 to.

224 3593 377 3651 Caeterum
399 3603 517 3665 semper
540 3583 738 3664 spectandum
759 3585 806 3642 est
826 3580 943 3642 bonum
958 3581 1058 3660 majus
1076 3578 1270 3658 poenitentis3
1287 3579 1328 3641 sic
1343 3578 1461 3659 optime

186 3675 220 3736 S.
237 3678 356 3756 Lepon,
371 3698 402 3736 η.
417 3679 489 3738 469.
503 3672 636 3736 Coccina
649 3671 691 3750 (a.
704 3689 734 3743 x,
748 3691 779 3729 a.
790 3668 847 3748 at)
858 3715 864 3740 ‚
877 3667 940 3730 ait:
956 3667 999 3731 Ut
1009 3668 1308 3749 erronddpaorotam
1320 3668 1459 3748 declares,

188 3767 214 3820 oi
228 3766 309 3826 vides
322 3766 394 3826 dina
408 3762 456 3825 ael
465 3765 553 3823 trina
572 3760 758 3821 absolutione
776 3767 802 3819 te
810 3776 900 3838 posse
914 3757 1068 3838 infirmam
1080 3777 1202 3827 aarum
1220 3767 1280 3819 esto
1294 3760 1327 3820 in
1344 3757 1462 3820 mtoaa-
1482 3831 1486 3838 ¹
1601 3795 1602 3808 ι

188 3852 292 3943 aar-dio
307 3855 397 3915 diaes.
418 3849 602 3914 Emendatio
618 3851 790 3929 peccatoris
807 3849 941 3906 securior
955 3846 1090 3907 omnibns
1108 3846 1222 3926 aepulis
1238 3858 1280 3909 est
1294 3867 1400 3909 aarum
1414 3847 1464 3910 vel

188 3942 385 4012 impertiendi
402 3942 450 4004 vel
468 3937 640 4020 deocqaadi
657 3935 886 3996 absolutionem.

310 4084 503 4158 Quaeslta.

227 4199 298 4259 638.
311 4239 351 4254 ε
365 4214 464 4286 Quae.
482 4221 514 4276 4ο
527 4191 722 4289 Oaandonam
740 4219 897 4272 conseatur
909 4219 1064 4272 contracta
1078 4181 1285 4272 aaarsaetado?

195 4361 201 4374 ,
221 4280 316 4364 3⁶⁸2)-
332 4302 365 4358 ¹⁰
379 4319 387 4362 :
403 4305 464 4364 Hoc
474 4302 608 4381 generali
621 4301 726 4380 regula
739 4297 938 4361 determinari
954 4298 1079 4380 nequit,
1095 4299 1169 4380 quia
1181 4299 1236 4361 alii
1250 4301 1319 4381 plns
1331 4299 1461 4364 fatilita-

178 4367 217 4419 ”S
231 4379 425 4452 ⁰0ssi1ahunt
442 4392 480 4453 ad
501 4390 625 4470 aliquod
638 4393 797 4471 peccatum
815 4387 921 4469 paucis
933 4387 1070 4461 aotibors,
1087 4407 1118 4450 v.
1133 4405 1193 4468 gr..
1211 4389 1312 4451 tribus
1326 4390 1374 4452 vel
1384 4407 1461 4470 qna-

175 4449 251 4522 ¹¹¹⁰fv
270 4473 375 4538 quam
389 4477 441 4540 alii
459 4477 536 4540 illud
555 4479 665 4556 sapius
679 4476 914 4552 committendm
928 4477 1078 4558 undenae
1091 4494 1211 4558 oempor
1224 4495 1279 4558 pro
1291 4485 1458 4542 conmotu-
