3206 5042
634 217 676 260 na
697 215 869 262 censuere
1322 205 1409 266 439.

101 325 255 402 versalia,
274 324 335 390 boc
350 332 397 388 est
410 330 577 390 altomuro
590 326 748 399 Pontifice,
763 327 797 388 in
812 345 873 406 quo
886 327 949 388 solo
964 329 1026 390 tota
1039 327 1104 391 baec
1119 328 1222 390 unius
1237 328 1389 392 consistit.

98 447 142 456 —
158 413 215 474 Ita
241 416 443 476 communiter
459 414 563 494 theol,
578 421 608 478 et
623 415 700 478 clare
712 415 886 478 ostenditur
898 433 937 478 ex
948 416 1014 497 ipso
1027 421 1114 480 textu
1128 419 1281 480 Censura.

207 587 216 598 ·
232 578 449 642 Resolves.

143 733 178 789 t⁰
195 728 260 803 Qui
276 731 391 792 recedit
405 729 442 791 ab
456 729 630 792 obedientia
643 729 797 810 Episcopi,
814 731 861 793 rel
879 729 1072 810 particularis
1091 729 1229 794 Ecclesiae
1248 747 1301 793 sen
1314 730 1391 793 dim-

99 815 198 890 cesiS,
217 833 287 880 non
302 824 347 880 est
367 817 486 898 proprie
502 817 731 892 schismaticus,
752 820 804 880 sed
823 817 994 880 inchoative
1012 823 1137 882 tantum
1157 826 1187 880 et
1202 817 1390 898 imperfecte,

99 905 199 966 modo
218 907 382 986 subjectus
396 913 520 968 maneat
534 905 707 969 auctoritati
722 907 853 970 Romani
866 905 1018 969 Pontificis
1033 927 1040 968 :
1055 909 1196 971 nondum
1210 907 1294 969 enim
1310 925 1393 987 sepa-

102 999 198 1056 ratur
219 995 261 1056 ab
286 994 407 1058 unitate
427 994 565 1058 Ecclesia
583 994 782 1069 universatis,
804 997 907 1074 ejusve
929 996 1038 1075 capite.
1052 1030 1094 1042 -
1112 997 1164 1058 Ito
1182 998 1391 1080 communiter,

103 1087 218 1144 contra
234 1085 399 1164 quosdam.

146 1176 184 1232 2⁰
200 1171 428 1234 schismaticus
442 1178 579 1246 nonest,
593 1171 647 1251 qui
663 1190 699 1234 er
714 1171 818 1234 animo
832 1171 992 1247 vindicio,
1010 1173 1057 1234 vel
1071 1191 1109 1234 ex
1125 1191 1218 1252 pravo
1233 1173 1343 1235 affectu
1357 1174 1393 1236 in

103 1277 281 1339 personam
300 1260 380 1341 (non
400 1267 506 1324 atatem
524 1260 557 1322 in
577 1259 808 1341 auctoritatem)
827 1261 950 1324 Summi
970 1259 1140 1335 PontificiS,
1157 1269 1278 1324 recanat
1296 1261 1394 1340 ipsius

103 1349 277 1428 praeceptis
301 1367 417 1412 morem
439 1367 550 1428 gerere.
577 1349 686 1412 Adhuc
709 1347 793 1410 enim
814 1349 950 1429 agnoscit
971 1367 1044 1412 eum
1065 1355 1215 1429 tanquam
1236 1349 1395 1412 Vicarium

103 1435 231 1500 Christi
247 1445 280 1500 et
295 1437 467 1519 Principem
483 1437 664 1502 universalis
677 1437 832 1507 Ecclesiae.
849 1445 879 1501 et
894 1457 950 1501 sua
962 1437 1169 1502 inobedientia
1181 1457 1243 1501 non
1258 1437 1392 1519 pertina-

103 1523 187 1587 citer
202 1527 245 1588 ab
261 1545 295 1590 eo
310 1527 433 1590 recedit.

149 1619 185 1678 3⁰
215 1619 340 1695 Neque,
365 1620 485 1696 propter
505 1617 644 1678 eamdem
667 1616 835 1690 rationem,
862 1616 1077 1679 schismaticus
1102 1614 1312 1696 appellabitur,
1339 1613 1394 1694 qui

104 1704 267 1766 mandata
281 1704 402 1766 Summi
420 1704 575 1766 Pontificis
589 1704 755 1784 adimplere
771 1723 833 1766 non
848 1705 931 1777 vult,
947 1703 1021 1783 quia
1040 1705 1100 1766 sibi
1119 1704 1224 1781 grana
1242 1707 1330 1775 sunt,
1348 1701 1395 1764 vel

107 1793 248 1854 molesta
260 1797 316 1852 aaa
330 1791 532 1854 incommoda.

742 1945 781 2001 tv

146 2082 263 2136 Omnes
283 2082 311 2136 et
331 2079 475 2153 singulos,
492 2080 698 2152 quuscumque
720 2081 826 2148 status,
842 2077 948 2150 gradus
969 2093 1020 2135 scu
1034 2077 1207 2136 conditionis
1223 2077 1344 2144 tuerint,
1360 2077 1396 2132 ab

104 2159 351 2217 ordinationibus
368 2177 418 2216 seu
438 2161 582 2216 mendatis
601 2162 790 2217 Romanorum
804 2159 974 2216 Pontificum
988 2175 1040 2233 pro
1053 2160 1180 2232 temporo
1194 2157 1396 2215 exsistentium

105 2241 142 2296 ad
159 2241 334 2296 universale
344 2242 472 2297 loturum
488 2241 648 2297 Concilium
663 2240 856 2314 appellantes,
869 2255 988 2296 necnon
1000 2255 1050 2296 eos
1064 2255 1185 2312 quorum
1200 2239 1397 2306 aurilio,con-

108 2320 177 2378 silio
192 2321 247 2376 rel
262 2320 356 2377 lavore
371 2321 547 2395 appellatum
562 2320 658 2376 luerit.

685 2413 688 2418 ·
727 2391 790 2464 tEcc
808 2390 899 2446 Botta
914 2391 1019 2450 cana.
1035 2391 1101 2446 -2
1116 2388 1271 2461 Excomm.)

152 2551 229 2610 oet.
240 2583 279 2591 —
290 2545 469 2609 schismatis
482 2544 610 2607 crimine
622 2563 692 2606 reus
704 2551 765 2618 est,
779 2551 810 2607 et
824 2545 1018 2625 pertinaciter
1029 2545 1067 2606 ab
1080 2543 1251 2606 obedientia
1264 2541 1395 2606 Romani

110 2635 272 2700 Pontificis
287 2654 318 2698 se
333 2634 505 2708 subtrahit,
520 2632 575 2714 qui
587 2633 626 2695 ab
639 2636 705 2714 ejus
718 2634 965 2696 ordinationibus
976 2652 1031 2696 seu
1046 2632 1201 2696 mandatis
1213 2632 1344 2712 appellat
1357 2631 1395 2694 ad

112 2725 263 2789 futurum
277 2723 449 2783 universale
467 2722 649 2784 Concilium.
668 2723 781 2783 Idcirco
800 2721 864 2782 haec
884 2739 1012 2782 censura
1030 2721 1250 2798 precedentem
1269 2720 1395 2798 quidem

115 2809 264 2888 explicat,
281 2809 381 2884 quoad
399 2824 465 2867 rom
488 2813 592 2866 tamen
609 2807 689 2866 nihil
714 2806 774 2884 ipsi
792 2807 887 2866 addit.
904 2810 1020 2867 Verum
1040 2804 1174 2885 oportuit
1193 2811 1230 2865 ut
1251 2804 1395 2868 distincto

115 2895 247 2962 articulo
260 2896 457 2964 statueretur,
471 2891 545 2970 quia
559 2893 753 2970 pretendunt
766 2892 965 2971 appellantes,
980 2909 1026 2966 se,
1041 2893 1081 2954 ad
1093 2890 1305 2954 auctoritatem
1321 2895 1396 2955 Gon·

116 2985 182 3050 ciiii
192 2982 390 3064 provocando,
402 2979 802 3060 quamjactantauctoritati
813 2980 965 3042 Pontificis
979 2980 1164 3061 superiorem
1174 2999 1249 3055 esse,
1264 2978 1394 3042 minime

116 3078 156 3140 ab
172 3069 370 3136 ecclesiastica
382 3069 502 3132 unitate
516 3068 663 3130 recedere.

159 3161 261 3238 Queri
273 3163 388 3240 posset,
400 3175 543 3238 quanam
554 3156 618 3218 sint
631 3159 717 3238 Papae
729 3157 936 3221 ordinationes
949 3175 1003 3219 seu
1016 3161 1162 3222 mandata
1173 3179 1192 3220 a
1203 3159 1316 3238 quibus
1331 3175 1395 3220 non

117 3253 188 3315 licet
208 3249 370 3330 appellare;
387 3254 419 3308 at
438 3245 524 3308 facile
543 3247 753 3325 respondetur,
774 3265 809 3308 ea
827 3245 932 3309 ornnia
951 3263 1015 3308 esse
1034 3247 1148 3326 quibus
1167 3246 1306 3308 Pontifex
1325 3263 1394 3307 mu-

117 3359 191 3404 nere
211 3335 345 3419 supremi
364 3335 496 3398 Pastoris
515 3333 645 3414 iungens
664 3335 844 3397 auctoritate
863 3333 1035 3415 Apostolica
1053 3334 1172 3416 aliquid
1193 3333 1326 3413 imperat
1343 3333 1391 3396 vel

118 3429 271 3510 prohibet.

752 3562 775 3618 V

155 3697 262 3752 Omnes
275 3697 497 3767 interficientes,
513 3698 696 3768 mutilantes,
712 3699 920 3771 percutientes,
936 3697 1097 3770 capientes,
1113 3697 1308 3763 carcerantcs,
1325 3695 1396 3752 deti-

119 3778 237 3848 nentes,
254 3778 299 3834 vel
314 3779 457 3835 hostiliter
476 3779 658 3850 insequentes
679 3781 708 3835 S.
732 3783 763 3835 ll.
784 3781 816 3835 E.
838 3777 1022 3848 cardinales,
1039 3777 1231 3848 Petriarcbas‚
1253 3775 1397 3848 Archiepi-

121 3873 237 3929 scopos,
259 3859 429 3932 Episcopus,
449 3860 590 3932 Seditque
612 3859 783 3932 spostolicae
800 3861 920 3930 Legatos
939 3858 985 3915 vel
1004 3859 1145 3926 Nuncios,
1163 3861 1212 3914 aut
1229 3873 1279 3912 eos
1297 3873 1314 3912 a
1334 3856 1395 3912 suis

119 3937 312 4006 Dioecesibus,
326 3939 505 4009 territoriis,
520 3939 631 4010 Terris,
643 3956 694 3996 seu
708 3939 849 3996 hominiis
862 3939 1026 4010 ejicientes,
1040 3955 1158 3996 necnon
1169 3936 1394 4004 comendentes,

121 4017 166 4076 vel
181 4019 242 4074 rata
256 4017 410 4090 hebentes,
422 4037 474 4077 seu
489 4022 658 4094 praestentes
671 4021 701 4076 in
716 4021 761 4078 eis
774 4019 930 4089 auxilium,
946 4018 1098 4077 consilium
1113 4017 1158 4076 vel
1170 4019 1305 4076 latorem.

742 4115 806 4190 (Ex
823 4115 913 4175 sotto
929 4115 1133 4176 Ceae-11
1149 4113 1305 4198 Excomm.)

159 4279 230 4340 985.
244 4309 283 4320 —
292 4275 467 4338 detinentes
476 4275 633 4352 dicuntur,
645 4276 700 4358 qui
707 4281 823 4358 captos,
835 4277 930 4342 etiam
940 4277 1061 4354 abalio,
1071 4276 1284 4340 CardinalesS.
1296 4277 1332 4336 R·
1345 4273 1394 4344 Eo

119 4363 327 4440 Patriarchas,
344 4371 413 4440 etc,
426 4366 493 4428 sub
507 4386 565 4430 sua
577 4373 727 4448 potestate
740 4365 891 4442 retinent,
908 4373 1000 4450 atque
1017 4365 1049 4430 vi
1064 4363 1239 4446 impediunt
1251 4379 1291 4424 ne
1304 4359 1396 4422 libere

120 4453 312 4535 possintque
327 4453 482 4518 voluerint
495 4455 591 4520 abire.
