3206 5042
634 263 678 308 un
698 262 871 310 cassurus
1322 253 1390 312 459

118 373 151 438 in
165 372 289 447 dines,
299 389 367 452 quae
374 371 564 435 Clericissub
574 390 664 452 plana
674 373 1001 436 excommunicationis
1011 381 1172 436 reservata
1181 375 1386 454 interdicitur,

17 543 18 548 ἵ
118 462 181 524 illle
195 462 236 523 sit
250 467 372 524 tantum
386 479 447 541 qua
458 461 646 524 nommatim
660 462 941 524 excommunicatos
952 480 971 524 a
983 465 1063 543 Papa
1072 462 1244 525 admittunt
1258 467 1297 527 ad
1310 465 1390 528 divi-

118 568 230 613 norum
243 547 426 624 officiorum,
439 548 473 612 id
484 556 531 612 eet
543 552 821 626 Sacramentorum,
833 551 942 624 Missae,
957 569 1082 630 precum
1097 551 1301 630 publicarum,
1316 560 1387 630 etc,

117 637 380 718 participationem
394 639 442 700 vel
456 638 674 702 assistentiam.

156 730 190 788 2⁰
201 729 368 788 (lausum
385 725 485 806 infligi
504 731 626 790 tantm
644 728 757 791 Clerico
780 729 910 790 scienter
930 739 961 789 ct
979 739 1088 811 sponte
1102 728 1342 792 mntmunimnti
1357 729 1390 792 in

115 814 231 878 divinis
247 833 319 876 cum
337 816 617 891 excommunicato;
633 818 715 879 unde
729 817 765 879 tit
779 825 815 880 ut
829 817 867 879 ab
881 835 918 878 ca
931 817 1116 904 incurrentia
1133 821 1257 880 excuset
1273 817 1390 897 quaevis

115 903 298 982 ignorantia,
313 910 369 966 aut
380 909 483 966 metus
497 903 627 984 quilibet
642 906 754 983 gravis,
769 905 834 968 sive
847 923 900 985 per
919 905 1020 968 minas
1037 906 1102 967 sive
1116 905 1243 985 pervim
1258 912 1312 968 aut
1332 907 1390 968 alio

116 992 205 1054 moda
217 991 312 1054 fucrit
324 992 477 1055 incussus.
1339 1052 1341 1056 .

154 1085 188 1143 3⁰
200 1085 246 1143 Ex
258 1079 383 1142 articuli
396 1085 482 1144 textu
492 1081 567 1143 satis
581 1087 684 1160 aperte
695 1081 814 1144 ostendi
827 1083 909 1161 quod
921 1099 1015 1161 supra
1027 1104 1059 1142 a.
1074 1086 1132 1145 95¹1
1143 1083 1388 1159 advertebamus,

112 1187 224 1249 nempe
241 1167 374 1231 notorias
387 1169 572 1232 Glaricorum
585 1187 775 1250 percussores
790 1188 853 1232 uon
867 1189 932 1232 esse
945 1173 1013 1251 jam
1029 1170 1087 1232 suls
1102 1170 1401 1244 excommunicatio,

113 1256 165 1319 nis
183 1275 274 1336 plena
287 1257 443 1332 vitandae,
460 1257 522 1320 nisi
537 1265 572 1320 et
590 1258 651 1338 ipsi
671 1258 736 1320 sint
760 1257 948 1321 nominatim
971 1259 1162 1333 denuntiati3
1179 1276 1286 1320 eorum
1307 1258 1391 1320 enim

114 1345 201 1408 nulla
214 1346 375 1426 peculiaris
389 1346 521 1409 hahetur
536 1348 667 1421 meantia,
681 1365 746 1427 qua
764 1365 783 1410 a
802 1347 933 1422 caeteris,
950 1353 1043 1427 prout
1057 1347 1148 1409 fiebat
1162 1347 1197 1408 in
1211 1345 1299 1408 Bulla
1315 1351 1391 1412 illar-

115 1433 176 1494 tini
193 1437 231 1508 V,
248 1439 453 1498 secernantur.
470 1440 607 1515 Spectato
627 1437 722 1515 igitur
735 1441 809 1499 lure
827 1454 907 1498 novo
923 1453 976 1516 per
989 1435 1247 1498 constitutionem
1263 1437 1390 1515 Aposto-

114 1521 182 1584 tna
195 1521 284 1582 Sedis
298 1523 445 1598 stabilito,
460 1525 521 1587 duo
537 1532 661 1587 tantum
678 1530 840 1588 remanent
853 1542 957 1598 casus,
971 1523 1005 1585 in
1018 1523 1134 1603 quibus
1146 1521 1391 1585 excommnnica-

115 1609 232 1672 tionem
247 1611 378 1674 subeant
392 1613 446 1692 qui
461 1613 692 1676 oonununicant
705 1633 776 1676 cum
791 1612 976 1675 nominatim
986 1612 1250 1674 excommunicata
1262 1630 1280 1672 a
1292 1613 1388 1691 Papa:

115 1699 199 1776 prior
217 1699 358 1762 videlicet
377 1702 585 1782 quorumlibet
602 1702 901 1764 communicantium
920 1701 954 1762 in
973 1700 1102 1762 crimine
1121 1699 1299 1772 criminoso,
1316 1701 1392 1761 alter

113 1786 302 1850 clericorum
316 1789 614 1862 communicantium
630 1789 665 1851 in
678 1789 805 1852 divinis.
1190 1817 1194 1824 ·

407 1989 703 2032 zxcouflunlcsvwnas
720 1991 810 2032 xxm
826 1989 952 2032 cultim
970 1988 1103 2030 somnum

747 2105 761 2159 1

468 2208 519 2263 Eoo
530 2207 751 2265 Gomtttatione
766 2208 944 2264 Arosroarcs
960 2209 1042 2264 Snms

156 2325 483 2389 Eacemmunicatieae
499 2329 690 2402 mulctantur
700 2333 837 2392 Romano
851 2327 989 2391 Pontifici
1002 2329 1154 2391 reservata

151 2452 308 2510 absolvere
322 2457 529 2528 praesumentes
545 2458 609 2513 sine
623 2457 721 2512 debita
738 2455 887 2525 facultate,
902 2457 990 2511 etiam
1005 2455 1106 2526 quovis
1122 2452 1276 2526 praetextu,
1296 2451 1332 2509 ab
1348 2468 1395 2508 ev-

115 2534 426 2592 communicationibus
439 2538 564 2592 Romano
580 2535 711 2592 Pontifici
725 2535 851 2607 speciali
863 2536 951 2592 mode
965 2533 1132 2591 reservatis.

151 2613 302 2684 (clotena
316 2615 351 2671 tn
365 2615 433 2690 ipso
446 2615 677 2682 Constitutione,
693 2623 761 2690 post
777 2615 1011 2673 Excommnnic.
1026 2613 1136 2689 primae
1149 2611 1359 2682 recensionis.)

742 2749 772 2804 ll

667 2865 856 2922 Tridentino.

157 2985 189 3040 Si
210 2999 295 3054 quem
314 2983 487 3040 Clerieorum
504 2985 549 3040 vel
568 2985 721 3053 laicorum,
738 3000 915 3056 quacumque
935 2985 960 3040 is
981 2985 1134 3054 dignitate,
1149 2985 1237 3042 etiam
1254 2984 1398 3056 imperiali

121 3065 171 3122 aut
185 3063 287 3134 regali,
303 3064 484 3137 praefulgeat,
500 3065 530 3119 in
542 3067 653 3120 tantum
666 3065 806 3121 melorum
816 3065 943 3121 omnium
957 3065 1037 3120 redis
1048 3065 1192 3138 cupiditas
1203 3063 1397 3138 occupaverit,

122 3146 154 3202 ut
173 3144 297 3214 alicujus
317 3145 447 3201 ecclcsiae
467 3161 518 3200 seu
543 3147 672 3218 cujusvis
695 3146 842 3202 saecularis
862 3145 907 3201 vel
927 3145 1068 3216 regularis
1089 3145 1238 3215 beneficii,
1259 3145 1398 3200 montium

122 3225 250 3298 pietatis,
262 3223 441 3296 aliorumque
457 3225 568 3298 piorum
581 3225 707 3281 locorum
721 3225 946 3297 jurisdictiones,
961 3223 1045 3293 hona,
1061 3239 1165 3280 census
1181 3239 1213 3280 nc
1230 3225 1295 3294 jura
1311 3225 1399 3278 etiam

122 3303 248 3360 feudalia
262 3306 291 3360 et
309 3305 532 3377 emphyteutica,
547 3305 672 3374 tructus,
691 3307 898 3374 emolumenta,
916 3320 967 3362 seu
985 3319 1179 3376 quascumque
1196 3303 1398 3372 obventiones,

121 3401 187 3458 quae
204 3385 234 3440 in
249 3387 446 3442 ministrorum
463 3389 492 3442 et
507 3402 663 3460 pauperum
679 3387 867 3442 necessitates
882 3384 1008 3442 converti
1019 3385 1137 3452 debent,
1153 3400 1203 3456 per
1224 3399 1255 3440 se
1266 3382 1311 3438 vel
1326 3382 1400 3438 alios

122 3465 151 3520 vi
167 3465 213 3520 vel
228 3467 330 3522 timore
347 3466 479 3534 incusso,
496 3483 547 3522 seu
562 3467 650 3522 etiam
665 3483 716 3540 par
730 3467 894 3540 suppositas
908 3481 1045 3539 personas
1066 3465 1238 3522 Clericorum
1253 3463 1303 3519 aut
1317 3463 1401 3518 laico

122 3559 203 3610 rum,
218 3561 269 3601 seu
285 3561 463 3619 quacumque
479 3549 539 3602 arte
554 3549 604 3603 aut
619 3563 797 3620 quocumque
810 3547 932 3618 quaesito
948 3545 1041 3601 colore
1055 3546 1083 3599 in
1102 3543 1232 3617 proprios
1250 3558 1321 3598 usus
1336 3557 1401 3597 con-

122 3625 248 3693 vertere,
265 3625 387 3698 illosque
398 3643 538 3700 usurpare
551 3629 783 3701 praesumpserit,
800 3643 851 3682 seu
868 3625 1008 3700 impedire
1022 3642 1058 3681 ne
1072 3623 1108 3680 alr
1123 3623 1176 3692 iis,
1194 3623 1230 3679 ad
1250 3637 1320 3694 quos
1336 3621 1401 3693 jura

122 3703 282 3776 pertinent,
298 3707 502 3780 percipiantur,
516 3708 542 3764 is
552 3709 727 3764 anathemati
735 3707 844 3762 tamdiu
854 3705 1015 3777 subjaceat,
1028 3703 1165 3777 quamdiu
1171 3703 1399 3776 jurisdictiones,

122 3783 210 3853 hona,
227 3801 287 3854 res,
304 3789 384 3858 jura,
401 3789 511 3844 tructus
526 3789 554 3845 et
569 3788 695 3858 reditus,
709 3803 779 3860 quos
794 3785 975 3859 occupaverit
988 3786 1034 3841 vel
1048 3785 1098 3858 qui
1114 3785 1150 3841 ad
1168 3801 1233 3840 eum
1252 3781 1401 3855 quomodo

123 3879 261 3934 cumque,
272 3867 359 3922 etiam
371 3884 407 3922 ex
423 3869 574 3924 donatione
590 3869 746 3942 suppositae
759 3883 901 3941 personae,
919 3867 1117 3940 pervenerint,
1134 3863 1265 3920 ecelesiae
1281 3864 1401 3934 ejusque

120 3941 346 4002 administratori
362 3948 424 4003 sive
438 3949 606 4006 beneficiato
620 3949 728 4020 integre
739 3949 914 4015 restituerit,
926 3963 960 4002 ac
973 3945 1078 4002 deinde
1094 3948 1247 4002 aRomano
1264 3942 1401 4000 Pontifice

123 4022 332 4082 absolutionem
346 4027 512 4086 obtinuerit.

766 4099 855 4174 (Sese.
870 4097 966 4168 XXII,
982 4113 1106 4171 cap.x1,
1126 4095 1161 4154 de
1172 4095 1317 4168 Reform.)

167 4245 255 4304 1015.
270 4278 309 4286 —
325 4245 393 4306 Hac
408 4245 550 4306 adverte:

165 4334 197 4391 l⁰
212 4329 244 4391 Si
258 4331 430 4396 conseratur
441 4334 507 4396 haec
520 4333 700 4396 lvidentina
712 4351 849 4408 conserva,
869 4351 939 4394 cnm
959 4337 1005 4394 ll·
1020 4337 1052 4392 et
1066 4335 1118 4393 ile
1129 4329 1237 4410 prima
1252 4325 1400 4390 recensio-

124 4417 188 4494 nis,
205 4417 291 4482 facile
305 4428 443 4504 apparet,
458 4423 538 4484 hona
556 4429 587 4484 et
601 4424 673 4504 jura
696 4420 893 4484 ecclesiastica
907 4439 1008 4501 posse,
1025 4423 1164 4500 respecto
1178 4417 1283 4480 habito
1295 4415 1334 4478 ad
1348 4434 1400 4477 cx-

125 4508 417 4582 ccmmunicationes
429 4511 509 4576 latas
520 4531 574 4594 per
589 4511 847 4576 Constitutionem
858 4509 1044 4593 Apostoltcrc
1056 4507 1157 4587 Sedis,
1168 4509 1208 4572 ad
1218 4514 1277 4572 tres
1292 4505 1401 4572 classes
