3224 5044
205 211 273 274 3⁰6
734 216 944 263 recasuras

246 335 337 414 desp.
353 331 481 412 affirm.
496 331 694 412 probabilius,
711 329 860 409 quianon
874 327 998 391 ridetur
1016 345 1087 390 aim
1108 332 1194 390 tanto
1208 327 1306 408 rigore
1319 331 1485 408 proceden-

205 425 284 486 dum·
300 440 380 495 esse,
404 419 458 482 ubi
477 419 581 498 agitur
601 421 638 481 dc
662 417 847 497 delegatione
869 418 907 479 ad
921 434 1038 478 meram
1058 416 1236 491 liceitatem,
1252 435 1308 478 nec
1326 418 1486 480 ullatenus

205 530 304 575 sermo
318 517 364 572 est
378 509 415 571 de
426 509 526 576 valore
540 509 637 588 ipsius
651 506 849 569 Sacramenti.
866 509 1012 567 Attamen
1027 523 1090 567 nen
1104 504 1190 568 facile
1203 507 1417 586 praesumenda
1433 514 1484 570 est

174 661 176 668 .
205 600 275 664 talis
290 597 447 678 delegatio.
467 633 507 643 —-
519 598 552 659 S.
569 597 653 677 Lep„
671 617 701 656 n.
719 600 788 657 ma.
801 631 840 640 -
852 595 1003 657 Salmant.
1021 605 1050 656 et
1061 593 1119 655 aas
1130 601 1236 656 cantra
1248 595 1337 656 alios.

245 691 479 758 Verumtamen,
494 685 521 746 si
533 685 690 757 Sacerdos,
706 683 756 746 cui
773 682 998 745 administratio
1012 683 1106 764 hujus
1121 684 1307 746 Sacramenti
1319 684 1481 764 competit,

204 778 304 852 abest,
320 776 367 837 vel
380 773 695 836 excommunicatione
710 779 764 834 aut
783 772 982 852 suspensione
996 772 1118 850 ligatur,
1133 771 1263 851 quilibet
1283 773 1427 835 Sacerdos
1444 773 1481 834 in

205 883 276 927 casu
301 863 491 926 necessitatis
514 864 570 925 hac
595 864 829 924 Sacramentum
850 861 1069 922 administrare
1088 867 1202 940 potest,
1219 861 1282 922 ima
1296 879 1335 923 ex
1348 861 1482 923 Caritate

204 953 301 1016 debet.
318 985 358 1000 -
371 952 509 1014 Scaaiaa'.

244 1044 345 1116 aaran.
361 1046 393 1103 2⁰
409 1041 455 1101 Aa
467 1045 507 1100 sit
518 1040 642 1102 mortale
656 1043 791 1102 omittere
801 1043 952 1100 arationes
965 1039 999 1098 in
1012 1036 1134 1099 Ritaali
1141 1041 1349 1120 praescriptus,
1363 1037 1414 1100 aet
1423 1043 1483 1099 mi·

161 1185 164 1190 .
203 1135 333 1192 nistrare
347 1131 411 1192 sine
425 1129 553 1192 aestibus
572 1129 688 1190 sacris?

243 1219 333 1300 Ilesp.
348 1221 385 1281 ad
403 1225 455 1280 1ιιιΙι
475 1219 611 1300 affirm,
626 1218 699 1298 qtiia
713 1216 842 1278 materia
857 1217 944 1278 valde
964 1215 1066 1295 grume
1085 1219 1142 1278 est.
1158 1216 1271 1296 Excipe
1288 1215 1481 1278 necessitatis

204 1326 320 1370 casum.
337 1344 376 1354 —-
393 1307 428 1368 S.
445 1308 527 1384 Lt'p„
539 1327 569 1366 a.
587 1310 657 1379 tar,
673 1315 702 1368 et
716 1306 774 1366 atii
787 1309 992 1366 communiter.

242 1397 334 1472 Itesp.
353 1395 392 1456 ad
406 1399 460 1456 2²¹³
474 1394 598 1474 Asfirm.
611 1394 725 1474 pariter
739 1400 826 1456 extra
839 1393 1065 1467 necessitatem
1081 1394 1116 1455 in
1130 1395 1307 1457 necessitate
1320 1413 1394 1456 rara
1411 1414 1479 1475 pra

201 1483 335 1546 habilius
349 1503 415 1560 nega.
428 1518 470 1529 —
484 1484 535 1544 lta
549 1485 733 1544 communius
745 1500 817 1544 cum
832 1483 864 1543 S.
881 1483 965 1562 Lip„
981 1505 1012 1542 a.
1030 1487 1104 1556 726,
1121 1489 1226 1546 cantra
1239 1485 1408 1544 marcellae.

241 1577 311 1636 686.
323 1609 364 1618 -
380 1575 483 1648 Quae.
495 1576 528 1635 3⁰
545 1573 594 1634 Aa
610 1571 657 1633 ael
670 1571 769 1653 qualis
784 1575 825 1631 sit
840 1571 988 1650 ablipatia
1001 1573 1184 1635 Eutremam
1200 1573 1378 1635 [factionem
1392 1575 1478 1635 mini·

201 1661 342 1721 strandt'?

240 1750 332 1830 Ilesp.
348 1769 359 1809 .·
374 1755 490 1824 Pastor,
507 1749 570 1811 nisi
589 1750 675 1829 gravi
693 1749 798 1829 dique
821 1767 913 1811 causa
931 1758 1103 1825 excusetur,
1121 1757 1244 1812 tenetur
1256 1751 1376 1814 ratione
1388 1751 1473 1813 officii

202 1837 259 1900 sub
274 1838 397 1900 mortali
416 1856 484 1900 eam
507 1838 639 1900 subditis
658 1837 822 1918 periculose
841 1839 1062 1918 egrotantibus
1081 1841 1282 1920 eamdemque
1302 1840 1475 1920 petentibus

200 1925 445 1989 ministrare..—
458 1925 494 1999 S.
514 1928 635 2008 Lipor„
650 1949 682 1989 n.
699 1930 768 2001 729,
784 1935 843 1988 etc.
858 1963 900 1974 ·-
914 1927 1023 1990 Recole
1036 1928 1118 1990 dicta
1133 1929 1171 1990 de
1187 1929 1326 1994 Soram
1344 1933 1375 1988 ia
1387 1949 1476 2009 perre-

201 2035 249 2096 re,
268 2037 299 2077 a.
317 2020 386 2080 ata.

240 2106 341 2178 Quas.
354 2109 387 2167 4⁰
397 2105 448 2166 Aa
463 2105 510 2166 acl
522 2105 611 2186 quote
622 2115 778 2186 peccatam
791 2109 833 2165 sit
845 2107 1019 2168 ministrare
1029 2107 1208 2169 Extremam
1223 2107 1396 2170 (factionem
1408 2107 1475 2168 siae

204 2191 335 2252 latrina?

242 2281 349 2360 licam:
361 2286 428 2344 Nau
440 2284 649 2345 excusandum
661 2288 706 2344 est
716 2283 772 2344 hoc
787 2281 937 2356 cremiali,
952 2284 1013 2345 nisi
1026 2284 1188 2346 necessitas
1199 2293 1317 2365 urgeat,
1326 2293 1396 2348 tum
1407 2304 1476 2366 pro-

201 2376 268 2450 pter
281 2370 419 2432 Ecclesiae
434 2371 697 2444 consuetudinem,
715 2375 783 2432 tum
799 2371 835 2432 ob
850 2372 1051 2434 reverentiam
1064 2377 1259 2435 Sacramenta
1275 2373 1423 2437 debitam.
1437 2411 1476 2420 —

201 2460 345 2520 Attamen
364 2458 480 2520 vernale
495 2477 557 2520 uon
572 2460 705 2532 excedit,
723 2459 797 2538 quiin
815 2477 876 2520 naa
891 2460 1013 2522 ridetur
1033 2461 1147 2541 injuria
1163 2461 1263 2541 gravis
1281 2465 1477 2526 Sacramenta

201 2545 339 2628 irrogari.
352 2550 416 2608 lma
431 2546 551 2610 Rituale
562 2552 648 2611 Rom.
661 2547 729 2609 idea
744 2553 869 2609 tantum
880 2547 1002 2610 videtur
1012 2567 1128 2610 ceream
1144 2551 1297 2612 candelam
1309 2552 1476 2630 retinuere,

199 2641 236 2696 ut
250 2655 371 2696 accensa
388 2635 549 2696 Sacerdoti
561 2639 687 2718 enpanti
702 2639 801 2696 tumen
813 2637 960 2718 praebeat.
978 2673 1017 2682 -—
1030 2639 1063 2699 S.
1077 2639 1158 2717 Lep„
1173 2659 1204 2699 a.
1222 2644 1292 2714 tas,
1308 2647 1362 2700 etc.

241 2728 311 2786 687.
323 2761 362 2768 -
374 2726 475 2798 Qumis.
492 2729 525 2788 5⁰
543 2725 667 2800 (litanda
682 2727 809 2806 suscipit
821 2737 951 2807 ‹rprotus
967 2737 994 2787 et
1018 2727 1040 2788 V
1041 2729 1163 2788 iaticum
1176 2739 1203 2788 et
1217 2729 1395 2790 Extremam
1413 2728 1477 2790 Un-

202 2813 346 2886 atonem,
363 2813 515 2893 ptmdnum
529 2814 761 2875 Sacramentum
776 2815 881 2875 debeat
893 2818 981 2895 prius
995 2816 1232 2878 administrari?

242 2901 331 2981 llesp.
344 2921 356 2960 .·
373 2904 518 2963 Extrema
540 2903 650 2966 Unctia
670 2904 759 2965 debet
780 2909 849 2983 past
874 2904 1099 2966 Eucharistiam
1124 2905 1346 2968 administrari.
1362 2905 1412 2969 Sic
1429 2926 1478 2969 ex-

200 3008 302 3071 presse
323 2990 432 3054 statuit
452 2990 584 3054 Rubrica
607 2992 739 3053 ltt'tuatr's
757 2993 897 3053 [lontani.
912 3029 952 3038 -
966 2995 1000 3054 ln
1019 2993 1071 3056 illa
1089 3013 1161 3056 casu
1179 2994 1226 3056 bis
1250 2995 1371 3058 recitari
1390 2995 1477 3058 debet

203 3079 367 3160 Confiteor.
384 3113 423 3124 ·-
437 3080 492 3140 Sic
506 3079 541 3140 S.
560 3079 707 3162 Conprep.
726 3081 865 3161 Iadalp„
879 3087 898 3146 5
913 3082 1056 3144 Februar.
1071 3089 1160 3146 tati.

242 3171 344 3243 Quat.
358 3172 389 3230 6⁰
404 3167 496 3242 Ouala
509 3171 548 3228 sit
560 3183 716 3250 peccatam
730 3175 867 3232 amittere
882 3174 997 3254 sr'prram
1012 3177 1107 3233 crucis
1122 3173 1380 3235 inanescamus?

242 3257 331 3336 ltesp.
345 3276 357 3315 .·
372 3259 426 3317 Est
441 3257 558 3319 veniale
574 3265 697 3321 tantum
707 3263 797 3340 juata
811 3279 1007 3323 communem
1023 3260 1217 3336 sententiam,
1236 3262 1308 3342 qaia
1322 3263 1366 3324 ibi
1380 3270 1478 3326 mate·

202 3344 249 3408 ria
261 3345 364 3424 gravis
378 3363 441 3406 nan
455 3347 709 3426 apprehenditur;
727 3348 762 3412 in
779 3350 956 3412 necessitate
970 3368 1041 3413 vera
1058 3351 1180 3412 nidlum
1193 3357 1240 3413 est
1254 3357 1418 3432 peccatum.
1434 3387 1479 3396 -

204 3434 240 3495 S.
257 3435 341 3514 Lim,
356 3457 385 3494 n.
403 3438 473 3497 tas.

242 3527 312 3586 688.
329 3559 367 3568 —-
382 3525 483 3598 Quen.
502 3530 535 3586 7⁰
554 3526 604 3585 Aa
621 3524 669 3586 ael
682 3527 771 3606 quinte
785 3536 941 3608 peccatam
962 3532 1002 3587 stt
1015 3529 1152 3606 rarescere
1175 3529 1228 3589 bac
1245 3529 1475 3590 Soa-amentum

201 3615 266 3673 siae
278 3612 421 3672 ministra
439 3614 632 3688 observante,
650 3624 678 3675 et
694 3635 734 3675 on
750 3619 782 3674 in
798 3619 970 3676 necessitate
983 3617 1090 3677 mulier·
1105 3615 1245 3678 adbiberi
1255 3615 1369 3698 possit?

242 3701 333 3781 Itesp.
350 3701 388 3762 ad
404 3707 456 3762 1⁰¹²
471 3721 480 3762 :
495 3705 560 3763 Non
575 3709 621 3763 est
633 3705 760 3765 mortale
774 3705 896 3766 nullum
910 3703 1054 3766 adhibere
1070 3705 1266 3781 ministrnm,
1283 3712 1314 3768 et
1326 3706 1361 3767 in
1376 3725 1480 3769 neees-

202 3788 294 3851 sitatc
315 3790 435 3852 nullum
457 3795 503 3850 est
524 3799 690 3868 peccatum.
708 3793 812 3852 —lto
833 3796 1070 3854 camaeem'ssime
1091 3794 1233 3876 tbeolopi.
1248 3831 1288 3840 -
1306 3797 1370 3858 lam
1388 3799 1479 3877 juxta

201 3877 308 3957 plures
327 3877 526 3958 probabiliter
544 3879 666 3941 nullum
685 3889 733 3943 est
752 3889 908 3961 peccatum
931 3883 1026 3944 etiam
1047 3887 1132 3945 extra
1150 3883 1339 3946 necessitatis
1356 3903 1477 3948 casum.

204 3965 261 4025 Sed
273 3967 445 4045 appositum
459 3967 647 4047 probabilius
660 3969 737 4031 dicit
754 3975 789 4031 ὅ.
805 3971 887 4052 Lip,
903 3991 933 4032 a.
951 3975 1020 4034 Sil.

243 4052 333 4129 llesp.
350 4057 388 4116 ad
404 4061 477 4118 2³¹²:
492 4055 601 4118 Mulier
617 4059 654 4119 ad
673 4059 805 4120 officium
821 4060 1030 4122 ministrantis
1048 4079 1209 4141 nunquam
1226 4067 1274 4123 ost
1288 4061 1477 4136 adhi.benda;

203 4144 235 4200 et
251 4139 277 4200 si
293 4141 423 4204 Clericus
440 4151 494 4207 aut
511 4145 606 4207 laicus
620 4145 755 4208 inveniri
769 4147 853 4210 facile
872 4150 995 4229 nequit,
1012 4151 1154 4212 Sacerdos
1169 4151 1249 4212 salus
1268 4169 1375 4214 amnes
1390 4169 1478 4214 cara

203 4227 324 4289 manias
340 4238 471 4310 peragat,
488 4243 519 4296 et
533 4235 597 4315 ipse
609 4236 800 4299 orationibus
815 4241 1049 4318 respondeat.-
1064 4239 1115 4300 lta
1126 4239 1162 4301 S.
1177 4240 1259 4322 Lip„
1274 4241 1364 4319 tota,
1378 4251 1407 4303 et
1421 4239 1481 4302 atii

203 4335 449 4381 corltmttlttsstmt’.

243 4406 344 4557 Qtlffle·
358 4411 457 4556 8⁰?An
475 4419 643 4493 raspectwt
658 4419 755 4496 pascit
774 4421 882 4478 martis
900 4417 1047 4480 articulus
1063 4417 1106 4479 od
1123 4417 1334 4498 conserendum
1349 4421 1403 4482 bac
1418 4417 1478 4481 Sa·

204 4513 324 4558 eramen
341 4517 388 4559 om
