3198 5036
546 343 588 388 aa
608 343 857 388 eacnanrsrra
1270 333 1336 395 lll

67 476 121 538 per
136 475 166 519 ae
181 474 242 518 non
256 454 418 534 probibent
431 473 449 514 a
462 453 693 528 communione,
708 453 781 534 qnia
795 453 875 515 labes
887 451 947 515 illa
960 471 1022 516 non
1032 454 1157 517 obstant
1169 455 1335 536 devotioni,

68 565 136 628 qnae
151 549 197 607 est
209 543 368 623 dispositio
385 540 532 622 requisita
545 542 583 604 ad
597 542 863 604 Communionem.
879 577 919 586 -
930 539 965 602 S.
983 543 1066 623 Lip,
1087 541 1160 605 ibid.

109 639 139 698 3ο
153 633 296 698 Sacerdos
310 629 440 694 infectus
453 630 550 711 lepra,
567 637 621 693 aut
636 632 695 692 alia
707 631 888 692 infirmitate
901 631 1059 693 horrorem
1079 631 1248 709 excitante,
1263 637 1337 698 cele-

69 725 156 786 brare
180 727 298 802 potest,
315 721 367 782 sed
389 737 451 781 non
464 719 498 780 in
511 719 646 800 publico;
663 719 705 782 sic
721 719 806 780 enirn
828 737 865 780 ex
879 721 952 781 Iure
966 720 1108 782 canonino
1123 723 1279 786 statuitur.
1298 759 1338 770 -

69 813 104 874 S.
121 813 206 892 Lip,
224 809 298 872 idid.
897 879 899 886 ,

107 905 140 963 l⁰
154 898 306 962 Convenit
319 915 357 959 en
371 897 508 960 decentia
523 900 553 958 et
564 895 740 958 bumilitate
755 896 937 971 christiana,
955 902 991 960 ut
1003 897 1116 961 milites
1135 902 1341 966 communica-

70 990 134 1052 turi
154 990 193 1052 ad
216 1004 333 1049 sacram
354 1003 509 1061 mensam,
529 983 674 1066 depositis
694 985 805 1059 armis,
819 986 973 1048 accedant.
997 986 1087 1049 Nulla
1100 985 1205 1052 tamen
1222 991 1286 1070 lega
1302 991 1341 1052 ad

69 1079 100 1140 id
122 1077 308 1156 obligantur.
333 1109 374 1121 —-
399 1076 436 1138 S.
463 1075 547 1157 Lip,
574 1073 651 1136 ibid.
681 1109 720 1119 -
743 1074 827 1136 Idem
850 1073 970 1136 dicatur
989 1075 1025 1136 de
1047 1075 1132 1138 IaicIs
1155 1077 1342 1141 chirothecas

69 1166 192 1247 (ganta)
204 1164 419 1227 deferentibus.

594 1303 784 1364 APPENDIX
804 1304 817 1362 l

491 1457 529 1502 DE
545 1457 741 1502 connnntonn
760 1457 928 1508 renouarat

111 1605 182 1666 338.
196 1637 235 1646 -
252 1601 380 1664 Nomine
398 1600 631 1664 communionis
648 1601 816 1681 frequentis
834 1599 1040 1663 communiter
1057 1620 1128 1664 cum
1148 1603 1184 1664 S.
1202 1601 1272 1685 Lip.
1297 1605 1344 1666 in·

73 1691 257 1769 tolliguntur
269 1707 361 1751 sensu
380 1689 528 1751 strictiori
542 1689 782 1752 Communiones
796 1688 872 1760 illae,
886 1705 955 1767 quar
966 1689 1155 1774 prasteqdies
1172 1691 1345 1754 Dominicos

71 1779 119 1840 vel
129 1778 222 1839 festos
235 1776 316 1837 liunt
330 1777 437 1838 diebus
451 1775 607 1838 ferialibus
621 1775 715 1838 etiam
730 1775 796 1836 sine
808 1776 922 1854 praevie
935 1774 1129 1839 confessione.

111 1864 205 1928 Nulla
226 1863 329 1942 regula
352 1863 477 1926 omnino
499 1869 580 1924 certa
601 1863 678 1926 circa
696 1863 887 1942 frequentem
908 1864 1162 1926 Gommunionem
1182 1866 1277 1928 statui
1293 1883 1346 1946 po-

73 1959 147 2016 test.
165 1952 311 2026 Quadam
322 1951 418 2031 igitur
430 1951 600 2032 generatim
616 1957 740 2014 tantum
752 1949 970 2012 indicabimus.

112 2045 243 2104 Certum
272 2047 319 2102 est
339 2039 531 2120 frequentem
555 2039 829 2113 communionem,
851 2037 944 2100 etiam
970 2038 1202 2120 quotidianam,
1231 2061 1349 2124 semper

74 2129 171 2194 luisse
184 2127 219 2190 in
233 2128 365 2190 Ecclesia
379 2127 614 2207 optatissimam.
634 2131 760 2190 Constat
774 2133 806 2189 1ο
825 2146 863 2188 ac
876 2129 1023 2188 conmuni
1040 2129 1188 2212 suffrapio
1204 2131 1350 2211 Patrnm‚'

75 2218 129 2298 qui
145 2233 266 2296 semper
279 2217 367 2278 enixe
381 2232 450 2277 eam
464 2215 603 2278 fidelibus
619 2215 882 2278 commendarunt.
898 2219 1025 2278 Constat
1036 2220 1070 2278 2⁰
1084 2237 1123 2279 ea
1141 2218 1230 2280 Corae.
1248 2219 1348 2300 Tria,

76 2325 143 2367 sess.
162 2306 252 2378 XXII,
267 2325 293 2365 c.
308 2321 352 2378 vr,
370 2303 502 2366 ubisit:
521 2303 646 2386 Optare!
658 2304 779 2386 quddam
792 2312 895 2366 cancta
911 2303 1051 2385 Synodns
1064 2308 1237 2389 atainpnlie
1251 2309 1351 2371 nina

77 2393 182 2476 fideles
196 2393 367 2471 adstantes,
384 2411 445 2453 non
460 2393 555 2453 solnm
569 2392 730 2474 spirituali
744 2392 868 2472 affecta,
886 2393 938 2454 sed
953 2395 1168 2456 sacramentali
1181 2401 1273 2460 etiam
1284 2395 1350 2460 En-

78 2481 230 2544 clmrietie
242 2483 438 2564 perceptione
455 2482 718 2552 communicarent,
733 2501 790 2563 qno
798 2481 839 2542 ad
844 2501 891 2542 eos
899 2482 1083 2544 sanctissimi
1092 2483 1185 2564 tejas
1193 2486 1352 2568 Sacrificit'

79 2571 517 2652 srnctnsabercarpraaeniret.
534 2573 660 2632 Constat
675 2575 708 2633 3ο
718 2589 756 2631 ecc
774 2569 900 2632 Decreta
914 2570 1083 2633 Innocentii
1097 2571 1160 2652 XI,
1177 2593 1248 2637 ann.
1259 2579 1350 2651 1679,

80 2675 196 2720 necnon
219 2676 256 2722 ex
279 2658 436 2721 communi
457 2661 619 2720 Doctorum
644 2657 798 2738 suffragIo.
820 2659 918 2738 lgitur
934 2660 1117 2723 Communia
1143 2662 1285 2744 frequens
1305 2670 1353 2727 ost

81 2763 260 2828 magnopere
278 2747 446 2822 laudanda,
463 2751 556 2826 etqua
576 2745 765 2820 aParocbis,
780 2763 835 2808 nec
849 2763 912 2809 non
926 2764 943 2808 a
957 2747 1154 2811 confessariis
1170 2751 1258 2813 enixe
1274 2751 1352 2814 fide-

83 2835 161 2898 libus
174 2835 336 2898 suadenda.
349 2839 475 2897 Certum
489 2840 535 2896 ast
547 2834 682 2914 insuper,
697 2853 761 2897 non
772 2851 859 2914 posse
872 2835 1051 2914 generaliter
1066 2838 1216 2899 constitui
1235 2839 1299 2901 dies
1313 2839 1352 2902 ad

83 2941 198 2986 sacram
214 2923 439 2987 llnobaristiarn
456 2922 694 3002 suscipiendam;
712 2941 767 2985 nec
784 2923 852 2986 illos
872 2941 935 2985 esse
949 2923 987 2986 ab
1006 2941 1041 2986 ea
1055 2927 1213 3001 arcendos,
1227 2927 1281 3007 qui
1295 2925 1352 2990 frc-

84 3017 207 3092 quenter
221 3013 357 3074 accedere
371 3011 518 3092 cupiunt,
534 3009 596 3072 nisi
614 3011 736 3091 indigni
753 3011 927 3073 videantur.
944 3013 1058 3074 Totum
1077 3013 1133 3076 boa
1152 3015 1247 3094 igitur
1260 3015 1352 3077 relin-

84 3101 239 3181 quendum
253 3107 299 3163 ast
307 3099 423 3182 jndicio
437 3097 705 3173 confessariorum,
722 3099 777 3180 qui
789 3117 843 3178 pro
855 3098 1046 3164 conscientia
1061 3102 1196 3181 puritate
1208 3110 1238 3165 et
1251 3103 1353 3167 bactu

84 3207 99 3250 a
120 3207 204 3252 sacra
226 3207 333 3252 mensa
351 3193 505 3268 percepto,
526 3187 558 3248 id
574 3187 655 3268 quod
673 3187 803 3267 singulis
822 3187 921 3266 magis
940 3188 1141 3269 profuturum
1155 3191 1350 3266 existiment,

85 3278 273 3356 praescribere
287 3277 409 3340 debent.
424 3275 473 3337 Ita
484 3295 521 3336 ec
530 3274 629 3336 codem
642 3274 745 3337 Innac.
760 3275 794 3335 X
792 3276 808 3336 I
819 3277 957 3338 Decreta.

123 3371 193 3431 339.
209 3401 249 3413 -
269 3366 388 3430 Referre
403 3367 493 3446 juvat
515 3362 770 3444 principumque
795 3363 831 3424 de
854 3364 960 3426 hecra
982 3365 1075 3428 hebet
1095 3367 1131 3430 S.
1154 3368 1297 3450 Liparirn
1319 3368 1354 3431 ia

87 3453 158 3518 libro
173 3456 289 3517 Proats
304 3454 494 3535 Confessarii
508 3451 578 3533 (qai
593 3469 698 3514 versus
708 3451 803 3514 linem
817 3451 914 3532 operis
929 3454 1052 3534 majoris
1064 3456 1230 3537 reperitur)
1245 3476 1252 3518 :

126 3567 140 3604 a
162 3543 330 3625 loquimur
343 3543 393 3604 bic
408 3543 569 3605 dumtaxat
584 3541 620 3602 de
634 3541 739 3614 modo,
755 3557 815 3620 quo
828 3539 1010 3602 Confessarii
1024 3541 1134 3605 debent
1153 3561 1184 3605 se
1203 3563 1305 3625 gerere
1317 3545 1353 3607 in

25 3709 26 3714 ἵ
90 3651 104 3688 a
124 3633 311 3695 concedenda
329 3630 551 3694 Communione
572 3629 637 3691 suis
660 3628 891 3709 penitentibus.
918 3631 953 3690 ln
973 3629 1030 3691 bac
1050 3631 1177 3710 qrridem
1196 3639 1300 3696 errent
1314 3635 1351 3698 ab

90 3739 104 3775 c
124 3721 256 3784 nimiam
272 3719 515 3800 indulgentiam,
532 3717 585 3780 alii
598 3717 636 3780 ob
659 3717 795 3780 nimium
809 3715 952 3796 rigorem.
969 3721 1035 3782 Non
1052 3725 1098 3781 eet
1113 3720 1261 3796 dubium,
1275 3723 1353 3802 quin

26 3799 27 3836 ³
91 3827 105 3864 1
125 3827 206 3872 11101
223 3809 279 3883 sit,
295 3814 332 3870 ut
350 3807 483 3871 advertit
502 3807 612 3870 Bened.
630 3809 696 3868 XIV
711 3805 744 3868 in
761 3824 850 3868 aureo
867 3823 923 3868 suo
938 3805 1016 3869 libro
1036 3807 1073 3870 de
1091 3809 1234 3890 Spnodo,
1250 3827 1353 3874 concc-

91 3917 105 3953 r
126 3899 195 3960 dere
209 3898 465 3961 Gommunionem
479 3895 668 3976 frequentem
683 3894 722 3956 iis
741 3894 796 3975 qui
807 3913 886 3976 sape
899 3894 935 3978 111Ι
945 3903 1063 3976 peecata
1077 3897 1182 3976 gravia
1192 3897 1351 3976 labuntur,

91 4006 105 4042 1
127 4005 179 4048 neo
199 3985 321 4049 sobiciti
344 3991 419 4047 sunt
437 3986 474 4046 de
492 3985 608 4064 agenda
628 3982 810 4064 poerritentie
825 4001 860 4045 ao
878 3983 915 4046 de
931 4001 988 4046 sua
1004 3985 1231 4063 emendatione,
1245 3988 1352 4051 antiis

91 4093 106 4129 1
126 4073 178 4154 qui
190 4076 338 4137 accedunt
352 4075 389 4136 ad
407 4072 665 4136 communionem
677 4089 749 4133 cum
763 4071 874 4134 affectu
888 4073 926 4134 ad
939 4078 1058 4152 peccata
1071 4073 1203 4138 venialia
1213 4079 1278 4138 cine
1288 4076 1353 4138 allo

90 4183 106 4217 1
125 4161 268 4226 desdam
281 4181 311 4224 se
325 4161 363 4223 ad
379 4163 416 4223 iis
428 4159 588 4223 liberandi.

128 4273 143 4308 a
164 4251 295 4332 Expedit
309 4250 434 4331 quidem
446 4249 604 4312 concedere
615 4247 870 4312 communionem
883 4249 1054 4329 aliquibus,
1072 4251 1127 4332 qui
1142 4255 1289 4317 essentia
1302 4273 1354 4336 pe·

92 4359 107 4394 1
127 4340 222 4402 naulo
235 4339 358 4402 labendi
373 4339 408 4401 in
422 4341 544 4419 peccata
557 4337 696 4412 lethalia,
713 4344 750 4399 ut
763 4336 842 4399 vires
855 4336 1002 4418 recipiant
1013 4340 1053 4401 ad
1067 4341 1286 4419 resistendum
1303 4343 1356 4406 sed

92 4447 107 4482 a
128 4436 264 4510 respectu
274 4445 382 4490 aarum
397 4443 681 4508 personarumque
694 4443 755 4486 non
770 4424 923 4488 exsistunt
934 4425 968 4487 ln
982 4427 1035 4488 tali
1047 4429 1195 4508 periculo,
1211 4438 1243 4496 et
1258 4449 1356 4494 econ·

95 4535 109 4571 a
130 4517 222 4580 traria
233 4516 434 4581 committunt
450 4513 603 4578 ordinarie
617 4519 739 4594 peccata
760 4513 890 4576 venialia
905 4514 1085 4592 deliberata,
1104 4526 1135 4581 et
1155 4520 1240 4582 nulla
1257 4520 1291 4581 in
1311 4519 1356 4580 eia

94 4623 109 4660 a
130 4605 299 4670 emendatio
320 4621 419 4686 nequo
441 4601 628 4667 desiderium
647 4600 868 4666 emendationis
887 4601 1027 4683 affulget,
1042 4605 1197 4686 optimam
1214 4607 1274 4670 orit
1293 4625 1355 4670 non
