3224 5044
216 231 284 290 279.
746 236 953 282 rnacrnrus

220 379 234 413 r
257 355 333 436 Ape,
345 351 404 434 fili,
422 349 523 412 recede
541 349 664 423 aeneio,
681 349 783 410 desine
798 367 935 430 peccare,
950 357 979 410 et
993 359 1022 408 te
1038 356 1130 408 totum
1146 348 1177 407 in
1192 346 1252 409 Dei
1264 347 1405 421 brechia,
1425 369 1495 430 qum

219 468 234 502 a
257 451 295 503 ad
309 452 336 503 te
349 439 570 522 suscipiendum
583 449 652 499 sunt
668 446 803 516 extensa,
818 440 989 498 committe:
1003 436 1120 517 sufficit
1136 444 1276 517 quenbem
1292 437 1320 497 ei
1330 437 1493 518 peccasti!

219 556 234 592 ιι
257 533 326 612 Epo
340 540 400 590 toto
413 539 439 591 et
453 529 523 590 totis
537 527 649 588 viribus
664 535 692 587 te
707 526 856 606 adjurare
871 525 948 603 oola,
961 527 1029 586 oeni
1042 525 1084 586 ed
1094 543 1139 585 me
1151 545 1266 606 semper
1277 525 1381 586 celibi
1395 525 1494 606 lubet,

219 645 234 681 ιι
258 620 400 702 quoniam
413 618 542 679 iuvenies
552 625 686 697 patrem,
700 616 753 697 qui
768 625 797 674 te
816 614 941 696 deniqne
955 614 1106 695 suscipiet.
1124 613 1177 675 Ere
1189 613 1320 694 firmiter
1334 635 1414 674 nunc
1429 624 1495 676 sta-

219 733 234 768 ι
258 720 318 786 tae,
336 719 363 768 te
379 707 455 768 celle
465 715 602 766 sanctam
617 703 712 785 effici.
728 703 791 764 Per
805 712 834 764 te
850 711 920 766 stat.
933 702 1014 764 Deus
1029 703 1108 762 enim
1123 721 1242 784 semper
1250 711 1377 784 perotus
1392 713 1448 778 est,
1464 715 1496 765 et

219 822 234 857 o
255 807 421 880 propterea
436 795 491 856 tibi
505 793 559 855 icoc
584 802 696 874 tempus
716 793 887 874 impertitus
909 802 968 864 est,
985 801 1018 852 ιιι
1039 800 1160 852 avertas
1180 801 1209 852 te
1224 811 1243 851 a
1257 790 1334 853 melo
1348 801 1377 854 et
1390 793 1494 872 facias

220 911 234 946 a
258 887 374 948 bouum.
395 883 522 966 Oqaam
538 883 646 944 tonum
661 891 707 944 est
720 881 830 942 loedere
844 882 974 942 amicum
988 879 1139 942 Deeml...
1158 885 1215 942 etc.
1232 902 1247 938 o

763 1109 901 1152 PUNCTU'll
924 1108 946 1152 11

709 1239 748 1293 De
766 1237 862 1294 efficio
880 1237 995 1294 medici.

257 1407 464 1471 Goniessarius
478 1414 524 1469 est
539 1424 630 1469 verus
642 1406 817 1468 animarum
830 1405 976 1481 medicus
987 1423 1058 1468 cum
1075 1404 1156 1486 ipsas
1170 1405 1264 1468 variis
1278 1407 1392 1487 peccati
1406 1425 1488 1470 mor-

217 1496 264 1558 bis
279 1497 408 1576 eripere,
425 1496 529 1576 pravis
549 1494 728 1575 passionum
750 1494 908 1558 affectibus
931 1495 1080 1569 adimere,
1101 1502 1132 1556 ct
1150 1494 1264 1557 divine
1279 1495 1385 1574 gratim
1400 1496 1489 1559 resti-

218 1589 303 1646 tuere
318 1585 435 1647 debeat.
452 1583 659 1648 confessarius
671 1583 778 1664 igitur,
792 1588 830 1644 ut
840 1581 957 1664 peritus
969 1583 1117 1660 medicuS,
1129 1583 1218 1646 debet
1230 1589 1262 1646 1⁰
1274 1601 1400 1646 eausam
1414 1586 1487 1646 mali

217 1690 407 1753 cognoscere;
431 1677 464 1735 ⁶20
487 1673 565 1736 illud
592 1690 713 1749 sanare;
737 1677 770 1736 3ο
797 1672 951 1753 relapsum
976 1690 1154 1753 praecavere.
1177 1671 1349 1734 Audiamus
1377 1673 1487 1735 iterum

218 1759 253 1823 S.
266 1762 436 1844 Liparium,
454 1761 528 1823 ibid.

258 1855 328 1914 603.
344 1885 385 1898 -
398 1853 422 1913 I.
441 1851 653 1934 Coosessorios
671 1850 756 1912 debet
777 1869 901 1911 causam
921 1849 1018 1910 onorii
1041 1869 1229 1930 coprioscere.
1249 1873 1264 1908 a
1284 1849 1484 1917 Confessarim

221 1962 235 1998 ι
259 1947 296 2002 ιιι
316 1940 366 2002 sui
387 1940 567 2021 poenitentis
589 1938 826 2002 infirmitatibus
847 1937 990 2002 remediis
1011 1937 1189 2018 opportunis
1212 1945 1363 2012 occurrat,
1380 1957 1486 2016 cogno-

221 2051 235 2086 «
260 2030 368 2091 seenda
380 2037 426 2091 est
439 2029 521 2108 origo
536 2034 565 2091 et
578 2047 669 2090 causa
681 2027 822 2090 omnium
835 2030 902 2108 ejus
916 2025 1125 2107 spiritualium
1139 2027 1328 2090 morborum.
1342 2027 1489 2089 Nonnulli

222 2139 237 2176 c
259 2121 368 2196 praeter
387 2117 500 2198 species
519 2124 549 2178 et
568 2135 735 2178 numerum
754 2121 944 2196 peccatorum
959 2114 1037 2177 nibil
1055 2115 1138 2178 aliud
1154 2115 1340 2198 inquirrmt:
1353 2115 1378 2177 si
1391 2115 1489 2196 pmni-

223 2227 238 2264 ι
262 2211 378 2267 tentem
394 2205 579 2284 dispositum
592 2205 708 2279 vident,
719 2204 826 2265 statim
838 2222 910 2266 eum
922 2203 1100 2278 absolvunt;
1112 2203 1160 2265 sin
1173 2203 1289 2279 minus
1300 2204 1378 2284 quin
1388 2221 1488 2266 unum

221 2316 236 2352 r
260 2293 390 2355 verbum
410 2292 606 2372 impendant,
624 2292 704 2353 illico
725 2291 906 2366 dimittunt,
927 2291 1012 2353 ocirlo
1031 2295 1141 2354 retorto
1157 2293 1310 2355 dicentes:
1326 2291 1449 2354 Discede
1470 2314 1487 2352 o

222 2404 237 2440 a
261 2400 317 2458 me,
333 2382 405 2462 quic
420 2389 447 2440 te
461 2380 612 2442 absolvere
633 2399 690 2440 non
703 2399 832 2460 possum.
850 2380 948 2442 Aliter
968 2381 1133 2459 procedunt
1151 2381 1224 2444 boni
1238 2379 1437 2444 Confessarii:
1454 2381 1486 2443 bi

221 2490 237 2527 «
259 2468 343 2530 enim
363 2468 450 2548 prius
470 2467 659 2546 investigent
676 2467 776 2529 morbi
792 2467 942 2547 originem
962 2474 992 2530 et
1010 2469 1208 2547 gravitatem,
1225 2470 1438 2550 interrogando
1452 2471 1487 2532 de

221 2579 236 2616 a
260 2556 371 2636 peccati
384 2555 616 2628 consuetudine,
631 2556 668 2618 de
683 2555 905 2630 occasionibus,
922 2557 959 2618 de
973 2563 1122 2637 tempore,
1139 2558 1267 2634 deloco,
1283 2559 1318 2620 de
1330 2559 1485 2637 personiS,
1605 2583 1607 2606 ⁴

220 2667 235 2704 ι
258 2663 330 2707 cum
343 2644 472 2726 quibuS,
488 2662 548 2726 quo
563 2663 667 2706 rerum
682 2662 841 2706 concursu.
856 2644 904 2706 Sic
916 2644 1001 2708 enim
1016 2645 1127 2708 melius
1145 2650 1286 2726 poterunt
1300 2645 1486 2726 poenitentes
1606 2659 1607 2664 ’

220 2758 236 2792 (ι
257 2735 420 2815 corrigere,
439 2753 489 2798 eos
513 2735 550 2796 ad
574 2733 797 2797 absolutionem
817 2732 990 2814 disponere,
1008 2741 1039 2796 et
1058 2735 1191 2798 remedia
1215 2733 1358 2798 salutaria
1378 2735 1487 2816 adjun-

219 2847 234 2884 α
256 2823 540 2978 {itii-{imici
557 2912 694 2974 mortum
714 2931 835 2974 sonore.
852 2933 867 2970 c
886 2911 1014 2993 Cognita
1036 2912 1136 2976 morbi
1149 2912 1265 2992 origine
1279 2919 1310 2976 et
1322 2913 1484 2994 gravitate,

219 3023 234 3062 ι
257 3001 463 3065 confessarius
476 3001 618 3081 procedat
629 3003 665 3063 ad
681 3001 799 3063 debitas
816 3001 1095 3064 animadversiones
1112 3001 1274 3064 iaciendas.
1290 3005 1328 3064 Et
1347 3001 1487 3085 quamvis

218 3113 233 3150 ιι
256 3092 322 3173 ipse
335 3089 442 3154 debeat
456 3094 607 3171 tanquam
620 3097 707 3170 pater
720 3108 790 3152 cum
806 3089 932 3151 caritate
943 3089 1080 3169 poeniten
1085 3097 1128 3154 tes
1141 3090 1324 3168 auscultare,
1336 3097 1437 3154 tamen
1452 3097 1488 3152 ιιι

215 3201 230 3240 ι
255 3180 391 3243 medicus
406 3185 539 3254 tenetur,
554 3185 707 3260 quantum
723 3197 799 3258 opus
810 3183 870 3252 est,
886 3196 936 3240 eos
950 3196 1073 3240 monere
1088 3183 1117 3241 et
1131 3178 1289 3260 corrigere,
1303 3199 1353 3244 eos
1365 3199 1487 3260 prascr-

215 3291 231 3328 ι
255 3269 313 3332 tim
330 3268 400 3351 qui,
421 3267 529 3330 multis
548 3267 731 3330 mortalibus
750 3267 882 3346 gravati,
896 3267 936 3328 ad
953 3267 1145 3330 Paenitentia
1166 3270 1398 3332 Sacramentum
1420 3287 1487 3331 raro
1604 3311 1605 3328 ,

216 3379 231 3415 ι
256 3357 440 3421 accedunt...
456 3361 515 3420 Nec
529 3355 735 3419 Confessarius
750 3356 839 3418 debet
860 3362 934 3418 tunc
952 3357 1107 3418 attendere
1123 3356 1197 3419 alios
1216 3357 1413 3437 prenitentes,
1431 3357 1488 3436 qui

215 3469 230 3506 ι
254 3465 286 3510 se
297 3446 508 3509 circumstant.
523 3449 615 3519 Nam,
633 3452 669 3507 ut
683 3444 784 3506 aiebat
798 3448 828 3508 S.
845 3443 1024 3506 Franciscus
1038 3444 1201 3520 Xaverius,
1218 3445 1325 3507 melius
1346 3449 1392 3505 est
1407 3461 1488 3524 pau-

216 3557 231 3594 ι
254 3553 360 3598 corum
370 3533 572 3596 confessiones
583 3533 640 3595 rite
652 3531 745 3596 lactas
757 3532 979 3613 audire‚quam
992 3533 1162 3596 multorum
1174 3533 1362 3598 inordinatas
1374 3537 1406 3594 et
1418 3531 1488 3595 sine

214 3645 229 3682 ι
251 3623 364 3688 fructu.
378 3623 433 3685 Hie
447 3622 690 3684 animadvertere
699 3627 827 3702 oportet,
837 3639 932 3702 quam
946 3639 1104 3702 perperam
1120 3628 1220 3702 agunt
1232 3621 1277 3684 illi
1291 3619 1487 3693 confessarii,
1603 3657 1604 3670 ι

214 3734 229 3771 a
253 3711 318 3793 qui,
335 3711 362 3774 si
376 3710 578 3792 penitentem
591 3709 810 3790 indispositum
826 3709 1056 3784 nanciscuntur,
1069 3727 1108 3773 ne
1121 3729 1193 3772 cum
1207 3709 1258 3773 illo
1271 3709 1388 3790 aliquid
1399 3707 1487 3772 insu·
1603 3765 1604 3772 ,

214 3823 229 3860 ι
251 3808 341 3864 mant
361 3798 520 3880 temporis,
536 3798 642 3862 statim
663 3817 681 3860 a
705 3817 737 3860 se
759 3797 843 3860 abire
860 3797 1009 3879 jubent...
1024 3801 1063 3860 Et
1080 3817 1192 3879 parum
1213 3797 1318 3875 refert,
1333 3799 1415 3880 quod
1433 3797 1485 3858 alii

214 3911 229 3948 ι
252 3895 428 3970 exspectent
449 3894 505 3950 aut
524 3886 689 3950 inconfessi
706 3885 877 3961 discedant;
894 3885 1101 3950 confessarius
1121 3887 1206 3950 enim
1220 3887 1256 3950 de
1272 3885 1328 3950 hoc
1348 3893 1482 3953 tantum,

213 3998 228 4034 c
251 3977 305 4056 qui
321 3977 380 4039 sibi
395 3995 479 4040 nunc
492 3975 665 4053 confitetur,
683 3993 744 4038 non
757 3992 827 4037 vero
839 3975 876 4037 de
889 3973 958 4036 aliis
972 3973 1006 4036 in
1019 3974 1067 4037 die
1076 3975 1188 4056 judicii
1202 3974 1351 4038 rationem
1363 3974 1485 4038 reddere

213 4085 229 4123 α
251 4063 704 4216 {eiiiitniiviuiioncctiones
721 4159 776 4216 aut
795 4151 995 4226 monitiones,
1010 4157 1135 4234 praestat
1148 4158 1184 4215 ιιι
1198 4152 1354 4216 laboretur
1368 4153 1408 4215 ad
1421 4149 1485 4214 dis-

213 4264 229 4296 «
251 4241 427 4321 ponendum
440 4242 643 4322 poenitenlem
657 4241 695 4304 ad
711 4241 935 4305 absolutionem
957 4259 1011 4323 per
1028 4248 1114 4304 actus
1129 4241 1193 4304 veri
1207 4239 1319 4303 doloris
1331 4246 1362 4302 et
1378 4258 1482 4321 prope-

213 4351 228 4388 ι
252 4329 318 4406 siti;
333 4329 473 4410 quocirca
482 4330 616 4394 monitos
628 4350 692 4394 esse
700 4331 766 4394 volo
780 4329 994 4406 confessarios,
1004 4347 1168 4411 perpaucos
1177 4329 1243 4392 illos
1255 4347 1320 4392 esse
1331 4328 1484 4410 poeniten-
1601 4319 1602 4336 ¹

213 4440 229 4478 ι
252 4425 308 4494 tes,
317 4417 485 4500 prasertim
496 4420 600 4495 rudes,
609 4419 664 4500 qui
673 4419 835 4500 praeposito
847 4424 916 4482 actu
928 4417 1039 4482 doloris
1053 4419 1092 4481 ad
1106 4417 1312 4482 confitendum
1326 4417 1482 4481 accedant.
1601 4429 1602 4466 ι

213 4529 229 4564 ιι
251 4507 396 4572 Nonnulli
408 4506 589 4570 confessarii
603 4514 716 4588 putant
731 4507 806 4572 satis
820 4507 943 4572 muneri
956 4526 1011 4570 suo
1029 4505 1146 4583 iecisse,
1162 4506 1187 4569 si
1201 4507 1365 4570 dumtaxat
1375 4506 1485 4586 hujus-
