3198 5034
410 240 453 284 DE
474 237 649 284 statinus
669 232 985 280 eenricutnntntts
1287 229 1329 290 21

78 369 133 414 esse
148 349 280 412 irritum.
296 348 421 412 Etenim
435 353 468 412 l⁰
482 347 611 411 irritum
624 365 686 410 uon
702 352 749 409 est
766 343 884 407 ratione
901 343 965 407 voti
979 343 1127 426 simplicis
1148 351 1297 416 castitatis
1315 374 1333 418 a

79 439 123 502 tali
139 456 228 502 uxore
244 437 365 514 emissi;
382 442 415 502 2⁰
427 455 482 500 nec
501 443 547 500 est
564 436 691 498 irritum
712 453 750 497 ex
768 432 889 514 speciali
904 433 968 512 lege
986 434 1145 498 Ecclesiae:
1159 455 1233 500 nam
1248 459 1286 503 ex
1298 461 1333 506 eo

79 528 146 608 quod
158 527 328 608 jubeantur
342 529 483 608 conjuges
499 523 647 606 separari,
662 541 726 587 non
743 521 883 603 sequitur
900 539 1007 584 eorum
1020 523 1258 590 matrimonium
1269 547 1333 593 esse

77 615 250 691 inrabdum3
274 614 423 696 separatio
447 613 532 678 enim
547 613 651 696 juberi
670 618 770 693 potest
790 610 825 672 in
846 628 969 690 prauam
990 611 1117 674 secundi
1142 615 1333 681 matrimonii

77 711 167 768 contra
193 707 300 767 votum
326 709 357 766 et
381 702 621 784 prohibitionem
648 699 804 764 contracti.
828 703 889 762 Hoc
909 698 985 762 dicit
1005 706 1052 763 sat
1072 701 1226 782 probabile
1251 705 1333 770 idem

79 792 107 854 S.
116 793 197 874 Lip„
211 792 286 856 ibid.

321 955 337 1043 ἓ
357 956 420 1024 lll.
441 956 489 1022 De
502 955 687 1044 gestatione
707 953 844 1022 babitus
861 961 892 1021 et
911 961 1074 1022 tonsurae.
1143 1007 1145 1011 ,

107 1152 156 1211 ii.
172 1185 212 1195 -
225 1147 348 1224 Clerici,
366 1149 473 1211 saltem
489 1147 658 1229 majoribus
671 1145 838 1210 Ordinibus
849 1145 982 1222 initiati,
996 1147 1171 1229 obligantur
1183 1150 1222 1212 ad
1239 1150 1335 1214 leren-

76 1237 137 1299 dam
152 1244 312 1300 tonsuram
326 1245 358 1300 et
370 1241 486 1300 vestem
501 1235 679 1299 clericalem.
689 1239 814 1300 Constat
827 1253 865 1298 ex
876 1235 1021 1300 universo
1031 1242 1104 1301 ture
1118 1256 1197 1312 can„
1210 1257 1335 1319 praeser-

75 1325 122 1386 tim
140 1344 177 1388 ex
195 1326 286 1390 Cone.
310 1326 409 1405 Tria,
429 1343 499 1389 sess.
519 1327 598 1400 XIV,
613 1344 680 1409 cap.
702 1343 749 1400 m,
765 1324 801 1386 de
824 1323 1009 1402 disscernat,
1029 1325 1084 1388 ubi
1107 1325 1239 1390 dieitur:
1258 1327 1337 1404 Ouia

75 1433 131 1477 cero
145 1418 204 1476 etsi
219 1414 342 1477 babitus
355 1435 415 1476 non
426 1414 504 1494 facit
516 1413 706 1492 Monachum,
721 1423 837 1496 oportet
848 1423 945 1476 tamen
961 1413 1093 1478 Clericus
1105 1423 1197 1478 vestes
1204 1417 1336 1500 proprio

75 1513 257 1584 conprnentes
273 1503 386 1566 Ordini
397 1521 512 1586 seraper
526 1502 657 1584 deferre,
670 1511 703 1564 at
712 1523 772 1586 per
785 1503 949 1566 decentiam
962 1503 1083 1565 babitus
1097 1505 1261 1568 eetrinseci
1271 1525 1339 1568 mo-

75 1611 129 1653 ron
142 1592 329 1656 honestatem
347 1594 542 1656 intrinsecam
558 1591 728 1654 ostendant.
743 1594 871 1673 Insuper
889 1591 964 1653 ibid.
980 1591 1156 1674 injungitur
1171 1593 1335 1675 Episcopis,

76 1687 102 1741 ut
117 1681 366 1758 praevaricatores
386 1681 463 1744 serio
478 1687 638 1755 moneant,
655 1685 686 1742 et
700 1679 727 1742 si
741 1698 805 1742 nou
823 1679 1049 1760 obtemperent,
1065 1699 1115 1744 eos
1130 1682 1253 1746 asacris
1266 1682 1337 1746 lun·

77 1767 223 1830 itionibus
236 1773 406 1832 amoveant.

105 1854 241 1920 Habitus
263 1860 366 1918 autem
387 1856 532 1920 clericalis
545 1856 651 1918 varias
671 1862 718 1918 est
736 1873 789 1936 pro
804 1853 898 1917 variis
919 1854 1106 1934 regionibus.
1125 1860 1277 1920 standum
1294 1863 1341 1921 est

78 1942 161 2022 igitur
178 1949 251 2008 tum
265 1943 495 2018 consuetudini,
510 1951 578 2006 tum
591 1942 828 2024 particularibus
842 1943 977 2005 locorum
989 1943 1123 2006 statutis.

189 2129 389 2208 Quaeslta.

111 2297 157 2356 lb.
173 2328 212 2339 -
224 2294 326 2368 Quas.
342 2297 373 2355 1⁰
386 2292 439 2353 An
451 2301 573 2373 peccent
583 2290 719 2370 praviter
731 2289 847 2352 Clerici
857 2309 919 2351 non
936 2290 1103 2370 deferentes
1118 2291 1278 2355 habitam?

116 2381 199 2463 Resp.
210 2383 238 2444 A
240 2385 331 2462 ffinn.
344 2399 401 2462 per
410 2399 450 2454 se,
462 2379 523 2442 nisi
536 2379 616 2442 adsit
626 2381 712 2460 Justa
725 2378 811 2454 ratio,
819 2379 868 2441 vel
880 2385 1003 2442 excuset
1014 2381 1150 2444 materiae
1159 2381 1278 2457 levitas,
1286 2401 1339 2446 seu

80 2469 213 2550 temporis
234 2469 396 2550 exiguitas.
413 2502 454 2516 -
467 2468 504 2530 S.
527 2466 599 2549 Lip.
618 2467 670 2530 tib.
685 2470 740 2542 vl,
757 2488 789 2528 n.
804 2472 874 2531 825.
891 2503 930 2514 -
944 2469 1054 2532 Bened.
1071 2472 1150 2545 XIV,
1167 2469 1202 2532 de
1219 2469 1337 2554 Synod.

81 2558 228 2622 deiecesana
246 2557 267 2621 t.
281 2561 337 2633 Xl,
353 2578 378 2620 c.
395 2575 462 2622 rur.
479 2591 519 2602 —-
532 2557 690 2635 Ferrarii,
709 2556 745 2618 V.
764 2555 911 2620 Clericus.

114 2647 291 2711 Admittunt
314 2653 419 2709 autem
439 2644 655 2719 communiter,
674 2663 739 2708 esse
755 2645 873 2708 reniale
894 2646 986 2709 semel
1004 2650 1128 2710 tantum
1149 2654 1204 2710 aut
1223 2649 1338 2712 iterum

82 2733 210 2800 habitum
226 2735 410 2816 relinquere.
428 2736 587 2810 Quantum
605 2740 710 2796 autem
728 2732 874 2814 temporis
889 2735 1024 2816 spatium
1038 2735 1207 2816 requiritur
1219 2739 1257 2800 ad
1272 2755 1339 2818 pec-

82 2829 173 2887 catum
193 2825 338 2900 mortale,
358 2842 422 2887 non
441 2822 478 2886 in
499 2839 621 2904 genere,
642 2823 694 2885 sed
715 2840 752 2885 cr
769 2821 839 2885 solis
858 2821 1098 2887 circumstantiis
1120 2831 1221 2905 potest
1241 2826 1338 2887 deter-

81 2929 191 2977 mnan.

114 3003 168 3065 lter
179 3021 253 3067 sero
267 3001 429 3084 agentibus
443 2999 569 3064 habitus
587 2998 781 3082 permittitur
795 2999 986 3075 contractior,
1003 3002 1055 3064 sed
1070 3000 1152 3081 nigri
1170 3000 1292 3074 coloris,
1308 3006 1338 3063 et

81 3087 108 3151 in
119 3109 175 3172 quo
188 3093 282 3156 decus
294 3097 324 3154 et
337 3089 481 3153 honestas
494 3095 594 3153 status
606 3087 751 3152 clericalis
766 3089 912 3152 eluceant.
923 3093 1024 3153 Potest
1030 3097 1136 3152 autem
1143 3089 1268 3152 babitus
1282 3089 1339 3152 cle·

83 3176 170 3243 ricalis
184 3179 321 3245 totaliter
332 3177 467 3258 relinqui
482 3196 520 3239 ex
534 3176 621 3256 gravi
635 3195 740 3252 eausa,
756 3196 787 3240 r.
804 3195 863 3258 gr„
880 3177 908 3241 si
921 3177 1085 3241 immineat
1098 3177 1275 3259 persecutio,
1291 3179 1339 3242 vel

82 3265 103 3326 si
116 3285 163 3348 per
174 3271 239 3333 loca
250 3267 480 3339 hereticorum,
496 3262 685 3340 infidelium,
698 3265 746 3328 vel
759 3264 926 3346 impiorum
943 3265 1109 3330 hominum
1122 3267 1164 3329 sit
1176 3273 1339 3331 transeun-

82 3353 159 3432 dum,
172 3363 227 3423 etc.

114 3449 159 3508 l'l.
173 3483 214 3494 —
231 3451 334 3524 Quae.
350 3449 384 3509 2⁰
396 3444 448 3507 An
465 3442 555 3504 etiam
575 3437 690 3503 Clerici
705 3440 740 3500 in
758 3441 852 3502 sacris
865 3462 925 3502 non
938 3445 1097 3505 constituti
1112 3452 1273 3507 teneantur
1286 3439 1341 3500 snb

81 3535 159 3610 pact
169 3536 215 3600 nei
227 3536 284 3599 neb
299 3533 411 3598 leniaci
423 3531 558 3594 taetrum
569 3527 738 3592 clericalem
753 3527 969 3608 deserendum?

115 3621 217 3707 deep:
225 3624 408 3706 Negandum
420 3619 544 3684 videtur
557 3618 658 3700 quoad
669 3620 908 3698 utrumquem
921 3619 1077 3681 mmmuni
1092 3619 1176 3681 enim
1191 3615 1342 3681 sententia

82 3709 159 3773 adid
172 3732 231 3778 uon
245 3717 392 3777 tenentur
406 3710 464 3774 sub
480 3713 586 3792 praei,
600 3709 714 3771 secluso
734 3705 887 3783 scaudalo;
905 3725 960 3769 neo
979 3705 1175 3789 probabiliter
1188 3705 1246 3768 sub
1264 3704 1339 3781 levi,

82 3802 177 3864 stricte
189 3801 336 3887 loquendo
353 3807 385 3864 et
393 3819 453 3883 per
466 3817 510 3874 se,
529 3796 604 3880 quio
625 3794 769 3877 obligatio
783 3793 906 3859 ridetur
919 3801 1044 3860 tantum
1061 3795 1207 3876 imposita
1221 3793 1342 3859 Gleriois

82 3882 111 3947 in
134 3889 228 3956 Sacris
249 3889 416 3954 Ordinibus
437 3885 626 3950 constitutis.
647 3885 879 3948 Attendendum
896 3891 1001 3950 tamen
1023 3889 1069 3948 est
1093 3885 1132 3946 ad
1149 3885 1221 3965 jura
1246 3883 1341 3966 parti·

83 3975 199 4056 cularia,
216 3987 248 4044 et
266 3979 305 4042 ad
322 3979 459 4041 locorum
481 3973 745 4039 consuetudinem.
769 3976 920 4037 (laterum
936 3975 1031 4038 etiam
1047 3970 1198 4053 simplices
1219 3971 1339 4048 Clerici,

85 4067 222 4208 {tuamdiu
242 4065 349 4134 Clerici
369 4084 434 4130 esse
451 4065 574 4137 volunt,
590 4068 689 4126 restes
710 4060 894 4125 modestiam
912 4062 1078 4126 clericalem
1099 4061 1265 4126 redolentes
1290 4061 1341 4124 de-

94 4167 150 4217 erre
160 4157 282 4221 debent.
617 4163 619 4171 ’

120 4243 293 4327 Excipieudi
312 4252 417 4308 tamen
430 4247 505 4306 sunt
518 4238 626 4305 Clerici
643 4237 829 4314 beneficiati,
844 4239 913 4321 qui,
926 4239 997 4302 lieet
1013 4255 1075 4302 non
1093 4239 1157 4303 sint
1173 4241 1208 4303 in
1230 4237 1338 4312 meris,

85 4327 178 4395 adem
190 4333 264 4414 lege,
280 4352 315 4396 aa
327 4329 432 4396 Clerici
446 4327 626 4411 superiores,
642 4327 682 4390 ad
692 4325 834 4390 habitum
846 4327 1045 4391 deferendam
1060 4333 1216 4402 tenentur,
1230 4330 1261 4389 et
1273 4324 1341 4406 qui-

85 4413 144 4480 dem
157 4422 214 4484 sub
229 4439 321 4504 poena
335 4417 543 4501 suspensionis
561 4436 580 4479 a
596 4413 750 4479 beneficiis
763 4421 794 4478 et
810 4416 897 4479 omni
912 4414 1111 4480 ecclesiastica
1121 4415 1289 4497 dignitate,
1303 4419 1340 4475 ut

85 4513 192 4572 constat
204 4529 241 4574 ex
251 4509 339 4576 Bulla
348 4507 428 4572 sixti
438 4507 477 4581 V,
496 4505 570 4571 Cnm
585 4515 801 4584 sacrosanctae,
814 4504 864 4566 die
875 4507 895 4567 e
908 4501 980 4568 dan.
997 4509 1087 4570 ttae.
