3198 5036
206 233 270 292 116
736 243 944 287 recasurus

246 359 283 420 ΙΙ.
297 353 425 420 Materia
436 352 581 434 proximo
600 355 645 414 est
663 352 769 416 unctio
783 353 958 416 chrismatis
973 354 1189 418 confirmandis
1207 355 1355 437 applicata
1369 359 1407 423 ab
1421 361 1482 425 hu-

203 449 256 530 jus
271 441 458 506 sacramenti
474 441 615 505 Ministro
628 458 682 521 per
695 459 807 504 manus
824 441 1063 522 impositionem.
1080 446 1207 507 Constat
1224 463 1261 506 ex
1273 447 1482 512 Declarationc

207 531 362 598 Benedicti
389 533 466 604 XIV,
495 529 592 611 Epist.
620 530 732 612 encycl.
760 530 815 592 Ea
839 549 897 611 pua
920 531 1073 612 premam,
1097 533 1152 594 ubi
1172 532 1235 596 hac
1257 532 1373 596 habet:
1397 537 1486 612 Oacd

206 627 309 704 itaque
328 629 417 681 satra
438 622 672 680 controversiam
695 627 753 694 est,
775 619 830 680 bac
850 618 994 682 dicatur:
1009 624 1153 682 nimirum
1169 625 1202 682 ia
1220 621 1363 685 Ecclesia
1382 625 1483 689 latina

206 707 453 791 Coafimaatiam's
472 705 705 769 Sacramentum
726 707 874 789 conferri,
900 708 1038 770 adbibita
1054 728 1137 771 sacra
1154 709 1316 773 abr-israele
1334 714 1396 776 siae
1416 714 1483 778 aleo

204 799 354 863 olivarum
365 795 499 857 balsamo
513 800 688 874 commisto,
704 806 732 858 et
748 796 786 859 ab
800 797 955 880 Episcopo
972 797 1132 878 benedicta,
1144 798 1290 883 ductoque
1298 804 1386 883 aqna
1401 801 1484 865 Cru-

203 890 245 951 cis
255 907 315 970 per
327 881 518 948 &mamerti
528 885 707 947 Ministram
717 885 750 945 ia
761 886 862 965 fronte
871 887 1074 968 suscipientis,
1085 888 1156 950 dam
1170 887 1247 950 idem
1261 887 1401 952 Minister
1414 893 1483 973 sar-

202 998 257 1039 ma
271 975 363 1039 cerba
371 975 503 1056 profert.

243 1069 322 1146 Ergo
345 1062 475 1125 materia
494 1062 635 1143 proxima
649 1063 894 1126 confirmationis
913 1083 975 1127 non
993 1064 1131 1128 consistit
1147 1066 1327 1146 partialiter,
1345 1075 1381 1131 ut
1401 1070 1482 1133 olim

202 1153 348 1218 volebant
358 1151 476 1233 plures,
492 1151 527 1212 in
544 1151 676 1230 generali
690 1151 886 1232 impositione
899 1171 1011 1216 manus
1023 1153 1061 1218 ab
1076 1154 1221 1235 Episcopo
1236 1155 1270 1216 iu
1284 1174 1391 1219 omnes
1405 1175 1479 1222 con-

201 1243 368 1307 firmandos
381 1239 470 1302 facta.
487 1276 526 1285 -
546 1239 620 1302 Vide
634 1239 668 1301 S.
685 1240 769 1322 Lip„
785 1262 816 1302 a.
834 1245 908 1316 161,
926 1245 959 1302 ta
969 1242 1041 1324 fiae.

324 1370 518 1446 Quaeslta.

241 1504 312 1564 262.
327 1535 369 1546 -
383 1503 484 1575 Quae.
499 1503 532 1560 1ο
546 1499 597 1559 Aa
610 1496 648 1559 cle
662 1502 835 1560 necessitate
851 1497 1043 1560 Sacrameati
1059 1497 1223 1562 balsamum
1240 1502 1438 1584 requiratur?

241 1591 331 1672 Resp.
347 1590 372 1650 A
378 1587 475 1669 [rima.
489 1585 695 1668 probabilius,
713 1590 748 1648 ut
761 1586 894 1663 videtur,
911 1605 948 1650 ex
963 1591 1083 1650 Decreta
1098 1589 1227 1669 Eugenii
1242 1592 1282 1652 lV
1291 1611 1353 1674 pra
1367 1594 1480 1658 Arme-

201 1682 263 1756 ais,
281 1678 334 1738 abi
349 1677 438 1750 dicit,
455 1673 704 1739 confirmationis
722 1675 885 1737 materiam
903 1693 968 1738 esse
985 1676 1117 1739 chrisma
1132 1677 1299 1740 confectum
1319 1698 1356 1742 ex
1370 1681 1432 1744 oleo
1446 1693 1481 1745 et

204 1767 348 1829 balsamo.
371 1763 489 1828 Sufficit
512 1769 617 1826 autem
636 1762 810 1826 balsamum
830 1765 1049 1846 cujuscumque
1073 1765 1221 1845 regionis,
1242 1773 1273 1828 et
1300 1767 1389 1832 inea
1413 1772 1480 1836 sola

201 1856 390 1938 quantitate,
406 1871 475 1934 qua
490 1851 563 1914 satis
578 1851 633 1926 sit,
650 1858 687 1914 ut
698 1852 747 1914 sui
764 1853 887 1915 odorem
902 1854 973 1916 dara
991 1853 1104 1934 possit,
1120 1873 1176 1917 uec
1190 1860 1236 1918 est
1248 1858 1477 1936 necessarium,

200 1950 238 2008 ut
249 1943 394 2007 omnibus
408 1941 464 2004 olei
478 1939 620 2021 partibus
635 1940 811 2004 misceatur.
827 1977 868 1988 -
881 1941 916 2004 S.
933 1942 1004 2024 Liq.
1021 1963 1053 2004 a.
1069 1945 1138 2006 lbi.

241 2035 342 2108 Quas.
357 2035 391 2093 2⁰
405 2033 455 2092 Aa
470 2029 604 2090 cbrisma
617 2027 724 2091 debeat
736 2035 902 2093 necessario
919 2051 981 2092 osse
996 2031 1201 2094 benedictum?

241 2122 331 2204 desp.
348 2125 398 2182 1⁰:
416 2117 644 2180 affirmandum
658 2117 795 2180 absolute
806 2124 863 2194 est,
876 2119 902 2181 si
917 2138 1017 2182 sermo
1027 2121 1068 2182 sit
1082 2121 1119 2182 de
1130 2120 1307 2185 necessitate
1318 2125 1476 2206 precepti.

200 2245 240 2256 —
253 2210 304 2272 lta
317 2227 415 2270 omnes
426 2221 498 2268 cum
512 2204 546 2266 S.
562 2205 646 2287 atq,
664 2225 695 2266 a.
713 2209 782 2270 163.
1279 2198 1284 2212 ’

240 2299 330 2380 Resp.
346 2300 400 2360 2⁰:
416 2293 642 2356 Affirmandum
657 2294 787 2369 videtur,
805 2294 899 2357 etiam
915 2295 941 2358 si
958 2314 1056 2358 sermo
1071 2296 1112 2359 sit
1127 2299 1164 2361 de
1178 2299 1357 2362 necessitate
1371 2304 1477 2365 Sacra-

200 2387 309 2450 menti.
326 2383 460 2458 Idenim
480 2383 589 2444 suadet
605 2381 709 2462 pranis
723 2387 865 2445 constans
884 2385 1037 2460 Ecclesia,
1054 2392 1085 2448 et
1098 2389 1259 2450 Decretum
1276 2389 1407 2470 Eugenii
1418 2393 1475 2468 lv,

199 2473 234 2537 in
257 2491 317 2554 quo
339 2471 460 2554 legitur,
477 2469 639 2533 materiam
658 2470 903 2534 confirmationis
925 2491 989 2535 esse
1007 2473 1148 2537 Chrisma
1166 2475 1409 2539 6666661666.-
1420 2479 1477 2542 Ita

199 2563 394 2624 communiter
407 2580 472 2622 cam
486 2557 522 2622 S.
540 2559 624 2640 Eia,
641 2558 716 2622 ibid.
731 2595 773 2606 -
786 2563 836 2622 An
859 2579 927 2624 vero
949 2561 1083 2624 chrisma
1101 2563 1209 2626 debeat
1227 2567 1392 2629 necessario
1407 2586 1477 2632 esse

201 2650 385 2714 benedictum
399 2649 437 2710 ab
452 2647 615 2729 Episcopo,
632 2647 749 2712 dicetur
763 2649 860 2723 infra,
875 2648 929 2712 ubi
942 2651 978 2713 de
989 2650 1141 2714 Ministro.

239 2744 310 2804 263.
326 2775 366 2785 —
377 2735 477 2814 Quat.
495 2741 526 2800 3⁰
539 2739 590 2798 Aa
605 2737 735 2800 chrisma
746 2737 850 2800 debeat
860 2743 1024 2800 necessario
1038 2759 1098 2802 esse
1111 2741 1191 2803 illias
1206 2747 1298 2806 aaai?

240 2829 331 2910 Resp.
344 2847 356 2888 .·
370 2829 432 2890 Η66
442 2845 503 2889 666
513 2825 683 2906 requiritur
697 2827 733 2888 de
744 2827 924 2890 necessitate
935 2829 1135 2903 sacramenti,
1151 2830 1225 2911 quia
1239 2833 1303 2896 sire
1316 2835 1355 2897 sit
1369 2842 1473 2912 retae,

199 2919 264 2980 siva
281 2917 416 2988 novum,
432 2914 562 2977 materia
586 2932 647 2976 non
666 2921 823 2992 mutatum
841 2915 893 2977 sed
910 2916 1080 2998 requiritur
1098 2936 1136 2980 ex
1153 2927 1299 3001 precepto
1319 2923 1472 2988 Ecclesiae.

199 3008 277 3070 Hinc
289 3007 423 3087 peccaret
436 3002 570 3084 graviter
583 3002 751 3084 Episcopus
765 3002 819 3083 qui
838 3005 1031 3068 confirmaret
1044 3023 1116 3068 cum
1133 3005 1298 3071 chrismate
1311 3011 1418 3073 reteri.
1435 3015 1475 3076 ln

197 3096 281 3158 hunc
300 3093 384 3156 enim
404 3092 499 3155 finem
519 3110 636 3154 novum
661 3091 794 3155 chrisma
817 3102 1010 3157 cousecratur
1034 3094 1067 3157 in
1094 3093 1185 3157 Caua
1205 3097 1350 3174 Domini,
1371 3105 1474 3164 vetere

197 3183 367 3246 conrhusto.
383 3219 421 3227 —
435 3180 470 3242 S.
488 3180 573 3262 Lep,
589 3201 620 3241 a.
641 3185 714 3256 163,
728 3191 756 3243 et
771 3181 829 3242 alii
842 3185 1047 3244 communiter.

242 3275 343 3348 Quae.
366 3275 399 3334 l⁰
418 3271 469 3333 Aa
488 3269 529 3330 ad
546 3269 678 3332 valorem
697 3269 890 3332 Sacrameati
908 3269 1005 3333 oleum
1025 3270 1129 3335 debeat
1150 3277 1317 3337 necessario
1334 3295 1393 3339 esse
1414 3276 1474 3338 ali·
1597 3267 1598 3332 ἒ

181 3367 184 3374 “
198 3363 327 3424 samm?

237 3451 329 3533 Resp.
343 3448 472 3530 Affirm.
488 3446 577 3511 Ratio
593 3453 657 3522 est,
673 3445 747 3527 quia
764 3447 820 3510 hoc
834 3447 953 3528 proprie
967 3447 1067 3510 oleum
1081 3447 1204 3511 dicitur.
1222 3451 1300 3515 Hinc
1312 3453 1413 3516 oleum
1431 3471 1473 3518 ex

198 3539 257 3602 alia
272 3537 402 3602 materia
418 3536 603 3610 conlectum,
621 3555 650 3598 v.
670 3553 727 3615 gr,
749 3555 787 3598 ex
804 3536 951 3611 nucibus,
969 3554 1031 3599 non
1049 3542 1095 3600 est
1112 3538 1242 3601 materia
1263 3541 1378 3618 661166,
1395 3541 1473 3622 quia

197 3646 260 3690 non
273 3627 358 3690 venit
370 3623 550 3707 simpliciter
564 3623 622 3686 sub
636 3623 762 3686 nomine
776 3623 886 3686 olei.-
898 3622 950 3685 Ita
960 3627 1157 3687 communiter
1166 3645 1237 3690 cum
1251 3627 1286 3690 S.
1301 3629 1406 3691 Tbom.
1423 3635 1470 3708 3.,

197 3735 227 3796 q.
246 3721 300 3790 72,
314 3725 375 3776 art.
392 3719 423 3777 E.
438 3750 478 3758 —
491 3711 526 3774 S.
539 3713 609 3793 Lip.
626 3731 657 3772 a.
676 3715 744 3774 162.

237 3807 307 3866 act.
323 3839 364 3848 —
378 3806 480 3879 0666.
497 3804 530 3862 5⁰
543 3799 694 3874 (leomallo
709 3803 813 3860 unctio
825 3801 895 3882 fieri
909 3799 1034 3862 debeat?

237 3891 327 3974 Resp.
344 3890 463 3954 :Debet
481 3887 547 3952 fieri
569 3887 673 3968 pollice
694 3889 818 3950 dextero
839 3887 978 3969 Episcopi
995 3909 1047 3970 per
1060 3891 1189 3954 modum
1203 3893 1302 3956 crucis
1318 3894 1352 3956 iu
1369 3895 1472 3960 fronte

198 3979 379 4042 confirmati.
399 3978 506 4042 Valida
530 3983 633 4040 tamen
656 3975 733 4039 foret
753 3977 876 4050 unctio,
899 3977 925 4038 si
949 3977 1008 4040 alio
1026 3979 1122 4060 digito
1145 3981 1285 4062 Episcopi
1308 3983 1414 4060 fieret,
1438 3992 1473 4048 et

197 4066 319 4128 etiamsi
343 4073 420 4129 esset
440 4065 556 4146 digitus
581 4081 694 4128 manus
717 4064 867 4140 sinistra,
883 4065 956 4146 quia
974 4085 1044 4130 vere
1062 4068 1148 4131 fieret
1164 4087 1218 4150 per
1240 4069 1473 4151 impositionem
1596 4085 1597 4092 ’

197 4171 309 4216 manus
330 4154 514 4234 episcopalis.
531 4157 668 4218 Peccaret
686 4157 791 4215 tamen
812 4151 976 4235 Episcopus
995 4156 1050 4237 qui
1066 4155 1099 4220 id
1115 4157 1182 4220 sine
1200 4159 1382 4224 necessitate
1400 4179 1473 4242 age-
1596 4227 1597 4252 ¹

196 4248 254 4316 ret,
271 4241 344 4322 quia
355 4242 505 4305 recederet
520 4261 538 4305 a
554 4241 640 4324 praxi
655 4239 838 4304 universalis
853 4243 1007 4320 Ecclesiae;
1021 4263 1211 4328 quamquam
1229 4266 1292 4310 non
1309 4257 1470 4330 appareat,

194 4327 510 4482 lnwgffmblffpliffl
529 4329 715 4394 caramanico
737 4330 775 4393 ad
794 4347 916 4410 gravem
935 4333 1055 4413 crdpam
1073 4334 1254 4416 pertingere.
1269 4372 1311 4384 -
1330 4335 1365 4400 S.
1382 4338 1469 4421 Lip„

237 4424 338 4583 boba.
350 4511 382 4571 6ο
396 4463 446 4569 Ab
460 4509 561 4569 aactio
576 4507 673 4570 aalide
687 4509 757 4591 fieri
770 4508 866 4572 medio
884 4509 1081 4574 instrumenta
1090 4512 1209 4594 possit?
