3224 5044
502 198 547 244 aa
565 196 804 244 saansaanro
823 199 1064 246 rantranrrn
1344 183 1416 244 299

179 312 252 373 mo.
266 343 307 354 -
320 309 421 382 Quae.
436 312 470 370 l·
482 308 534 370 Aa
547 309 711 386 Sacerdos,
727 310 783 392 qui
796 329 835 370 ea·
846 311 1038 391 consessione
1051 314 1135 372 uouit
1150 311 1212 370 sidi
1219 311 1330 392 parari
1341 313 1416 371 iusi-

135 397 220 473 dias,
236 399 335 480 possit
349 395 472 477 supere,
489 407 543 458 aut
558 398 621 459 alio
635 398 720 459 ruodo
734 399 877 458 damnum
889 401 1084 480 praecauere?

178 491 269 572 neap.
283 495 315 553 l⁰
325 488 466 569 Aspim,
482 488 560 552 siex
575 489 630 551 tali
643 489 785 552 mationa
800 489 933 552 minime
945 491 1161 553 manifestetur
1173 490 1242 552 aliis
1259 498 1416 571 peccatum

133 584 333 654 mutuatum
347 595 403 640 neo
417 577 517 640 ullum
528 595 695 658 gravamen
708 578 873 659 paenitenti
884 579 1089 642 affmaun.-
1104 580 1153 641 Ito
1163 579 1288 660 stry„
1301 599 1334 638 n.
1343 582 1413 642 659.

134 699 179 714 ·-
190 665 296 748 Lupo,
310 665 391 746 disp.
406 683 498 742 xtmr,
515 687 546 727 ro.
560 671 634 742 lob,
650 671 707 730 etc.

176 755 270 838 neap.
282 759 318 818 ἢ·
328 754 421 837 Nep,
436 755 463 816 si
477 755 580 834 fugere
593 763 740 837 nequeat,
753 755 832 837 quin
847 756 950 838 aliquo
964 759 1054 820 modo
1070 755 1246 820 manifestet
1260 763 1417 837 peceatum

133 843 264 926 aliquod
278 849 455 906 accusatum
469 844 563 906 irrisae
576 864 595 906 a
607 844 786 924 pmuitente.
803 845 893 910 Ratio
910 853 973 922 est,
992 847 1067 928 qaia
1079 845 1151 926 fuga
1170 845 1223 908 illa
1239 853 1320 908 esset
1335 845 1416 908 indi-

133 940 220 997 mcta
240 933 385 996 revelatio
405 931 519 1013 penali
542 933 689 1008 confessi;
710 939 741 995 et
758 934 829 996 licet
847 934 1055 998 Confessanus
1073 934 1180 1014 fugam
1202 934 1362 996 simularet
1380 952 1418 995 ex

133 1022 241 1102 aliquo
252 1025 423 1102 pretextu,
440 1039 560 1101 semper
573 1028 678 1084 umen
695 1021 908 1084 rationabilem
923 1023 1128 1105 suspicionem
1145 1024 1259 1104 peceati
1276 1022 1417 1085 deaurati

133 1111 299 1191 preberet.
316 1145 355 1154 —
369 1107 404 1171 S.
426 1109 506 1191 Lip,¹
528 1109 618 1189 itta,
633 1120 665 1171 et
687 1109 757 1171 atii.
774 1115 875 1173 Monet
894 1119 999 1174 tamen
1017 1113 1117 1192 Lupo,
1134 1113 1166 1172 d.
1178 1130 1272 1186 rant,
1289 1131 1320 1171 a.
1339 1116 1415 1185 ato,

134 1198 363 1279 experientiam
378 1199 551 1272 ostendere,
568 1217 730 1278 nunquam
746 1199 962 1262 revelationem
977 1200 1071 1262 etiarn
1085 1199 1268 1262 indirectam
1283 1217 1417 1261 necessa-

136 1288 220 1349 riam
234 1305 300 1350 esse
312 1289 350 1350 ad
365 1306 400 1349 ea
413 1287 546 1366 pericula
559 1286 747 1366 effugienda,
762 1306 833 1350 curn
848 1289 896 1350 rel
910 1307 948 1351 ex
961 1288 1085 1352 licentia
1096 1288 1274 1370 paenitentis
1287 1288 1334 1350 vel
1348 1286 1417 1348 aliis

135 1376 240 1438 modis
253 1375 371 1439 obviari
385 1375 425 1438 iis
438 1375 534 1456 possit
548 1376 664 1456 absque
678 1376 770 1456 sigilli
783 1376 938 1440 fractione.

178 1469 252 1529 670.
277 1499 318 1509 -
340 1467 441 1540 Quart.
468 1468 500 1528 5⁰
522 1465 573 1526 An
597 1465 778 1546 Superiores
804 1467 853 1526 uti
868 1471 990 1548 possint
1015 1468 1128 1528 notitia
1155 1465 1350 1544 cortfessionis
1378 1464 1420 1526 ao'

135 1552 389 1634 pudemationem
409 1563 581 1630 externam,
598 1555 626 1614 si
645 1554 731 1616 auito
750 1554 834 1616 niodo
851 1566 1000 1636 appareat
1020 1555 1100 1638 quod
1122 1575 1159 1616 eu
1181 1555 1237 1616 tta
1255 1557 1366 1614 notitia
1388 1572 1418 1614 se

135 1641 302 1724 diriperet?

181 1730 277 1811 Itesp.
293 1730 373 1811 Nep.
390 1749 506 1793 ouurno
523 1748 595 1793 oum
609 1730 644 1791 S.
660 1732 744 1812 Lep,
761 1753 791 1791 n.
804 1735 879 1804 656,
896 1741 924 1793 et
939 1731 1010 1792 attis
1025 1732 1223 1792 communiter
1237 1736 1342 1792 contra
1360 1730 1416 1791 ali-

137 1837 219 1899 quos
235 1823 350 1879 veteres
365 1818 528 1898 theologos
545 1818 599 1900 qui
615 1819 800 1880 sententiam
812 1819 1030 1882 affirmativam
1045 1819 1256 1880 defendebant.
1273 1854 1312 1862 —
1328 1816 1417 1880 Ratio

137 1910 199 1978 ost,
214 1904 289 1985 quia
308 1905 464 1968 evidenter
482 1907 539 1968 hoc
558 1906 675 1968 cederet
691 1906 725 1967 in
740 1925 905 1987 gravamen
920 1905 1155 1986 poenitentium
1170 1913 1200 1967 et
1217 1905 1272 1986 qui
1295 1907 1419 1967 nossent

20 2073 25 2084 Ι
137 1993 235 2054 talem
252 1992 424 2055 doctrinam
438 1993 554 2073 passim
569 1993 683 2069 doceri,
702 1993 918 2057 aconlessicne
932 1994 1048 2057 retrahi
1062 2000 1196 2074 possent.

180 2085 311 2144 Constat
332 2081 427 2144 etiam
448 2101 486 2144 ex
505 2081 600 2144 variis
619 2082 750 2145 Decretis
766 2084 816 2144 SS.
832 2083 1035 2158 Pontificum,
1051 2082 1221 2162 praesertim
1238 2082 1331 2144 Clam.
1349 2084 1417 2143 VIII

137 2175 264 2234 Decreta
284 2174 325 2234 26
343 2169 415 2235 Maii
435 2171 511 2232 anni
531 2174 627 2245 aaut,
644 2189 698 2251 pro
710 2171 920 2250 Regularibus,
937 2171 971 2234 in
992 2189 1053 2252 quo
1067 2170 1205 2234 dIcitur:
1225 2171 1300 2232 Tam
1318 2169 1418 2251 Supe-

138 2262 238 2321 riores
251 2279 314 2342 pro
336 2268 465 2340 ternpore
485 2263 676 2334 exsistentes,
694 2279 784 2342 quara
801 2259 990 2340 Confessarii
1005 2261 1058 2342 qui
1071 2269 1180 2341 postea
1198 2260 1240 2320 od
1256 2259 1420 2340 superiori-

139 2351 215 2410 tatis
229 2347 361 2429 pradum
377 2348 495 2428 fuerint
508 2351 662 2430 promoti,
679 2358 805 2411 caueant
820 2367 1059 2411 nrateenttsslnn
1079 2369 1115 2410 ne
1137 2367 1172 2409 ea
1188 2349 1313 2424 areticio,
1329 2368 1419 2429 quam

139 2437 176 2498 de
196 2437 328 2498 otiorum
342 2441 476 2518 pereatis
497 2438 530 2497 in
548 2437 732 2517 confessione
750 2437 937 2513 babuerunt,
962 2437 1004 2498 od
1021 2440 1199 2499 exteriorem
1219 2437 1418 2518 pubernotr'o-

139 2547 210 2590 uem
225 2535 363 2587 utantur.
380 2527 470 2608 Apud
489 2525 524 2588 S.
540 2527 624 2608 Lep,
646 2549 676 2589 n.
693 2531 763 2590 656.
783 2526 930 2602 Quamvis
944 2532 1048 2589 autem
1067 2527 1124 2588 hcc
1145 2529 1304 2589 Decretum
1317 2526 1417 2587 latum

137 2613 236 2678 fuerit
259 2632 313 2694 pro
336 2613 553 2694 Regularibus,
570 2616 609 2677 ad
633 2633 738 2678 omnes
762 2615 935 2695 Superiores
958 2615 1083 2677 extendi
1100 2613 1203 2688 debet,
1221 2633 1292 2676 cum
1312 2615 1417 2676 eadem

138 2702 237 2774 ratio,
253 2720 321 2781 qnae
331 2709 420 2781 urget
433 2720 488 2782 pro
502 2703 718 2782 Regularibus,
736 2703 830 2766 etiam
843 2722 897 2783 pro
909 2703 1106 2766 saecularibus
1119 2703 1228 2765 valeat.

182 2793 308 2851 Constat
321 2789 415 2850 etiarn
432 2807 470 2850 ex
483 2793 605 2852 Decreta
622 2790 657 2851 S.
677 2790 792 2872 Conpr.
809 2792 1020 2872 inquisitionis
1034 2790 1116 2853 edito
1135 2790 1315 2851 auctoritate
1331 2791 1420 2851 Inno-

140 2875 236 2938 centii
257 2878 312 2951 XI,
333 2876 408 2936 anni
428 2880 523 2950 tosa,
539 2895 600 2957 quo
619 2879 786 2958 proscripta
803 2877 865 2939 fuit
879 2896 1008 2958 sequens
1023 2877 1210 2959 propositio:
1234 2875 1367 2938 Scieutia
1382 2896 1420 2938 eu

139 2962 325 3044 consessione
339 2966 488 3044 aequisita
502 2965 549 3024 uti
568 2964 652 3042 iicet,
669 2966 756 3026 mado
775 2965 832 3046 fiat
845 2969 910 3026 sine
930 2967 1046 3027 directa
1065 2975 1120 3026 aut
1137 2966 1289 3026 indirecta
1307 2965 1419 3026 reuela-

142 3054 237 3130 tione,
265 3061 293 3112 et
306 3052 488 3133 prouaruine
498 3055 688 3132 poenitentis,
706 3055 768 3114 nisi
780 3053 869 3114 aliud
880 3053 974 3114 mutto
985 3056 1108 3134 prorius
1120 3074 1158 3116 erc
1172 3075 1232 3114 non
1249 3074 1304 3114 usu
1314 3073 1418 3133 sequa-

143 3151 207 3221 tur,
233 3141 265 3201 in
287 3141 374 3222 eujrrs
397 3140 623 3220 comparatione
641 3145 733 3222 prius
760 3145 868 3202 merito
892 3152 1112 3204 contemnatur.
1140 3143 1235 3206 Addit
1262 3141 1418 3214 Pontifex,

143 3228 346 3294 Confessarios
360 3227 445 3290 nullo
461 3228 551 3292 modo
565 3246 651 3307 posse
671 3229 719 3291 uti
738 3229 792 3291 tali
809 3230 961 3304 doctrina,
978 3231 1072 3292 etiam
1091 3233 1206 3294 seclusa
1224 3247 1418 3311 quacumque

143 3317 338 3382 revelatione.

184 3413 256 3471 671.
272 3443 312 3452 -
332 3409 433 3482 Quen.
456 3410 489 3468 60
513 3405 565 3468 An
588 3405 691 3467 saitem
710 3405 906 3488 uitandaque,
926 3407 975 3468 uel
991 3408 1188 3489 quandonam
1207 3409 1233 3471 C
1235 3406 1421 3487 cnfessariur

143 3499 194 3558 uti
201 3499 301 3578 possit
314 3497 426 3557 notitia
441 3495 654 3576 consessionis?

185 3585 278 3666 Itesp.
291 3605 304 3647 .·
315 3587 408 3646 Juxta
432 3602 538 3648 omnes
560 3584 714 3664 theologos
728 3583 761 3646 id
782 3587 881 3663 potest
900 3583 1150 3665 insequentibus
1169 3585 1312 3648 casibus:
1333 3588 1365 3644 t⁰
1382 3584 1421 3646 ad

144 3674 297 3736 orandum
311 3691 366 3752 pro
381 3673 566 3753 pantanu,
585 3673 633 3736 vel
650 3671 816 3754 benignius
838 3691 907 3752 erga
928 3673 1031 3753 ipsum
1047 3674 1218 3753 agendum
1242 3678 1274 3734 ⁶2⁰
1293 3674 1331 3735 ad
1350 3689 1419 3734 con-

144 3762 288 3825 sulendos
303 3761 413 3837 libros,
435 3762 483 3824 vel
500 3762 666 3843 sapientes,
681 3762 849 3842 prudenter
868 3766 987 3836 tamen,
1002 3762 1116 3824 secluso
1135 3760 1326 3824 revelationis
1341 3759 1420 3840 peri-

144 3851 229 3925 culo;
241 3856 275 3913 3⁰
292 3852 331 3913 ad
352 3869 384 3913 se
398 3849 594 3930 dirigendum
611 3869 664 3930 per
678 3849 901 3931 experientiam
917 3869 955 3913 ex
970 3849 1207 3913 confessionibus
1221 3848 1418 3930 acquisitam,

146 3958 177 4001 v.
204 3957 263 4019 gn,
286 3940 326 4000 ad
355 3939 487 4018 rigorem
508 3939 759 4020 temperandum,
777 3945 807 4001 et
835 3940 873 4001 ad
899 3957 930 4002 se
956 3939 1151 4019 dirigendrun
1179 3957 1217 4000 ea
1238 3936 1421 4001 corrfessione

146 4027 243 4090 unius
268 4028 306 4090 ad
330 4027 403 4089 alios
424 4027 590 4106 prudenter
612 4028 860 4107 interrogandos,
884 4029 932 4091 vel
950 4028 1160 4102 instruendae,
1185 4027 1302 4089 nullam
1320 4027 1420 4089 dando

145 4116 256 4195 prioris
293 4113 488 4177 confessionis
517 4115 737 4194 suspicionem
765 4120 798 4178 l⁰
830 4117 869 4178 ad
896 4115 1101 4178 reformandos
1131 4117 1267 4196 proprios
1302 4133 1418 4188 moreS,

146 4205 185 4266 ad
213 4202 403 4281 corrigendos
424 4203 562 4282 proprios
583 4203 732 4278 defectus,
749 4207 804 4266 aut
823 4205 862 4266 ad
880 4203 990 4265 melius
1014 4203 1203 4283 fungendum
1225 4223 1279 4267 suo
1305 4203 1418 4277 officio,

146 4311 177 4352 v.
202 4309 261 4371 gn,
287 4291 324 4352 ad
350 4289 517 4352 socordiam
535 4291 724 4367 exarandam,
749 4291 928 4371 vigilantius
952 4291 987 4352 in
1007 4291 1146 4354 subditos
1175 4293 1418 4373 invigilandum,

147 4379 263 4442 seclusa
279 4376 474 4440 revelationis
497 4377 683 4457 suspicione,
710 4385 780 4453 eta,
801 4379 875 4460 quia
897 4378 1028 4459 quisque
1054 4385 1175 4443 tenetur
1194 4380 1327 4444 defectus
1348 4397 1419 4442 suos
1513 4375 1516 4382 “

146 4465 292 4547 corrigere
309 4463 415 4530 statim
432 4483 466 4528 ac
480 4467 518 4528 ad
531 4484 580 4528 eos
593 4466 739 4544 aduertit;
755 4485 810 4530 nee
821 4472 920 4547 potest
932 4467 1013 4530 ullus
1026 4469 1177 4548 poenitens
1195 4468 1419 4532 rationabiliter
