3198 5036
498 309 540 353 na
561 307 850 352 courrnusrroun
1251 300 1310 359 115

85 425 128 482 Ex
148 419 234 502 praxi
259 423 362 482 tamen
385 420 551 500 generatim
571 419 605 481 in
625 418 755 480 Ecclesia
778 419 914 500 vigente,
935 438 997 482 non
1017 425 1090 482 sunt
1107 421 1311 488 confirmandi

47 511 128 590 pueri
142 509 197 590 qui
211 525 305 572 usum
317 507 445 570 rationis
456 508 557 589 adepti
571 508 711 570 nondum
723 515 807 582 sunt,
822 507 882 570 nisi
895 508 929 569 id
942 507 1017 570 ferat
1028 509 1163 589 legitima
1174 511 1310 574 locorum

47 599 243 671 consuetudo,
264 615 342 678 quae,
364 617 394 659 v.
418 615 476 676 gc,
500 598 579 678 apud
600 601 716 659 Grecos
742 602 772 658 et
790 597 824 658 in
844 596 991 676 Hispania
1010 597 1108 678 viget,
1132 606 1187 661 aut
1210 601 1311 681 grauis

48 705 132 750 causa
151 686 236 748 aliud
255 686 394 760 suadeat,
413 692 505 765 prout
525 683 643 747 notavit
661 685 841 747 Benedictus
864 687 941 760 XIV,
965 685 1001 748 de
1024 685 1149 768 Spoodo
1171 687 1224 749 111.
1246 691 1310 764 Vll,

48 796 70 836 c.
86 795 113 844 x,
127 797 158 836 u.
176 780 207 838 8.

163 920 358 998 Quaeslta.

82 1055 150 1114 tto.
174 1085 214 1094 -
233 1051 333 1124 Quas.
358 1054 390 1111 10
407 1047 456 1108 Aa
470 1047 517 1110 vel
531 1046 626 1129 quotis
639 1050 681 1107 sit
693 1046 839 1128 obligatio
856 1046 1085 1110 Sacramentum
1102 1047 1314 1131 Confirmatio·

48 1145 89 1200 uis
102 1137 291 1221 recipiendi?

83 1229 175 1309 Hesp.
191 1233 241 1289 1οε
266 1231 333 1290 Non
354 1229 400 1288 est
414 1225 557 1306 obligatio
578 1225 615 1286 de
633 1224 811 1287 necessitate
829 1225 934 1287 medii.
948 1228 1025 1288 Nam
1038 1226 1130 1289 etiam
1146 1245 1199 1308 per
1214 1231 1313 1292 solum

50 1316 238 1398 baptismum
251 1314 354 1377 baberi
370 1319 470 1394 potest
484 1312 623 1376 remissio
636 1320 827 1394 peccatorum
842 1320 872 1375 et
887 1313 952 1376 vita
964 1321 1088 1377 aterna.

84 1405 174 1487 Resp.
183 1409 217 1468 10
230 1424 237 1466 :
253 1407 347 1467 Juxta
357 1401 391 1466 S.
400 1404 470 1484 Lip.
485 1409 532 1466 est
543 1401 685 1481 obligatio
695 1401 750 1462 sub
761 1405 853 1484 praui
866 1403 903 1464 de
914 1408 1059 1484 praecept]
1073 1403 1190 1480 dinuo,
1207 1407 1316 1469 11111111

52 1497 226 1557 decurrente
241 1493 321 1566 vita,
338 1497 370 1554 et
383 1493 453 1554 data
466 1495 635 1572 opportuna
649 1490 817 1567 occasione;
834 1490 926 1570 idque
940 1492 1047 1572 probat
1060 1509 1097 1555 ex
1112 1494 1318 1560 Declaratieno

52 1582 200 1646 Benedicti
215 1585 281 1645 xlv
295 1581 329 1642 in
343 1582 430 1644 Bulla
438 1582 511 1644 Etsi
517 1579 694 1662 pectoralis,
705 1580 741 1641 de
756 1579 868 1641 ritibus
881 1583 912 1641 et
924 1581 1118 1660 dogmatibus
1131 1587 1315 1658 draconum,

52 1671 175 1746 abiait,
192 1675 208 1747 ᾗ
226 1675 256 1742 3,
278 1689 309 1730 a.
326 1674 366 1732 l:
383 1669 532 1732 Monenda‘
544 1677 614 1730 sunt
636 1667 705 1750 (qui
719 1688 781 1728 uon
799 1677 867 1728 sunt
882 1669 1071 1749 confirmati)
1085 1670 1124 1730 ab
1144 1671 1321 1734 ordinariis

53 1760 194 1837 locorum,
212 1777 259 1818 eos
269 1757 372 1838 prauis
379 1761 495 1839 peccati
509 1767 597 1818 reatu
612 1757 714 1830 teneri,
728 1758 765 1832 εἰ,
782 1775 849 1816 cum
860 1767 985 1836 possunt
999 1757 1041 1818 od
1055 1756 1322 1837 Coufimnotiooam

52 1849 200 1924 accedere,
215 1844 300 1906 illem
311 1856 441 1906 renuunt
451 1866 486 1908 oc
501 1845 671 1926 ueplipunt.
771 1909 777 1918 ,

84 1941 183 2002 Notat
201 1939 305 1996 tamen
318 1931 457 2012 Scociui,
481 1933 573 1996 rerba
592 1932 703 1994 Beued.
721 1933 788 1992 XlV
807 1949 869 1994 non
893 1933 1068 1996 cuncludere
1085 1951 1139 2014 pro
1153 1934 1320 1998 omnibus:

55 2027 120 2106 quia
130 2021 274 2086 Pontifex
288 2021 425 2101 loquitur
438 2027 562 2084 tantum
576 2021 614 2083 de
623 2019 758 2082 invalide
770 2019 958 2082 confirmatis
968 2040 987 2082 a
997 2022 1185 2103 presbyteris
1198 2023 1320 2099 Graecis,

56 2115 102 2194 qui
123 2113 194 2176 ideo
215 2111 385 2172 renuebant
407 2111 506 2173 denuo
526 2109 565 2172 ad
587 2109 857 2172 confirmationem
870 2109 1025 2184 accedere,
1051 2110 1125 2191 quia
1138 2111 1272 2192 primam
1287 2117 1324 2174 ut

57 2202 185 2264 ualidam
199 2197 363 2260 habebant.
381 2198 466 2262 Unde
489 2198 592 2260 aderat
612 2196 662 2258 hic
676 2197 751 2258 ratio
766 2197 958 2278 particularis
972 2217 1023 2262 eos
1035 2199 1192 2280 obbgandi
1212 2201 1251 2264 ad
1269 2203 1323 2264 Sa·

58 2295 244 2352 crementum
268 2285 514 2350 Confirmatiouis
540 2284 786 2364 suscipiendum,
813 2303 921 2366 nempe
951 2293 987 2349 ut
1012 2306 1143 2350 errorem
1167 2288 1210 2351 sio
1228 2297 1323 2352 retra-

58 2385 178 2441 ctarent.

92 2469 193 2542 Qasr.
210 2469 242 2528 2⁰
257 2465 340 2541 Quid
349 2463 497 2545 agendum
509 2466 542 2524 in
557 2462 648 2524 dubio
665 2481 705 2522 aa
718 2461 833 2544 aliquis
842 2466 882 2523 sit
894 2465 1112 2543 confirmatus?

95 2557 182 2638 ltesp.
193 2574 205 2614 .·
216 2559 318 2616 Potest
331 2553 389 2614 sub
399 2551 570 2615 conditione
581 2553 680 2613 denuo
693 2551 875 2626 confirmari,
886 2559 922 2614 ut
936 2560 1019 2633 patet
1033 2572 1073 2616 ex·
1084 2553 1172 2617 dictis
1187 2555 1220 2616 in
1232 2565 1321 2619 tract.

62 2644 92 2705 de
111 2644 298 2706 Sacrament.
316 2643 347 2702 iu
367 2661 489 2722 genere,
510 2661 541 2702 n.
559 2644 629 2704 206.
647 2640 704 2702 Sed
718 2639 756 2700 ad
774 2639 806 2702 id
819 2659 881 2704 non
896 2647 1028 2715 tenetur,
1046 2643 1072 2704 si
1085 2643 1156 2723 quis
1170 2663 1239 2706 vere
1255 2663 1323 2724 pro-

63 2732 195 2794 babiliter
213 2732 315 2793 credat
336 2748 366 2792 se
380 2729 436 2792 boo
455 2731 685 2791 Sacramentum
707 2728 863 2808 recepisse.
878 2764 919 2774 -
935 2728 968 2790 S.
992 2730 1075 2811 Lip„
1096 2731 1186 2793 Hom.
1208 2743 1321 2813 oport,

65 2841 137 2883 auru.
151 2825 202 2885 ta.

97 2915 163 2973 271.
181 2943 223 2954 -
237 2911 338 2985 Qunu.
355 2913 388 2970 30
405 2907 546 2982 Quonam
560 2905 772 2987 dispositiones
786 2906 818 2965 io
831 2905 1049 2988 confirmandis
1067 2911 1287 2988 requirantur?

98 2999 182 3080 desp.
198 3018 210 3058 .·
224 2997 402 3080 nequirem·
423 3001 453 3058 10
466 2995 625 3058 Character
639 2992 828 3075 baptismalis
847 2995 885 3056 ad
910 2995 1098 3058 validitatem
1120 2997 1323 3072 sacramenti,

67 3094 92 3147 et
102 3087 225 3168 insuper
241 3085 276 3148 in
289 3085 392 3147 adulto
406 3083 537 3146 intentio
552 3083 782 3144 Sacramentum
796 3081 977 3162 recipiendi,
994 3091 1030 3146 ut
1050 3091 1169 3146 constat
1181 3104 1218 3147 ex
1235 3084 1324 3147 dictis

67 3173 98 3235 de
110 3175 312 3238 sacramentis
326 3177 359 3234 iu
373 3191 488 3254 genere,
505 3191 536 3230 n.
550 3174 619 3233 131).

102 3269 131 3326 10
144 3267 250 3327 Status
273 3262 388 3342 gratia,
406 3259 481 3340 quia
493 3257 689 3321 Confirmatio
708 3264 755 3318 est
770 3259 1001 3321 Sacramentum
1022 3260 1175 3323 vivorum.
1195 3265 1328 3341 Quapro

69 3357 124 3430 pter
137 3353 191 3434 qui
203 3350 341 3414 conscius
348 3355 395 3412 est
402 3346 515 3430 peccati
526 3345 674 3418 mortalia,
686 3345 725 3408 ad
737 3347 967 3409 Sacramentum
974 3347 1166 3412 Paenitentia
1175 3368 1329 3414 recurrere

71 3441 156 3516 debet,
174 3440 236 3503 nisi
254 3439 381 3522 perleote
404 3439 584 3499 conteratur.
606 3439 668 3498 llos
692 3433 838 3514 generalis
859 3441 916 3508 ost,
938 3443 974 3498 ut
997 3436 1099 3498 nullus
1117 3437 1325 3512 confirmetur,

72 3528 123 3590 nisi
136 3529 310 3592 schedulam
324 3546 342 3590 a
356 3525 486 3588 Parecbo
500 3523 711 3602 subsignatam
723 3521 871 3583 exhibeat.

106 3621 134 3680 3⁰
145 3615 417 3683 Utconfumandus
428 3612 614 3676 rudimentis
627 3611 771 3676 doctrine
786 3611 961 3673 christiana
973 3612 1115 3675 imbutus
1129 3614 1185 3689 sit,
1200 3615 1239 3676 iis
1253 3629 1330 3695 pre-

72 3708 168 3769 sertim
181 3725 251 3788 quim
263 3711 337 3768 sunt
351 3707 387 3767 de
398 3702 576 3766 necessitate
588 3701 693 3777 medii,
703 3707 734 3762 et
747 3717 816 3780 quae
826 3705 962 3781 spectant
972 3701 1010 3763 ad
1025 3703 1217 3764 Sacramenta
1231 3703 1331 3766 Puni-

75 3799 210 3862 1111111111
223 3795 481 3861 confirmationis.
497 3830 538 3839 -
551 3794 603 3856 Ita
616 3793 822 3855 communiter.

106 3889 203 3961 Onna.
220 3891 254 3950 10
265 3887 316 3948 Aa
330 3883 552 3968 confirmandus
567 3881 670 3945 debeat
682 3901 741 3944 esse
747 3881 894 3964 jejunus?

110 3975 193 4058 desp.
210 3975 301 4058 Nep,
324 3979 443 4036 attenta
455 3971 675 4035 consuetudine
697 3970 853 4033 hodierna.
870 3973 963 4051 Leges
980 3971 1064 4034 enim
1082 3972 1248 4048 canonicae,
1262 3986 1332 4053 quae

74 4064 216 4143 jejunium
228 4063 463 4146 praescribebant
477 4061 516 4123 ad
532 4059 735 4140 recipiendam
751 4059 1038 4135 Confirmatiouem,
1050 4060 1084 4122 in
1098 4061 1332 4126 desuemdinem

77 4149 218 4216 abierunt.
230 4152 343 4216 idcirco
352 4151 446 4214 etiam
455 4148 597 4228 ¹invaluit
607 4166 684 4210 usus
698 4145 870 4211 confercndi
882 4147 939 4211 boo
953 4151 1182 4212 Sacramentum
1197 4155 1333 4231 tempore

78 4242 295 4320 1111111111ομ-
309 4239 344 4303 S.
364 4241 447 4321 Ligu,
469 4258 500 4298 n.
518 4240 587 4311 181,
602 4239 635 4296 in
648 4236 719 4315 fiae,
737 4235 845 4298 etalii.

410 4493 487 4538 utils
508 4489 679 4534 aucturus
699 4490 738 4534 DE
758 4488 998 4534 coartantibus
