3198 5034
205 225 251 284 lo
736 235 944 282 rnrcrurus

202 353 371 429 utcumque
391 348 492 410 exitus
518 366 537 408 a
561 346 683 410 fortuna
704 348 847 428 pendeat,
871 345 897 408 si
924 347 1011 408 ludat
1032 345 1086 408 ubi
1109 345 1226 427 praelati
1250 349 1387 410 Canoues
1412 364 1476 410 non

200 435 298 518 rigide
314 437 524 499 observantur.
544 472 583 481 -
599 435 635 498 S.
656 435 725 518 Lip.
747 456 779 496 n.
801 439 871 499 899.
883 434 965 497 -Α
983 435 1112 517 fortiori
1131 433 1217 497 omni
1236 434 1324 515 culpa
1338 442 1477 510 vacaret,

203 525 259 608 qui
272 523 465 588 recreationis
480 543 586 600 causa,
603 529 634 587 et
652 525 767 604 absque
781 523 921 588 scandalo
934 523 997 586 illis
1015 542 1079 585 sese
1091 521 1174 586 ludis
1188 525 1348 598 recrearet;
1365 543 1396 585 v.
1414 542 1476 604 gr„

203 613 230 676 si
244 613 366 676 nullum
385 619 440 676 aut
458 613 628 676 minimum
645 613 686 676 sit
704 613 840 689 lucrum,
858 617 911 675 aut
928 611 955 675 si
969 612 1091 675 lucrum
1103 611 1288 692 pauperibus
1306 612 1475 688 tribuatur,

203 701 471 783 quiaconsuctudo
482 701 539 766 boc
554 709 640 782 pacto
654 705 789 764 Canones
800 701 1000 782 interpretata
1012 706 1068 763 est.

243 793 312 853 toi.
329 825 369 836 -—
387 791 488 864 Quen.
507 791 559 852 An
578 790 706 872 quilibet
723 789 899 853 obortarum
916 789 1004 851 ludos
1017 797 1173 852 remeatur
1190 787 1375 851 alectorias?

242 877 333 962 Besp.
351 877 428 960 Nep.
445 878 687 958 Distinguendus
705 879 789 942 enim
810 884 857 941 est
874 879 988 958 duplex
1006 879 1182 941 chartarum
1204 878 1306 940 ludus.
1325 877 1414 941 Alius
1433 886 1481 942 est

202 984 287 1048 pura
301 967 393 1030 sortis
405 975 436 1029 et
449 967 576 1030 omnino
590 967 767 1044 aleatorius;
780 967 859 1030 alius
871 985 941 1030 vero
955 967 1090 1044 mixtus,
1105 985 1159 1030 seu
1170 965 1285 1048 partim
1298 967 1479 1042 aleatorius,

204 1062 235 1118 et
248 1055 362 1137 partim
374 1074 392 1117 a
407 1056 518 1136 peritia
530 1057 576 1118 vel
589 1055 743 1120 industria
757 1055 892 1120 ludentis
904 1057 1049 1137 pendens.
1064 1058 1126 1119 Hoc
1139 1054 1290 1135 posterius
1302 1054 1369 1118 ludi
1382 1074 1481 1136 genus

204 1161 268 1207 non
289 1150 335 1208 est
356 1144 534 1207 habendum
554 1151 592 1208 ut
609 1143 754 1207 illicitum
771 1164 828 1227 per
847 1165 894 1220 se,
911 1144 937 1208 si
958 1145 1127 1230 moderate,
1146 1144 1260 1224 absque
1279 1145 1434 1219 scandalo,
1450 1147 1482 1208 et

204 1250 258 1313 pro
279 1233 389 1313 exigua
410 1233 546 1313 pecunia
568 1233 742 1314 quantitate
764 1234 904 1308 ludatur,
926 1232 989 1296 nisi
1012 1239 1115 1296 tamen
1138 1231 1251 1295 ahcubi
1272 1231 1394 1312 speciali
1416 1233 1481 1313 lege

204 1320 416 1402 prohibeatur;
441 1320 484 1384 sio
504 1319 590 1384 enim
615 1320 673 1384 lert
696 1321 908 1401 interpretatio
928 1321 1002 1402 legis
1024 1327 1054 1384 et
1077 1319 1259 1383 universalis
1280 1322 1479 1384 consuetudo.
1589 1354 1590 1392 r

204 1413 338 1472 Caveant
358 1413 461 1472 tamor
481 1408 602 1484 Clerici,
625 1428 664 1472 ne
684 1410 719 1471 in
740 1410 872 1472 ludendo
892 1409 932 1472 ad
954 1428 1112 1486 excessus,
1134 1408 1309 1484 levitatem,
1331 1416 1363 1472 et
1382 1407 1481 1472 animi
1589 1453 1590 1458 .

205 1496 452 1578 dissipationem,
473 1515 592 1560 necnon
612 1498 651 1560 ad
672 1496 849 1578 cupiditatis
868 1498 915 1560 vel
937 1497 1087 1580 passionis
1108 1496 1253 1560 affectum
1274 1497 1479 1577 abripiuntur.
1589 1529 1590 1559 ι

205 1585 336 1666 Expedit
353 1585 523 1667 imprimis,
541 1592 577 1648 ut
600 1605 618 1648 a
644 1586 776 1649 ludendo
795 1603 867 1648 cum
882 1586 1078 1650 sacularibus
1095 1585 1266 1666 generatim
1287 1585 1478 1662 abstineant,

205 1673 267 1736 nisi
280 1672 315 1736 bi
327 1674 390 1736 sint
404 1673 463 1736 viri
476 1674 648 1756 prudentiae
660 1673 863 1754 etgravitatis
878 1693 941 1738 non
955 1673 1144 1751 conrmunis;
1155 1673 1229 1755 quia
1241 1692 1326 1737 secus
1338 1679 1481 1738 sanctum

205 1780 311 1825 eorum
334 1761 544 1826 ministerium
564 1763 802 1838 detrimentum,
820 1769 852 1825 ει
869 1763 926 1826 boc
947 1762 1078 1826 subinde
1102 1781 1207 1844 grave,
1228 1761 1314 1826 facile
1333 1763 1480 1842 patietur.

205 1849 362 2002 {impripris
376 1870 394 1913 a
408 1852 555 1932 temporis
569 1854 703 1934 jactura,
720 1859 752 1914 et
765 1869 859 1934 quarn
876 1851 1012 1914 maxime
1030 1871 1048 1914 a
1067 1851 1204 1914 fideliruu
1223 1851 1362 1914 scandalo
1376 1869 1482 1915 cavere

227 1957 242 2000 e
280 1958 326 2001 n.

432 2065 449 2149 ξ
470 2063 532 2131 ΙΙΙ.
553 2066 600 2132 Dc
616 2065 799 2152 pretatione
817 2084 1001 2132 armornm
1014 2069 1043 2130 et
1062 2063 1251 2130 venatione.

247 2212 317 2272 t03.
333 2243 373 2254 -
387 2208 518 2272 Gestatio
532 2224 705 2282 armorum,
722 2208 839 2270 seclusa
851 2207 1047 2285 necessitate,
1063 2207 1187 2272 clericis
1201 2207 1390 2290 prohibetur.
1404 2212 1482 2272 Con-

207 2303 270 2360 stat
282 2303 392 2378 praeter
405 2294 464 2356 alia
478 2313 516 2357 ex
529 2294 651 2357 Decret.
669 2295 718 2357 lib.
736 2300 770 2369 3,
788 2301 836 2356 tit.
852 2301 881 2370 t,
896 2297 933 2358 de
947 2297 1011 2358 cita
1023 2307 1051 2358 et
1066 2295 1182 2358 toneat.
1199 2295 1324 2372 ctera,
1340 2317 1366 2358 c.
1380 2301 1414 2372 2,
1427 2299 1483 2362 ubi

207 2384 341 2447 dicitur:
361 2382 472 2446 Clerici
485 2402 572 2444 armo
587 2393 743 2466 portantes
756 2385 1062 2447 excommunicentur.
1082 2385 1171 2450 Ratio
1189 2391 1250 2460 est,
1266 2385 1341 2468 quia
1354 2387 1483 2466 gestatio

207 2489 365 2533 armomm
379 2471 500 2534 dedecet
512 2471 716 2536 characterem
727 2472 927 2549 clericorum,
945 2472 1000 2554 qui
1013 2473 1052 2535 ad
1068 2474 1243 2554 exemplum
1260 2473 1374 2537 Christi
1390 2473 1481 2538 mites

208 2577 272 2621 esse
291 2557 402 2621 debent
419 2564 450 2621 et
468 2559 602 2622 humiles
620 2562 718 2625 corde.
734 2561 868 2624 Aliunde
886 2561 1071 2626 Clericomm
1089 2580 1175 2624 arma
1191 2563 1302 2625 debent
1320 2580 1384 2624 esse
1399 2580 1483 2626 mere

208 2645 399 2728 spiritualia,
423 2665 494 2710 cum
517 2646 555 2710 ad
576 2647 643 2712 illos
664 2656 778 2730 spectet
800 2655 905 2712 contra
926 2657 1090 2731 potestates
1114 2650 1311 2714 tenebrarum
1334 2649 1481 2714 militare.
1590 2665 1591 2692 t

207 2735 295 2798 Unde
315 2733 423 2798 dicunt
440 2735 572 2816 theologi
592 2755 664 2800 cum
683 2738 844 2802 Benedicto
862 2741 941 2814 xlv,
963 2749 1024 2802 not.
1043 2744 1112 2814 tot,
1128 2757 1249 2821 peccare
1267 2737 1400 2820 graviter
1417 2739 1483 2802 Cle-

205 2822 283 2886 ricos
293 2823 328 2885 in
340 2823 448 2900 sacris,
459 2824 514 2906 qui
527 2824 675 2887 militiam
686 2828 925 2906 amplectuntur.
937 2833 1003 2892 Non
1015 2833 1120 2891 tamen
1134 2826 1374 2909 reprehendendi
1389 2833 1480 2902 sunt,

206 2911 261 2993 qui
274 2911 351 2974 bello
361 2916 446 2993 justo
465 2919 664 2993 cooperantur
677 2914 816 2992 consilio,
833 2915 1059 2990 adhortatione,
1075 2916 1123 2978 vel
1135 2915 1230 2978 etiam
1244 2915 1375 2990 auxilio,
1392 2917 1482 2978 modo

205 3018 372 3063 armenon
390 3006 513 3081 gerant,
530 3019 586 3064 nec
599 3000 695 3067 officio
713 3003 799 3066 ducis
819 3003 1001 3084 fungantur.
1018 3007 1059 3066 De
1077 3003 1128 3065 bis
1148 3022 1185 3066 ex
1203 3002 1299 3066 variis
1312 3003 1384 3066 locis
1398 3003 1483 3067 turis

207 3088 344 3151 canonici
358 3095 487 3153 constat.
503 3089 574 3152 nixi
588 3101 678 3153 extro
690 3093 908 3171 necessitatene,
925 3091 999 3172 quia
1009 3091 1173 3156 necessitas
1186 3091 1284 3172 legem
1300 3110 1363 3155 non
1377 3093 1481 3155 habet.

247 3180 318 3239 tol.
327 3209 367 3222 -
376 3177 505 3240 Venatio
519 3177 698 3259 prohibetur
711 3179 849 3255 Clericis3
861 3186 895 3242 at
906 3180 1102 3245 venationem
1116 3179 1252 3262 intellige
1266 3181 1480 3258 damnosam,

207 3281 262 3326 seu
280 3283 348 3345 quae
367 3263 403 3328 fit
422 3284 493 3329 cum
509 3267 637 3330 canibus
650 3274 681 3331 et
694 3286 853 3331 armorum
873 3267 1021 3349 strepitu,
1037 3270 1086 3332 vel
1105 3268 1315 3349 accipitribus;
1334 3287 1398 3332 non
1412 3287 1483 3334 rero

207 3353 403 3417 venationem
415 3354 568 3435 quietam,
581 3376 612 3418 v.
627 3373 685 3436 gr,
700 3375 772 3420 curu
785 3356 902 3438 laqueis
914 3363 970 3420 aut
981 3356 1050 3420 aliis
1064 3356 1293 3420 instrumentis.
1307 3360 1434 3420 Constat
1445 3377 1485 3421 ex

206 3441 301 3507 variis
314 3441 386 3506 locis
400 3443 484 3506 luris
498 3463 579 3520 can,
596 3445 648 3508 sed
661 3445 832 3526 presertim
845 3464 884 3508 er
899 3443 991 3507 Cone.
1008 3445 1112 3508 Later.
1129 3445 1186 3524 IV,
1206 3463 1273 3506 eon.
1293 3448 1347 3518 lb,
1363 3445 1420 3507 ubi
1433 3446 1484 3508 di·

207 3529 313 3594 citur:
337 3531 526 3595 Venationern
548 3542 578 3596 et
595 3539 826 3617 nucupationem
845 3535 992 3598 uniuersis
1013 3532 1141 3596 Clericic
1160 3531 1388 3603 incantemus
1401 3534 1485 3598 ιιηάε

206 3639 259 3682 nec
276 3641 363 3684 canes
385 3642 437 3684 nec
456 3641 523 3684 aces
542 3621 652 3686 babere
673 3634 876 3706 praesamant.
897 3625 974 3686 Item
994 3640 1031 3684 ex
1051 3619 1142 3684 Cone.
1165 3619 1265 3698 ried,
1284 3639 1354 3682 eece.
1373 3623 1481 3702 XXIV,

207 3727 232 3770 c.
249 3727 368 3772 r111.-
389 3710 464 3773 Vide
480 3711 516 3772 S.
535 3711 619 3793 tp,
637 3711 658 3772 l.
671 3712 728 3788 111,
745 3733 777 3772 n.
794 3716 865 3777 606.

247 3798 492 3862 Controvertitur
505 3805 625 3875 autem,
641 3817 682 3862 an
703 3799 825 3864 venatio
841 3800 1005 3863 clamorosa
1022 3797 1064 3860 sit
1077 3803 1234 3880 peccatum
1248 3817 1354 3880 grave,
1371 3799 1399 3863 si
1412 3819 1482 3864 raro

207 3883 271 3948 fiat.
287 3885 382 3964 Negat
397 3887 433 3948 S.
447 3885 608 3968 Liparinr,
625 3887 739 3950 secluso
752 3887 902 3950 scandalo.
916 3887 1032 3950 Pariter
1045 3905 1107 3950 non
1122 3887 1244 3950 ridetur
1257 3887 1363 3951 stricte
1376 3888 1482 3970 prohi-

206 3970 272 4034 bita
286 3991 344 4053 per
362 3993 393 4035 re
408 3973 530 4038 venatio
549 3992 620 4037 cum
642 3975 772 4055 sclopeto
790 3980 821 4038 et
834 3993 896 4038 uno
915 3993 1002 4051 cane;
1022 3976 1075 4038 sed
1090 3975 1257 4056 generatim
1275 3975 1482 4040 indecentiam

206 4058 351 4134 involvit,
374 4079 430 4123 nec
454 4061 555 4144 aliquo
581 4062 720 4125 scandalo
745 4069 842 4138 caret,
862 4062 925 4126 nisi
950 4063 1025 4126 torte
1051 4081 1118 4126 raro
1143 4061 1213 4138 fiat,
1236 4084 1266 4128 v.
1288 4083 1347 4146 gn,
1367 4067 1482 4146 absque

206 4164 313 4224 cursu,
332 4146 366 4209 in
384 4146 489 4226 horto,
507 4157 563 4213 etc.

630 4273 647 4364 ᾖ
665 4274 725 4342 lV.
749 4275 797 4343 De
813 4275 1055 4364 negotiatione.

247 4422 317 4484 lod.
329 4455 371 4467 -
386 4417 627 4501 Negotiationem
641 4439 742 4502 agere,
760 4420 823 4484 sive
837 4393 889 4502 per
903 4439 950 4497 se,
965 4421 1029 4484 sire
1042 4439 1095 4502 per
1109 4421 1304 4504 interpositas
1316 4440 1478 4502 personas,

205 4505 383 4586 prohibetur
397 4507 533 4585 Clericis,
548 4508 606 4571 sub
617 4527 750 4590 quorum
763 4507 813 4572 bic
824 4509 966 4587 nomine,
973 4513 1066 4592 juxta
1077 4527 1273 4574 communem
1283 4509 1474 4588 doctrinam,
