3206 5042
194 139 262 199 43⁶2
725 141 937 190 sosarinus

195 258 426 324 Paenitentiaria
446 257 494 318 die
514 259 615 320 bDee.
633 259 712 319 1873
734 255 912 335 respondit:
928 253 1098 334 Nepotice,
1115 257 1209 319 salvis
1228 262 1299 323 aliis
1320 266 1505 346 facultali-

198 353 267 422 bus,
287 367 354 430 quaa
365 355 551 427 promanant
567 365 606 406 eu
621 346 776 426 rescriptis
788 343 1031 424 particularibus
1046 344 1089 404 ad
1102 355 1220 429 tempas
1233 358 1403 420 concessis.

236 442 337 515 Quas.
356 440 408 498 11ο
427 434 578 510 Quomodo
593 433 786 514 postulandae
802 433 861 492 sint
880 431 1042 510 facultates
1062 443 1125 494 tum
1141 441 1317 518 penerales,
1336 455 1405 507 tum
1423 469 1499 530 spe-

196 528 302 600 ciales,
318 524 491 586 absoluendi
506 545 524 582 o
539 523 657 585 casibus
671 519 855 604 papalibus?

240 615 333 696 blesp.
346 633 358 674 .·
374 616 409 675 ln
428 613 499 674 locis
516 610 700 674 missionum
719 611 757 672 ad
779 608 814 670 S.
835 609 870 670 C.
890 607 926 670 de
941 608 1153 692 Propapcnda
1167 615 1242 696 fide,
1267 621 1335 683 aliis
1351 621 1386 686 in
1405 628 1496 692 10ch

198 707 238 769 ad
262 702 585 767 &Particulonem
609 700 827 762 recurrendum
851 705 907 760 est.
930 699 1020 759 Porro
1044 699 1071 761 si
1094 703 1186 766 ads.
1210 709 1491 780 Poenitentiarianr

198 811 338 857 recursus
355 791 515 865 habeatur,
536 789 647 851 litterae
666 787 888 868 postulatoriae,
913 804 983 867 quae
1001 791 1164 852 uernacula
1183 791 1291 875 lingua
1310 805 1486 880 conscribi,

198 889 228 945 ct
244 885 371 944 Romam
391 879 517 952 directe,
537 878 614 958 quin
633 877 795 938 tradantur
810 875 969 955 Episcopo,
987 875 1072 939 mitti
1086 888 1233 958 possunt,
1252 886 1367 951 debent
1386 892 1487 973 dirigi

197 971 242 1032 ad
263 969 545 1032 Emiricutissimum
568 964 766 1027 Cordinalem
792 964 943 1043 Majorem
966 964 1246 1032 Poeuitcntiarium.
1273 976 1366 1039 Initio
1387 999 1486 1062 appo-

198 1061 299 1123 nenda
316 1063 390 1120 sunt
405 1057 469 1118 hac
488 1055 580 1118 rerba
596 1074 603 1115 ε
620 1053 868 1116 Eminentissime
886 1064 912 1113 ct
929 1053 1186 1120 decorandisslme
1202 1061 1350 1142 [lamiam
1364 1067 1398 1129 in
1417 1070 1482 1132 fine

200 1155 304 1210 autem
319 1166 326 1206 :
340 1145 492 1223 Dignatur
503 1144 684 1206 Eurincruia
698 1153 797 1204 uestra
812 1142 976 1203 rescribere
989 1143 1031 1204 ad
1041 1144 1076 1205 N
1076 1192 1125 1218 ...,
1140 1149 1234 1212 ethic
1248 1153 1368 1218 clareat
1380 1158 1479 1221 nit-ide

200 1236 417 1316 exprimuntur
430 1251 557 1306 nomen,
573 1251 737 1313 cognomen
752 1239 783 1293 et
797 1232 878 1293 locus
893 1231 978 1293 illius
993 1233 1031 1294 ad
1045 1251 1139 1314 quem
1153 1241 1308 1318 responsio
1323 1245 1478 1310 mittenda

200 1332 257 1388 est.
278 1323 402 1397 Quando
418 1321 545 1384 iacultas
563 1340 618 1401 pro
637 1339 708 1382 casu
728 1319 906 1400 particulari
925 1321 1108 1399 postulatur,
1126 1342 1213 1388 casus
1232 1327 1295 1408 ipse
1308 1333 1385 1394 clare
1401 1354 1476 1398 cum

202 1413 443 1478 circumstantiis
458 1413 634 1474 necessariis
649 1413 757 1492 exponi
771 1411 875 1486 debet,
893 1413 1006 1474 omisso
1020 1417 1124 1476 nmen
1141 1419 1262 1481 nomine
1275 1422 1331 1492 rei,
1346 1425 1401 1501 qui
1412 1445 1474 1504 per

202 1504 336 1566 litteram
355 1501 425 1563 Ν...
445 1508 567 1563 tanturn
587 1500 775 1580 designatur.
790 1500 1016 1564 —Facultates
1035 1509 1154 1579 autem,
1172 1505 1244 1567 sicut
1262 1515 1291 1568 et
1308 1509 1469 1589 dispensa-

202 1592 316 1664 tioneS,
335 1597 405 1663 etc,
426 1609 444 1650 a
466 1595 557 1652 Sacra
579 1590 810 1652 Paenitentiaria
836 1590 930 1669 gratis
953 1591 1080 1653 omnino
1104 1594 1310 1657 conceduntur.
1330 1633 1371 1644 —
1398 1600 1470 1662 Vid.

202 1680 322 1756 Bouic,
342 1683 376 1738 de
393 1679 491 1739 Curia
506 1678 607 1752 Rom,
625 1699 658 1759 p.
671 1680 712 1752 11,
730 1699 755 1738 c.
772 1697 845 1752 xnr,
862 1681 879 1759 ξ
894 1683 924 1740 i.

244 1767 584 1830 Excommunicationes
611 1785 716 1829 ornnes
746 1767 984 1830 constitutionis
1012 1771 1193 1853 Apostolus
1223 1774 1312 1835 Sedis
1343 1783 1474 1857 quatuor

205 1857 341 1920 seriebus
362 1875 416 1918 seu
437 1856 663 1918 recessionibus
684 1857 891 1919 continentur.
915 1857 1025 1920 Primo
1044 1861 1178 1923 recensio
1196 1865 1407 1944 complectitur
1426 1886 1473 1928 11-

204 1945 495 2008 communicationcs
514 1945 581 2008 latas
601 1945 759 2008 sententiae
781 1946 902 2026 speciali
920 1948 1010 2009 modo
1028 1953 1163 2013 Romano
1184 1952 1325 2016 Pontifici
1343 1973 1474 2018 reserva-

204 2041 267 2109 tas;
285 2029 498 2110 secundans
517 2052 585 2114 quar
604 2038 739 2098 Romano
756 2035 895 2097 Pontifici
910 2035 1121 2120 (simpliciter)
1140 2047 1351 2120 reservantur,
1371 2046 1473 2116 tertia,

205 2130 373 2183 reservatas
385 2122 540 2203 Episcopis
554 2121 618 2186 sire
630 2123 815 2200 Ordinariis3
830 2133 957 2206 quarta,
972 2127 1089 2189 nemini
1103 2137 1285 2193 reservatas.
1297 2137 1338 2194 [te
1350 2131 1475 2212 singulis

205 2209 384 2290 singillatim
401 2212 564 2290 agendum.

750 2320 888 2364 rrucruu
911 2323 933 2366 n

403 2423 440 2474 De
456 2421 801 2476 excommunicationibus
815 2421 881 2479 latae
901 2426 1051 2483 sentcntiae
1065 2427 1181 2500 speciali
1195 2428 1279 2485 modo

517 2525 519 2531 ·
613 2501 738 2556 Romano
756 2503 886 2558 Pontifici
900 2508 1062 2563 reservatis.

243 2617 313 2678 975.
332 2648 369 2661 -
385 2613 554 2678 Duodecim
575 2619 609 2680 in
631 2620 718 2682 Bulla
743 2623 977 2704 exprimuntur3
998 2647 1055 2687 aaa
1076 2625 1209 2686 addenda
1228 2628 1289 2698 est,
1314 2643 1413 2706 quam
1437 2631 1477 2692 in

204 2703 315 2766 Punct.
333 2725 430 2786 prae.
457 2707 555 2782 Quas.
576 2713 596 2772 1
614 2711 868 2790 memoravimus
891 2715 976 2777 nulla
995 2734 1030 2778 er
1047 2712 1231 2776 'tridentinis
1250 2711 1325 2775 briis
1349 2715 1478 2794 speciali

203 2795 402 2858 reservationi
422 2797 569 2877 subjacet.

243 2882 361 2946 Priores
380 2885 554 2960 duodecim,
576 2905 644 2966 qua
662 2887 697 2949 in
714 2890 938 2954 Constitutione
959 2893 1025 2973 ipsa
1046 2892 1208 2966 habentur,
1227 2908 1349 2966 omnes,
1370 2897 1475 2973 praeter

203 2972 352 3036 decimam
370 2973 407 3034 de
423 2973 598 3036 absolvente
616 2977 792 3057 complicem
811 2979 846 3041 in
861 2985 979 3059 peccato
997 2983 1097 3062 turpi,
1112 2983 1281 3060 desumpta
1300 2979 1476 3063 lucrantes

201 3060 295 3121 Balla
314 3062 424 3122 Canae.
442 3065 481 3124 Et
498 3065 681 3142 generatim,
697 3085 765 3146 qua
781 3069 820 3129 ad
835 3069 914 3130 banc
929 3069 1063 3150 primam
1082 3069 1288 3134 recensionem
1305 3069 1474 3150 pertinent,
1580 3127 1581 3132 ,

201 3150 264 3212 1111
280 3151 632 3216 excommunicationum
651 3154 755 3217 Buttae
771 3159 870 3220 Canis
889 3159 1038 3223 habendas
1056 3168 1146 3236 sunt;
1164 3161 1209 3222 ita
1228 3167 1265 3222 ut
1278 3176 1476 3242 quacumque
1580 3169 1581 3180 ³

202 3238 238 3300 de
256 3238 306 3300 bis
321 3238 394 3302 olim
411 3243 638 3320 statuebantur,
657 3263 740 3307 rrunc
756 3246 969 3326 intelligantur
986 3249 1024 3310 ad
1037 3249 1106 3312 ibas
1122 3249 1216 3312 etiam
1232 3255 1374 3329 spectare.

243 3329 312 3388 lam
332 3331 512 3393 monuimus
526 3331 701 3394 facultatem
720 3335 896 3398 absolvendi
912 3336 950 3398 ab
969 3337 1019 3399 his
1037 3338 1175 3400 censuris
1189 3337 1305 3419 speciali
1323 3335 1475 3396 madore

201 3416 330 3478 serratis
350 3436 410 3480 non
426 3421 640 3499 comprehendi
656 3423 689 3484 in
703 3423 848 3488 facultate
865 3426 958 3488 etiam
974 3427 1107 3506 generali
1124 3424 1296 3490 absolvendi
1315 3443 1333 3486 a
1349 3421 1476 3485 casibus
1580 3449 1581 3482 1

201 3506 377 3584 papalibus,
394 3509 456 3570 nisi
473 3527 611 3590 expresse
625 3513 820 3590 enuntiatum
838 3513 916 3590 imo,
933 3516 1077 3596 quamvis
1095 3534 1236 3596 expresse
1250 3513 1475 3585 enuntiaretur,

202 3611 266 3656 non
281 3595 349 3657 ideo
367 3606 541 3660 censeretur
557 3619 695 3664 concessa
711 3601 840 3666 facultas
854 3623 909 3684 pro
926 3622 997 3666 casu
1019 3605 1221 3668 absolutionis
1237 3600 1407 3682 complicis,
1424 3599 1477 3679 qui
1580 3683 1581 3688 ἵ

202 3683 419 3762 specialissima
433 3687 587 3750 mentione
598 3689 727 3769 indiget.
739 3727 778 3736 -
795 3693 867 3755 Vide
883 3692 1153 3772 Constitutiouem,
1171 3692 1316 3773 adfinem
1329 3695 1365 3752 t·
1379 3707 1477 3750 receu—
1580 3689 1581 3766 f

201 3772 311 3852 sionis,
329 3783 361 3834 ut
376 3795 484 3856 supra,
499 3797 530 3837 u.
546 3781 616 3840 581.

243 3863 293 3922 SS.
306 3864 340 3923 D.
352 3868 384 3925 P.
397 3863 470 3926 Pius
478 3867 517 3928 lX
527 3869 804 3933 excommrmicavit
814 3871 1128 3935 excommunicatione
1137 3873 1206 3933 lata
1217 3867 1383 3933 malentis
1391 3870 1474 3930 Rom.

202 3949 340 4012 Pontifici
355 3953 477 4033 speciali
493 3956 583 4019 modo
597 3964 761 4022 reservata.

836 4076 848 4130 1

238 4179 346 4238 Omnes
360 4197 377 4237 a
391 4185 548 4245 christiana
564 4191 632 4248 Pide
645 4194 806 4266 apostatas,
826 4195 853 4250 el
868 4211 966 4254 omnes
982 4213 1015 4253 ac
1036 4194 1166 4267 singulos
1181 4190 1335 4249 hereticos
1349 4201 1476 4261 quocum·

203 4275 258 4332 que
281 4263 397 4320 nomine
416 4271 597 4339 censeantur,
621 4274 650 4328 et
673 4275 880 4348 cujuscumque
907 4280 992 4334 secta
1013 4275 1171 4343 exsistant,
1196 4271 1295 4342 eisque
1315 4267 1475 4329 credentes

204 4355 358 4417 eorumque
373 4349 548 4422 receptores,
562 4352 702 4422 lautores,
718 4369 752 4410 ac
763 4357 936 4426 generaliter
950 4357 1097 4432 quoslibet
1112 4356 1227 4412 illorum
1241 4351 1421 4407 defensores.

826 4435 889 4510 (Eu
902 4437 991 4496 Brulla
1002 4439 1107 4496 Corn-a.
1122 4467 1160 4479 -
1173 4433 1187 4490 1
1201 4427 1356 4502 1111111111.)
