3198 5034
442 202 486 247 ne
507 201 683 248 srnrrnus
704 199 1015 249 raurrcnnnnrnus
1323 191 1373 256 33‘

107 335 141 378 ne
154 313 352 388 obliviscaris
369 319 439 388 etc,
456 312 546 376 modo
561 319 665 374 umen
678 331 740 375 non
757 311 932 394 frequenter
947 313 1016 389 fiat;
1033 313 1106 396 quia
1117 314 1257 396 frequens
1270 308 1366 382 inter·

107 403 198 486 ruptio
210 402 248 465 ob
259 403 339 465 hauc
353 419 478 464 causam
496 399 599 484 aliqua
617 399 815 464 irreverentia
829 419 892 464 non
903 409 999 478 caret;
1017 406 1050 465 60
1065 402 1146 466 licite
1160 403 1256 467 etiam
1268 414 1367 486 potest

105 489 267 555 recitationi
281 489 415 572 interjici
429 489 531 570 aliqua
542 488 644 552 brevis
658 487 766 566 oratio,
780 488 827 552 vel
840 489 951 571 aliquis
965 490 1036 571 pius
1047 491 1145 554 cordis
1160 491 1296 557 allectus.
1310 497 1366 560 Mi-

104 599 156 643 nus
168 587 272 643 tamen
285 581 405 642 deceret
415 576 587 642 meditandi
601 578 699 658 gratia
713 577 747 641 in
760 577 829 642 istis
838 577 959 642 diutius
968 584 998 642 et
1010 579 1183 661 frequenter
1192 581 1364 658 immorari,

103 668 169 750 qrria
184 667 262 731 ratio
278 666 466 730 recitationis
481 684 535 728 seu
554 665 701 729 orationis
715 667 826 729 vocalis
840 685 903 730 non
918 667 993 730 satis
1007 675 1195 746 servaretnr;
1210 676 1242 733 et
1258 671 1300 747 si,
1317 689 1367 734 vo

103 758 173 820 cales
193 755 345 820 orationes
364 754 513 835 longIores
527 760 558 817 et
573 754 704 818 minime
722 755 910 835 pertinentes
929 756 968 818 ad
983 755 1122 820 Officium
1141 757 1364 834 interserendo,

101 864 167 927 pars
180 843 325 908 notalulm
339 844 500 907 adderetur
514 842 613 918 Horis
623 842 666 918 id,
672 845 763 924 juxta
777 845 937 924 quosdam,
951 849 1029 907 esset
1044 844 1162 908 veniale
1175 853 1281 928 utpote
1296 867 1366 911 con-

101 939 143 997 tra
162 932 294 996 formam
314 931 533 1014 praescriptam.
549 967 589 978 -
602 928 637 994 S.
653 931 724 1013 Lip,
741 953 772 992 n.
790 935 859 996 ree.
876 946 916 978 -’
930 931 1096 1012 solinunt,
1113 943 1152 1004 tr.
1169 937 1251 1012 XVI,
1268 957 1294 998 c.
1313 955 1366 1012 111,

102 1044 129 1086 n.
143 1027 173 1086 l.
187 1058 228 1070 -
242 1021 392 1098 saecu,
408 1041 439 1083 u.
457 1024 546 1094 lidi,
562 1029 591 1081 ct
605 1019 661 1081 olii
673 1024 883 1084 communiter.

138 1117 186 1176 tt.
198 1147 237 1157 -
250 1113 350 1186 Quas.
365 1114 397 1175 30
408 1110 460 1171 Au
473 1108 658 1171 Matutinum
672 1111 916 1193 separaripossit
929 1129 948 1172 a
961 1109 1136 1174 Laudibus?

139 1200 225 1283 Hesp.
242 1199 369 1281 Asina.
384 1201 476 1280 juxta
496 1213 692 1260 communem
713 1199 910 1262 sententiam.
926 1198 974 1260 Sic
988 1199 1073 1262 enim
1093 1198 1128 1261 S.
1145 1200 1228 1282 Lip,
1243 1221 1275 1262 u.
1293 1206 1367 1266 167:

102 1288 258 1352 Commune
273 1297 330 1368 eet,
347 1285 427 1370 qnod
442 1284 629 1348 Matutinum
643 1295 743 1368 potest
755 1307 774 1348 a
785 1287 942 1349 Laudibus
955 1290 1095 1370 separari
1110 1288 1175 1352 sine
1185 1289 1254 1351 ullu
1267 1309 1366 1360 cause

100 1387 132 1439 ut
144 1377 249 1440 dicunt
259 1375 371 1454 Satn,
386 1376 516 1449 Bonan,
533 1374 670 1453 Concin,
689 1375 797 1453 Suum,
817 1375 945 1456 Senot,
957 1376 1107 1456 Nouam,
1122 1378 1271 1456 Lancia,
1287 1380 1368 1441 Less.

101 1468 183 1529 lunc
197 1469 312 1542 autem,
329 1464 418 1527 finito
429 1464 591 1539 Matutino,
604 1461 768 1526 dicendum
782 1470 829 1527 est
842 1466 936 1528 Pater
948 1473 1055 1542 noster,
1073 1472 1110 1528 ut
1124 1465 1190 1528 lieri
1201 1467 1291 1530 debet
1302 1473 1371 1548 post

101 1572 327 1635 quamcumque
344 1555 469 1616 Horam.

134 1647 187 1706 85.
199 1679 239 1688 -
252 1645 355 1718 Quen.
367 1645 401 1704 l⁰
415 1641 464 1701 An
477 1641 629 1705 Nocturni
641 1640 781 1724 separari
789 1641 905 1723 possint
919 1642 983 1703 sine
997 1644 1107 1710 causa?

135 1731 230 1811 Resp.
247 1729 374 1812 Affirm.
390 1733 516 1792 Constat
534 1749 573 1793 ex
593 1729 760 1792 universali
779 1728 1014 1804 consuetudine,
1033 1729 1083 1791 cui
1102 1731 1187 1794 nulla
1200 1733 1248 1794 lex
1263 1733 1372 1813 opponi

98 1822 212 1900 potest.
226 1819 291 1880 lmo
305 1817 378 1880 olim
391 1835 429 1880 ex
440 1817 528 1897 praxi
540 1817 681 1880 Ecclesiae
695 1817 926 1897 separabantur,
943 1833 1015 1878 cum
1026 1817 1061 1879 in
1072 1817 1165 1879 variis
1179 1819 1277 1882 noctis
1291 1820 1373 1882 horis

101 1905 223 1970 recitari
237 1905 378 1967 solerent.
394 1907 492 1979 Quare
502 1905 600 1984 igitur
612 1921 696 1966 nunc
714 1902 847 1984 separari
860 1922 923 1966 non
934 1906 1077 1984 possent?
1088 1939 1129 1948 —
1142 1906 1193 1966 Ito
1206 1907 1373 1987 Salmone,

103 2005 125 2056 u
144 1994 207 2057 olii
227 1993 412 2056 cornmuniue
432 1997 537 2055 contra
558 1990 645 2054 alios.
663 1993 728 2054 lmo
746 1991 855 2054 dicunt
875 2010 937 2054 non
957 1991 1062 2073 padci,
1083 1993 1177 2056 etiam
1198 1994 1264 2058 sine
1285 2015 1376 2060 causo

103 2081 222 2163 speciali
243 2081 445 2143 intervallum
475 2080 572 2142 trium
593 2081 739 2143 horarum
762 2079 917 2160 interponi
943 2079 1026 2142 inter
1046 2079 1182 2161 singulos
1207 2087 1376 2148 Nocturnus

104 2190 195 2252 posse.
215 2169 249 2234 si
267 2175 374 2232 autem
389 2167 471 2232 adsit
486 2167 574 2249 justo
592 2187 696 2248 eausa,
712 2170 800 2250 cujus
814 2168 911 2248 gratia
925 2168 1073 2231 Nocturni
1087 2171 1220 2250 separari
1234 2172 1373 2250 debeant,

105 2259 300 2323 intervallum
314 2257 392 2320 illud
405 2274 460 2338 pro
476 2257 594 2320 ratione
607 2256 692 2320 illius
707 2275 804 2320 musae
818 2255 955 2337 protrahi
969 2255 1064 2318 etiam
1075 2265 1184 2340 potest.
1199 2262 1303 2323 —Ita
1317 2260 1379 2324 Bu-

104 2349 202 2425 semi„
215 2347 344 2422 Bonae,
355 2343 465 2414 Salen,
487 2344 571 2420 Viva,
583 2363 717 2426 quorum
729 2345 914 2408 sententiam
928 2343 1039 2409 merito
1049 2347 1235 2427 probabilem
1249 2351 1378 2432 appellat

106 2435 140 2498 S.
153 2437 235 2519 up,
251 2456 284 2498 n.
298 2440 368 2500 tut.
1123 2494 1126 2502 .

144 2529 191 2590 86.
206 2560 249 2572 -
259 2529 363 2602 Qunn.
380 2529 413 2589 50
427 2527 478 2586 An
492 2523 541 2586 uel
559 2523 703 2606 quomodo
722 2521 773 2585 ille
786 2532 899 2604 peccet,
913 2528 981 2606 qui,
996 2525 1122 2588 recitato
1136 2547 1195 2589 uno
1215 2528 1263 2591 uel
1281 2528 1377 2594 altero

106 2615 259 2676 llsocturno
272 2615 305 2674 in
317 2612 437 2695 cipitia,
447 2611 596 2694 reliquum
610 2611 761 2675 Matutini
769 2623 891 2694 partem
904 2623 966 2674 tota
982 2624 1067 2676 nocte
1080 2615 1386 2697 interjectorecitott

142 2703 233 2787 Resp.
248 2706 281 2765 l⁰
292 2703 336 2764 :A
350 2709 469 2783 peccato
483 2700 607 2764 mortali
619 2717 738 2781 semper
752 2699 932 2764 eximendus
947 2707 1003 2778 est,
1018 2703 1091 2784 quia
1105 2703 1288 2770 substantiae
1301 2725 1379 2787 prae-

108 2791 179 2873 cepti
191 2789 350 2856 satisfacit.
360 2793 407 2853 Er
421 2788 553 2870 generali
567 2788 651 2852 enim
666 2789 770 2869 regula
781 2789 894 2852 tradita
906 2808 924 2852 a
936 2790 972 2853 S.
985 2792 1070 2872 Lep,
1084 2811 1115 2852 n.
1132 2795 1202 2867 168,
1215 2799 1245 2854 et
1257 2793 1295 2856 ab
1308 2793 1379 2854 aliis

108 2883 317 2955 communiter,
326 2877 469 2960 precepti
481 2877 663 2941 substantiae
677 2876 804 2953 satisfit,
817 2877 934 2958 quoties
948 2877 1087 2942 Officium
1100 2877 1218 2959 integre
1232 2879 1379 2944 recitatur

108 2968 138 3032 in
155 2969 203 3032 die
223 2967 375 3044 naturali,
392 2968 440 3031 vel
462 2965 677 3042 ecclesiastico,
693 2965 740 3028 ita
759 2971 795 3028 ut
817 2984 978 3048 nunquam
994 2971 1152 3050 peccatum
1169 2966 1289 3031 veniale
1304 2975 1379 3032 tunc

108 3059 279 3131 excedatur,
300 3060 546 3137 quantacumque
569 3053 753 3133 interruptio
775 3054 868 3117 etiam
888 3053 956 3120 sine
978 3073 1069 3119 causa
1094 3053 1272 3119 intercedet.
1300 3060 1378 3138 Ergo

109 3161 189 3210 casus
200 3161 337 3228 presens
350 3144 471 3206 excludi
481 3161 544 3206 non
556 3143 656 3206 debet.

148 3235 237 3318 Hesp.
250 3236 283 3296 2⁰
298 3253 306 3296 :
324 3235 484 3313 Apecceto
498 3229 612 3293 veniali
632 3233 824 3294 excusandus
845 3232 940 3295 etiam
965 3231 1015 3295 illc
1036 3234 1111 3308 erit,
1133 3232 1188 3314 qui
1206 3234 1380 3298 rationabili

110 3323 142 3384 de
156 3329 248 3386 causa
261 3321 295 3384 id
307 3319 436 3402 peragit,
451 3337 481 3382 v.
498 3335 557 3398 gr„
574 3317 601 3379 si
613 3317 751 3380 efficium
767 3319 809 3380 sit
822 3321 908 3383 valde
921 3322 1107 3403 productum
1122 3328 1159 3385 ut
1172 3321 1310 3386 Officium
1322 3327 1381 3384 Do-

109 3411 243 3486 mimos,
259 3417 289 3474 et
303 3410 429 3473 recitato
447 3406 548 3488 primo
568 3405 722 3468 Nocturno
736 3406 778 3467 sit
792 3407 878 3469 valde
892 3408 1091 3488 defatigatus,
1108 3411 1156 3472 vel
1169 3429 1279 3473 somno
1292 3410 1381 3471 obru-

111 3505 172 3576 tus,
194 3507 254 3564 etc.
276 3498 365 3564 Ratio
386 3515 424 3560 ex
445 3493 534 3558 dictis
555 3491 709 3574 sequitur;
733 3493 885 3574 siquidem
908 3497 994 3574 J‘usta
1021 3498 1059 3559 de
1082 3515 1173 3559 causa
1198 3494 1382 3575 interruptio

111 3589 249 3668 quaelihet
261 3587 346 3651 licita
359 3591 416 3649 est.
432 3621 471 3632 -
485 3584 609 3663 Reuter,
625 3581 663 3645 de
674 3579 784 3656 Horis,
802 3601 881 3651 con„
899 3602 930 3644 u.
946 3585 1017 3645 262.

150 3681 197 3740 8¹1.
209 3713 252 3723 —
265 3679 368 3754 Qum.
384 3679 417 3738 6⁰
430 3672 537 3736 Anuel
549 3681 695 3758 quotenus
707 3669 869 3753 repetendo
882 3668 1043 3753 siculique
1057 3669 1144 3733 Horu
1156 3681 1283 3754 propter
1296 3681 1383 3734 nota-

114 3762 199 3826 bilem
212 3763 466 3846 interruptionem
480 3759 710 3845 interpositum?

151 3854 237 3939 Resp.
257 3861 290 3919 10
305 3873 313 3916 :
327 3855 409 3916 Hora
422 3851 541 3932 integra
554 3868 716 3931 nunquam
730 3855 778 3914 est
791 3851 965 3931 repetenda,
982 3847 1105 3913 etiamsi
1119 3847 1302 3932 intermptio
1316 3852 1383 3915 ahs-

112 3959 168 4022 que
176 3946 263 4025 Justa
276 3960 368 4006 causa
381 3939 561 4022 interposita
574 3937 676 4002 fuerit.
691 3939 781 4003 Ratio
794 3944 879 4019 patet
897 3957 934 4002 ex
952 3939 1042 4002 modo
1057 3936 1159 4000 dictis.
1177 3939 1303 4021 Insuper
1319 3939 1382 4004 sin-

114 4031 175 4110 guli
189 4032 315 4106 Psalmi,
330 4029 517 4110 singulteque
527 4027 684 4091 Lectiones
697 4027 744 4089 vel
757 4027 914 4091 Orationes
929 4045 1017 4090 sciam
1032 4025 1212 4107 completam
1230 4027 1382 4110 signitica-

113 4119 227 4184 tionem
242 4121 372 4194 habent,
388 4124 418 4181 et
433 4117 507 4180 satis
522 4115 678 4180 uniuntur
691 4134 743 4194 per
755 4115 960 4178 intentionem
977 4113 1191 4178 continuandi.

150 4211 242 4293 Besp.
255 4210 288 4270 2⁰
303 4228 310 4270 :
324 4209 389 4270 lmo
401 4225 462 4288 per
475 4226 505 4268 se
518 4205 683 4287 loquendo,
698 4202 777 4266 nihil
789 4211 835 4267 est
849 4201 1017 4266 necessario
1037 4207 1247 4283 repetendum,
1262 4205 1384 4268 etiamsi

112 4295 296 4380 interruptio
317 4295 351 4360 in
365 4294 466 4358 medio
484 4293 603 4356 Psalmo
622 4293 691 4368 fiat,
705 4294 794 4355 modo
812 4311 874 4354 non
892 4291 934 4354 sit
950 4291 984 4353 in
997 4290 1098 4355 medio
1111 4293 1272 4368 versiculo,
1289 4296 1336 4356 rol
1350 4293 1383 4356 in

113 4387 215 4450 media
232 4385 383 4459 oratione,
400 4383 474 4464 quia
489 4381 585 4446 etiam
602 4381 715 4462 singuli
732 4381 875 4444 versiculi
895 4396 984 4442 suam
998 4379 1212 4460 particrdarem
1233 4381 1385 4462 significa-

114 4475 231 4538 tionem
241 4474 366 4538 habent.
380 4505 419 4520 -
430 4471 466 4533 S.
490 4470 570 4553 cip,
584 4491 615 4532 n.
634 4473 703 4544 tas,
719 4477 749 4532 et
762 4468 820 4531 clii
832 4468 1037 4546 communicer,
1054 4477 1159 4532 contra
1174 4469 1303 4553 aliquos.

191 4590 300 4634 0οη-
316 4587 418 4634 'reum
1262 4571 1277 4623 3
1398 4607 1406 4622 .
