3206 5042
635 259 678 306 ue
699 261 872 307 oxosoors
1324 257 1395 318 aar

156 378 245 439 1016.
259 374 411 447 —Quua
424 369 473 430 Au
490 367 618 444 Clerici,
637 369 803 452 Repuiores
822 381 876 433 aut
892 373 1041 436 Mouialrs
1059 376 1212 456 sponsalia
1227 379 1392 442 111111111-

113 467 247 525 monium
260 459 535 523 cim'lccontrabere
545 469 759 540 praesumentes
774 467 1107 524 recommunicatioaem
1123 465 1304 528 incurrant?

154 553 243 634 Resp.
261 551 300 611 ad
313 555 366 612 tm
377 547 455 629 Nep.
470 565 541 609 cum
563 547 714 628 sponsalia
735 550 874 612 nondum
896 549 960 612 sint
984 551 1231 629 Matrimonium;
1249 557 1301 618 scd
1323 577 1392 638 pro-

113 640 221 702 missio
236 640 388 701 duntaxat
402 635 499 698 futuri
512 635 711 700 Matrimonii.

155 729 250 810 llesp.
265 727 304 790 ad
318 731 370 789 2⁰³¹
383 745 390 787 :
402 724 545 787 Affirmat
556 725 719 803 Acanzini,
734 725 804 786 edre.
822 731 871 802 39,
886 729 970 808 quia,
984 729 1097 810 inquit,
1114 741 1307 810 praesumunt
1322 755 1391 799 con-

119 821 254 879 tractum
269 816 359 878 illum
373 813 467 888 inire,
485 813 540 894 qui
553 813 742 876 Matrimonii
756 814 867 877 babeat
881 817 1027 895 figuram,
1044 819 1141 898 etqui
1160 822 1249 898 juxta
1273 831 1392 888 natiuae

117 907 197 986 leges
211 923 322 968 vertam
336 909 416 966 essct
427 903 674 975 Matrimonium,
689 901 750 964 nisi
765 921 817 982 per
831 905 969 966 accidens
988 906 1121 969 obstaret
1135 907 1393 988 impedimentum

119 993 389 1057 clandestinitatis.
406 993 463 1054 Sed
474 990 662 1071 probabilius
681 997 820 1070 negatur,
835 1010 869 1053 eo
883 995 964 1072 quod
980 994 1015 1055 in
1032 997 1161 1058 materia
1174 999 1287 1077 poenali
1303 1004 1394 1066 verba

116 1084 181 1146 siut
198 1083 304 1146 stricte
324 1079 512 1160 accipienda,
526 1079 764 1141 matrimonium
777 1086 881 1142 autem
895 1081 982 1144 civile
999 1101 1096 1163 aeque
1112 1085 1152 1146 sit
1166 1103 1273 1148 serum
1289 1092 1393 1153 Matri-

116 1173 273 1246 monium,
291 1187 389 1250 neque
404 1168 469 1231 veri
480 1167 671 1231 Matrimonii
685 1168 813 1248 figuram
829 1169 956 1232 habeat:
974 1179 1055 1233 caret
1069 1172 1152 1236 enim
1167 1173 1264 1238 forma
1275 1195 1343 1256 qaue
1354 1183 1394 1242 ad

114 1259 326 1323 substantiam
340 1258 439 1339 ipsam
453 1258 651 1332 Sacramenti,
661 1258 794 1338 adeoque
807 1265 979 1321 contractus
989 1260 1071 1322 inter
1078 1261 1277 1340 Christianae,
1288 1269 1392 1347 requi-

113 1349 207 1412 ritur.
223 1349 309 1410 Tales
324 1347 419 1428 igitur
433 1347 646 1409 contrahentes
665 1346 845 1427 turpissimo
860 1347 1063 1411 concubinatu
1082 1368 1112 1412 se
1127 1351 1310 1432 inquinant,
1328 1375 1391 1419 non

113 1435 760 1500 1111111111111111111111111111111111111111.
1055 1466 1059 1475 ·

741 1629 772 1685 11

152 1760 342 1817 Procuraulcs
372 1759 517 1826 abortum,
548 1759 648 1813 olieclu
677 1761 784 1812 secuto.
815 1757 880 1829 llice
913 1757 1004 1814 Bulla
1029 1759 1114 1816 Siaeti
1148 1761 1179 1827 V,
1201 1763 1381 1819 Ellreeuatam

113 1837 150 1974 ξῗ
163 1837 419 1989 Ιῧῖἑὴὸᾔὸθὸὠᾳυεο
434 1839 575 1908 mittpota
589 1842 630 1892 est
644 1853 699 1910 pes·
712 1834 835 1892 Rullum
856 1835 995 1909 Greporii
1010 1837 1055 1894 XI
1061 1839 1093 1908 V,
1110 1839 1193 1897 Sedis
1208 1843 1392 1914 apostolica,

241 2056 534 2120 Praenotanda.

155 2207 250 2265 lOl'r'.
268 2236 301 2246 -
319 2204 342 2262 Ι.
359 2200 465 2264 Sixtus
478 2202 515 2274 V,
529 2198 563 2260 in
578 2198 665 2261 Bulla
681 2200 860 2260 1111119011.
874 2202 952 2262 1588
967 2199 1058 2274 edita,
1074 2202 1191 2264 eunetis
1205 2203 1393 2283 1111111111-

113 2291 292 2373 poralibus,
308 2289 421 2370 quibus
435 2292 508 2350 ture
519 2287 603 2350 civili
617 2292 647 2349 et
664 2286 807 2349 canonico
820 2287 997 2367 plectuntur
1013 2287 1187 2364 hannoiae,
1203 2293 1331 2370 subjecit
1345 2311 1395 2354 eos

113 2401 234 2454 amices,
255 2380 319 2461 qui,
333 2399 391 2460 per
405 2397 435 2438 se
448 2387 501 2438 out
512 2397 571 2459 per
587 2377 783 2456 interpositas
794 2396 951 2456 personas,
967 2377 1107 2454 abortus,
1123 2381 1276 2459 seusatus
1291 2382 1395 2440 immu-

114 2471 182 2532 tari
194 2481 260 2530 tarn
280 2470 411 2528 animati
426 2487 517 2548 quom
536 2465 714 2538 inanimati,
730 2463 855 2544 sarmati
868 2464 916 2526 oei
927 2465 1084 2544 informis,
1101 2468 1271 2546 ejectionem
1284 2489 1395 2550 procu·

112 2559 268 2632 raserint,
280 2555 533 2638 percussionibus,
549 2555 681 2632 venenis,
699 2553 936 2629 medicamentis,
953 2554 1140 2634 potionibus,
1160 2556 1298 2617 oneribus
1315 2558 1396 2618 lubo-

112 2649 262 2730 ribusqne
276 2645 397 2708 mulieri
412 2644 589 2724 praepnanti
603 2644 765 2724 impositis,
783 2663 818 2704 oc
832 2643 903 2704 eliis
921 2645 1011 2702 etiam
1027 2647 1187 2724 incensitis
1202 2645 1250 2706 uel
1266 2649 1397 2708 rnaeime

114 2739 284 2818 exquisitis
305 2733 492 2809 rationibus,
513 2734 557 2790 ito
577 2741 611 2790 ut
632 2733 734 2810 reipsa
755 2731 878 2790 abortus
901 2729 970 2788 inde
993 2741 1111 2789 secutus
1134 2733 1239 2806 suerit.
1266 2733 1394 2809 Deinde,

113 2827 203 2884 ultro
214 2819 405 2900 supradictus
416 2837 520 2897 poenas
534 2817 713 2894 temporales
727 2814 1041 2877 excommunicatione
1054 2815 1204 2895 ipsofacto
1213 2818 1397 2882 incurrenda

114 2919 148 2976 et
164 2905 237 2971 Sedi
251 2904 427 2986 Aposmlieee
441 2910 594 2965 reservata
608 2901 770 2963 mulctavit
787 2921 886 2963 omues
902 2911 929 2963 et
949 2904 1119 2984 empulae...
1134 2907 1215 2966 viros
1229 2907 1276 2967 uel
1289 2912 1396 2971 mutie-

115 3019 207 3062 res...
225 2997 280 3077 qui
293 2992 339 3055 cel
351 3011 434 3074 quoe,
446 2993 492 3052 uti
501 2991 705 3072 principales,
721 2991 767 3050 vel
780 2999 813 3050 ut
828 2992 930 3068 sociae,
947 2991 989 3052 ad
1004 2993 1063 3054 tale
1077 2995 1199 3073 sueinus
1213 2997 1396 3058 1111111111-

116 3090 193 3151 duan
217 3104 320 3166 apem,
337 3080 509 3156 consilium,
533 3079 681 3160 savorem,
699 3079 872 3161 potionem,
894 3083 941 3141 vel
963 3081 1026 3141 alia
1047 3083 1258 3165 cujuscumque
1278 3089 1396 3166 pencris

116 3175 340 3238 medicamenta
354 3175 482 3233 scienter
494 3169 640 3244 dederint,
649 3188 684 3230 ec
698 3171 786 3229 ettam
801 3168 957 3229 scribendo
973 3169 1247 3250 litterosprivatus,
1261 3176 1309 3235 vel
1320 3195 1395 3255 apo·

117 3267 205 3342 ciros,
224 3263 272 3325 oei
283 3262 358 3324 aiios
375 3261 474 3320 verbis
488 3269 542 3320 aut
553 3259 805 3340 sipuisjuoerint,
822 3269 876 3318 aut
892 3259 1116 3320 consuluerint?
1356 3297 1361 3302 -

161 3356 200 3416 II.
222 3351 383 3432 Gregorius
404 3351 471 3412 XIV
491 3349 585 3410 altera
606 3347 692 3411 Bulla
714 3351 747 3409 31
774 3347 844 3410 Maii
865 3351 939 3410 1591
962 3347 1115 3409 Sixtinam
1136 3349 1396 3414 constitutionem

116 3443 238 3523 duplici
259 3460 297 3503 ex
315 3439 410 3519 capite
433 3439 607 3500 moderatus
626 3445 693 3499 est:
713 3435 841 3498 abstulit
855 3455 964 3516 nempe
982 3437 1328 3500 excommunicationem
1343 3459 1396 3519 pro

116 3533 233 3596 abortu
243 3529 335 3590 loetu's
345 3527 525 3602 inaniorati,
537 3525 759 3589 absolutionem
774 3531 878 3586 autern
889 3525 1214 3588 excommunicationis
1224 3545 1277 3604 pro
1287 3527 1396 3590 abortu

116 3621 217 3684 taetus
231 3616 360 3678 animati
374 3616 471 3678 voluit
486 3635 550 3678 esse
563 3622 687 3678 tantum
702 3612 857 3694 Episcopis
872 3623 1069 3676 reservatam.
1078 3650 1119 3660 —
1133 3615 1205 3677 Pius
1219 3618 1274 3691 lx,
1289 3618 1397 3678 contir-

116 3713 208 3772 mata
223 3725 276 3786 per
290 3724 378 3768 suam
393 3703 652 3768 Constitutionem
666 3703 826 3784 episcopali
844 3702 938 3782 hcrjus
955 3721 1042 3765 casus
1057 3704 1274 3779 reservatione,
1291 3704 1397 3768 omisit

116 3798 157 3861 in
173 3813 302 3857 acosma
316 3793 545 3857 distinctionem
559 3793 651 3855 foetus
665 3792 795 3854 animati
808 3791 1026 3867 etinanimati,
1037 3797 1067 3854 ct
1080 3793 1396 3856 enunierationilaatae

119 3905 141 3948 a
157 3883 245 3947 Sixto
259 3901 366 3945 corum
382 3883 436 3964 qui
457 3881 805 3945 exconsmunieationem
823 3880 1027 3954 incurrerent,
1044 3901 1138 3961 pauca
1155 3881 1219 3944 baec
1234 3882 1397 3944 substituit

118 3972 238 4037 verba:
257 3983 454 4053 procurantes
469 3972 621 4046 abortum,
637 3973 742 4052 effectu
756 3979 862 4032 secata.

154 4184 163 4218 ¹
175 4185 214 4234 lta
225 4182 368 4234 sentiebant
384 4181 498 4246 plerique
509 4181 702 4233 constitutionis
714 4185 938 4240 commentatores,
952 4185 979 4232 at
993 4193 1054 4230 vero
1067 4180 1197 4233 sententie
1208 4182 1338 4233 decrerint
1350 4181 1396 4231 ad-

118 4255 199 4308 hesit
216 4256 241 4305 S.
259 4255 286 4305 G.
307 4253 413 4316 laquis,
431 4266 487 4316 qua
503 4251 549 4302 ier.
567 4255 610 4312 lV,
631 4259 660 4303 22
681 4255 738 4304 Dec.
759 4259 831 4313 188⁰,
847 4251 931 4317 primo
950 4251 1027 4302 dubio
1041 4250 1088 4302 sibi
1101 4253 1228 4316 proposito
1244 4251 1395 4316 respondit:

121 4343 137 4374 a
153 4325 263 4377 elericos
278 4325 305 4374 in
319 4323 402 4376 Sacris
415 4323 577 4384 constitutos,
589 4323 632 4374 rel
647 4323 787 4389 Regulares
801 4327 846 4374 aut
857 4321 983 4374 moniales
994 4327 1051 4387 post
1061 4321 1185 4372 emissum
1196 4323 1309 4373 solemne
1323 4321 1397 4372 casti·

122 4413 139 4444 a
156 4397 215 4448 tatis
230 4401 332 4457 votum,
345 4400 528 4462 presumentes
540 4395 690 4446 contrahere
702 4393 908 4452 matrimonium,
923 4393 959 4444 sic
971 4393 1066 4444 dictum
1085 4391 1171 4454 civile,
1186 4393 1211 4442 in
1224 4392 1287 4444 locis
1300 4391 1342 4442 ubi
1356 4391 1397 4442 lex

123 4487 139 4516 u
156 4467 304 4519 Tridentino
317 4469 348 4519 de
365 4465 569 4518 claudestinitate
580 4466 663 4530 viget,
677 4466 806 4518 incurrere
819 4464 1110 4518 excommunicationem
1123 4463 1182 4516 latae
1194 4464 1324 4516 sententia
1338 4463 1396 4529 Epi-

123 4556 140 4587 a
158 4539 239 4604 scopis
252 4553 296 4592 seu
308 4539 449 4592 ordinariis
461 4541 628 4592 reservatam.
640 4557 654 4589 a
