3198 5036
433 211 475 255 na
497 208 752 254 snonnuuurrs
774 209 810 252 m
832 209 972 254 canaan
1299 199 1343 258 83

85 321 221 384 tamenin
233 323 426 383 Sacramenta
438 319 630 384 Paenitentia
642 337 704 382 non
715 317 886 401 requiritur
897 319 1022 382 moralis
1034 320 1183 384 certitudo
1195 321 1343 403 objectiva

87 419 111 476 et
122 413 251 476 absoluta
265 413 303 474 de
314 412 440 475 veritate
457 413 568 476 doloris
581 430 615 474 ac
626 411 789 492 propositi,
804 429 872 492 que
884 418 959 474 sunt
970 411 1064 494 hujus
1076 413 1264 476 sacramenti
1278 433 1344 478 ma-

83 501 149 564 teria
159 502 208 584 (ea
223 500 309 563 enim
326 499 387 562 fere
404 519 566 582 nunquam
583 500 690 563 haberi
706 501 835 581 potcst);
850 506 882 562 at
896 498 1008 563 sufficit
1020 501 1188 583 subjectiva
1204 508 1234 564 et
1245 521 1343 584 respe-

83 589 166 664 ctiva,
184 609 253 671 quae
269 589 305 652 in
320 589 377 652 hoo
394 590 549 664 consistit,
567 595 604 652 ut
620 588 772 668 poenitens
790 595 933 669 appareat
948 589 1145 668 probabiliter
1159 590 1340 670 dispositus,

81 680 245 760 nullamque
256 677 446 742 confessario
458 685 580 741 moveat
591 677 775 759 prudentem
787 676 991 757 suspicionem
1003 677 1258 759 indispositionis.

116 769 161 829 [ll.
178 767 305 831 Materia
317 773 349 828 et
359 765 456 830 forma
465 767 549 830 uniri
562 785 616 829 seu
628 765 772 847 applicari
784 766 894 828 debent
906 765 943 828 ab
954 767 1059 829 eodem
1070 766 1220 841 Ministro,
1230 774 1262 830 et
1272 786 1343 848 erga

81 856 152 918 idern
165 857 348 937 subjectum.
358 856 447 920 Ratio
459 861 516 931 est,
529 854 640 936 quiesi
653 873 735 916 unus
748 853 924 930 materiam,
934 862 966 917 et
976 855 1050 918 alter
1062 853 1193 918 formam
1205 864 1339 936 poneret,

82 945 164 1006 rerba
178 944 284 1008 forma
301 963 363 1007 non
380 943 622 1006 verificarentur.
643 943 782 1006 Minister
796 943 895 1017 enim,
912 942 981 1023 qui,
1000 963 1031 1005 r.
1046 961 1104 1024 gn,
1120 944 1253 1008 diceret:
1270 944 1341 1027 Epo

81 1041 103 1094 te
123 1033 255 1115 baptizo,
272 1033 348 1096 dum
367 1034 443 1096 alter
466 1033 634 1096 effunderet
651 1049 783 1112 aquam,
803 1029 914 1094 falsum
933 1031 1090 1112 proferret,
1109 1033 1261 1114 siquidem
1277 1033 1343 1114 ipse

81 1137 136 1182 non
147 1121 324 1204 baptizaret.

335 1315 436 1382 11.-
454 1319 501 1384 De
518 1317 709 1382 mutatione
726 1315 883 1382 materiae
901 1314 1081 1402 alfaranae.

115 1496 183 1556 198.
194 1528 234 1538 -
248 1493 362 1573 Duplex
376 1494 466 1555 datur
477 1492 610 1555 mutatio
623 1499 691 1555 tum
703 1492 738 1555 in
750 1491 961 1555 materiatum
973 1493 1007 1555 in
1021 1492 1134 1566 forma,
1149 1492 1262 1556 scilicet
1275 1493 1345 1554 aab·

80 1581 230 1642 stantialis
244 1587 274 1642 et
288 1581 493 1644 occidentalis.

113 1668 247 1731 Mutatio
264 1667 476 1731 substantialis
495 1669 554 1731 erit
567 1669 602 1732 in
618 1669 762 1742 materia,
780 1668 807 1730 si
822 1671 911 1748 juxta
928 1667 1094 1730 hominum
1111 1687 1204 1732 usum
1220 1674 1249 1730 et
1264 1668 1347 1730 esti-

83 1757 250 1818 mationem
260 1753 324 1818 baec
335 1757 440 1818 eadem
456 1756 516 1818 dici
530 1775 591 1818 non
604 1757 714 1837 possit,
730 1774 764 1818 ac
780 1773 815 1818 ea
831 1773 898 1835 quae
910 1773 929 1816 a
939 1755 1060 1818 Christo
1072 1757 1275 1818 determinata
1286 1760 1345 1830 est;

81 1842 228 1906 insomne
244 1860 329 1918 vero,
349 1844 375 1904 si
394 1862 501 1906 sensus
518 1845 682 1908 verborum
702 1843 857 1906 achristo
873 1843 1014 1905 intentus
1031 1843 1065 1905 in
1080 1842 1178 1906 alium
1196 1850 1346 1906 mutetur.

82 1931 208 1995 Mutatio
221 1937 328 1993 eutem
344 1930 538 1994 accidentalis
552 1931 675 2006 dicitur,
687 1950 755 2013 quae
771 1936 911 1994 versatur
926 1935 1050 1994 tantum
1065 1931 1143 1994 circa
1160 1930 1204 1994 rei
1220 1932 1349 2012 qualita-

83 2025 137 2096 tes,
151 2024 211 2082 aut
221 2037 290 2100 quae
303 2019 468 2082 verborum
480 2037 605 2082 sensum
618 2038 679 2082 uon
692 2025 805 2082 mutat.
819 2053 860 2066 -
871 2018 904 2080 S.
919 2020 989 2102 [ις.
1007 2041 1038 2080 a.
1049 2026 1097 2084 ll.

200 2174 425 2254 Prinetpra.

119 2323 189 2384 199.
208 2353 246 2366 -·
265 2321 288 2381 Ι.
307 2301 415 2381 Omnis
431 2319 564 2382 mutatio
578 2319 784 2382 substantialis
802 2319 836 2381 in
854 2318 984 2382 materia
1001 2325 1033 2382 et
1048 2319 1146 2382 forma
1162 2321 1351 2383 &crementi

84 2405 230 2470 irrvalidet
247 2409 495 2480 Sacramentum,
512 2407 664 2488 quianon
681 2415 729 2470 est
747 2407 879 2488 amplius
898 2407 978 2470 ritus
997 2427 1015 2469 a
1031 2407 1152 2471 dbristo
1170 2408 1347 2484 institutus,

85 2495 172 2647 iniiesrlt
184 2496 357 2646 pglplnritaaga
371 2495 426 2570 sit,
445 2501 603 2576 peccatum
616 2513 706 2576 grave
721 2495 897 2569 constituit,
912 2496 985 2577 quia
1000 2495 1209 2559 auctoriritas
1226 2515 1350 2578 gravem

121 2641 155 2734 Π.
179 2605 270 2736 Ntilla
288 2631 421 2736 mutatio
436 2673 636 2736 accidentalis
651 2675 685 2737 iu
705 2672 835 2735 materie
853 2680 884 2735 et
902 2673 998 2735 iorrna
1015 2675 1244 2738 Sacramentum
1262 2675 1350 2736 inva-

84 2759 166 2913 llidffiasb
183 2765 340 2842 peccatum
357 2768 461 2825 tamen
480 2781 570 2842 grave
584 2768 640 2826 aut
653 2761 869 2836 leveinducit,
886 2767 977 2841 prout
990 2765 1049 2837 est,
1066 2764 1114 2826 vel
1127 2779 1190 2825 non
1204 2769 1250 2824 est
1263 2768 1350 2823 nota-

120 2899 232 3004 Forma
243 2941 508 3003 Sacramentorum
518 2939 635 3002 mutari
646 2943 745 3020 potest
757 2937 865 3001 multis
878 2938 992 3012 medie,
1005 2939 1132 3013 scilicet,
1144 2937 1350 3001 subtractione

86 3028 202 3108 syllabae
216 3030 262 3091 vel
272 3028 452 3103 rerborruu,
464 3028 634 3101 additione,
649 3027 819 3090 variatione
829 3026 986 3090 idiomatis
1000 3033 1056 3088 aut
1070 3045 1195 3102 vocum,
1210 3033 1349 3106 transpo-

85 3114 187 3180 sitione
202 3117 383 3191 verborum,
399 3117 592 3196 corruptione
606 3115 798 3190 eorumdem,
818 3133 847 3177 v.
868 3133 926 3194 gn,
942 3115 1061 3178 litteras
1075 3115 1239 3188 mutando,
1254 3121 1284 3175 et
1299 3113 1348 3174 iu-

86 3205 279 3288 terruptione.
295 3207 364 3269 Her
378 3203 577 3284 sequentibus
592 3202 748 3265 versiculis
762 3203 947 3266 exhibentur
961 3224 968 3265 :

309 3353 358 3411 Nil
372 3352 470 3409 iormae
484 3349 598 3418 demas,
614 3347 656 3404 nil
670 3363 774 3422 ponas,
788 3349 830 3404 nil
844 3349 986 3417 variabis3

309 3433 512 3490 Trensmutere
521 3445 605 3499 cave,
621 3443 801 3501 corrumpere
814 3428 916 3495 rerba,
929 3429 1044 3484 morari.

119 3571 248 3634 Mutatio
262 3578 367 3634 autern
381 3569 480 3632 multo
494 3566 613 3631 facibus
628 3567 687 3630 erit
701 3563 913 3628 substantialis
926 3563 962 3627 in
972 3563 1123 3645 principio
1134 3581 1228 3644 quam
1239 3563 1274 3625 in
1287 3561 1347 3626 fine

84 3657 260 3734 verborum,
277 3659 351 3741 quia
368 3657 486 3722 facilius
504 3675 558 3738 pro
576 3654 774 3720 audientibus
794 3671 901 3716 sensus
921 3651 1104 3727 mutabitur,
1118 3671 1148 3716 v.
1165 3670 1224 3732 gr„
1243 3651 1277 3713 in
1293 3669 1346 3714 no·

84 3744 161 3810 nine
174 3752 284 3811 matris
298 3766 352 3829 pro
363 3747 474 3830 patris.
491 3749 525 3808 ln
542 3745 630 3826 praxi
643 3743 815 3825 praesertim
829 3761 848 3804 a
863 3740 1103 3823 praecipitatione
1117 3759 1232 3804 careas.

171 3945 235 4013 ΙΙΙ.
250 3981 295 3993 -
313 3945 359 4010 De
375 3943 558 4010 iteratione
576 3941 882 4008 Sacrameatoram
895 3939 935 4005 irc
953 3937 1056 4004 dabc'o
1076 3937 1116 4004 de
1133 3936 1250 4004 eattae

415 4039 643 4128 applicatione
660 4037 816 4104 materiae
834 4043 863 4103 et
876 4033 1011 4122 forme.

30 4285 31 4306 ,
119 4225 192 4287 2⁰0.
205 4259 246 4268 -
259 4221 382 4302 Triplex
393 4219 498 4300 regula
514 4219 677 4281 statuenda
690 4224 736 4281 est
750 4237 757 4278 :

30 4313 31 4354 l
120 4311 142 4372 l.
168 4312 365 4373 Sacramenta
375 4307 479 4371 iterari
488 4305 762 4390 possunt,quoties
774 4305 865 4368 datur
874 4301 1006 4366 dubium
1017 4303 1151 4383 prudens
1163 4304 1200 4368 de
1211 4304 1349 4385 ipsorum

30 4363 33 4490 i
83 4399 191 4462 valore.
206 4398 297 4464 Ratio
307 4404 368 4474 est,
382 4395 455 4477 qnia
468 4396 494 4458 si
507 4394 583 4458 forte
593 4395 826 4456 Sacramentum
838 4409 900 4454 nou
914 4391 1042 4466 valeret,
1056 4391 1111 4472 qui
1122 4393 1162 4456 ad
1171 4393 1247 4455 illud
1257 4391 1350 4454 susci-

30 4509 31 4512 *
81 4486 228 4565 piendum
243 4487 404 4560 accedunt,
419 4486 484 4565 ejus
499 4483 600 4546 fructu
615 4481 821 4563 privarentur.
837 4480 921 4554 Quod
936 4498 1005 4543 vero
1018 4479 1111 4543 timor
1122 4481 1256 4561 prudens
1270 4477 1351 4540 tanti
