3224 5044
232 298 300 357 292
765 306 971 353 reserares

230 422 388 497 indubio,
402 441 443 484 an
456 421 573 502 aliquid
585 421 704 483 dietum
719 419 761 482 sit
781 439 800 482 a
816 419 985 499 paenitente
998 419 1031 482 in
1044 417 1149 482 ordine
1164 418 1202 480 ad
1216 416 1449 481 confessionem.
1467 455 1514 464 —

230 513 520 676 Sotfflugotgiffl
541 597 752 680 Confessariue
773 597 952 680 respondere
972 597 1077 658 debeat
1100 597 1307 678 interroganti
1330 595 1368 657 de
1390 595 1514 658 auditis

232 690 264 750 in
279 688 483 769 confessione,
499 697 553 749 out
562 687 600 750 de
614 687 773 769 impertita
785 686 991 748 absolutione?

270 778 359 858 Resp.
372 797 384 838 .·
399 778 502 852 Quoad
518 784 570 839 1000
587 777 768 856 respondeat
779 773 874 836 etiam
888 791 959 836 cum
969 777 1161 855 J'uramento,
1177 773 1203 835 si
1216 791 1292 854 opus
1308 771 1364 846 sit,
1381 791 1414 834 se
1426 773 1512 836 nihil

230 866 316 940 scire,
325 866 372 928 vel
383 865 461 928 nihil
475 865 645 942 audivisse;
659 863 733 944 quia
746 863 864 926 nullam
878 861 970 926 habet
985 862 1143 925 scientiam
1157 860 1511 924 communicabilem.-

230 954 439 1119 Itztltlrgrffim
457 1043 635 1123 respondeat
648 1062 654 1103 :
666 1041 802 1104 Functus
813 1061 877 1102 sum
891 1059 956 1102 mco
970 1039 1091 1120 officim
1100 1039 1146 1101 rel
1162 1038 1281 1100 Suntne
1296 1038 1512 1119 interrogatio-

230 1152 282 1193 nes
294 1133 360 1194 istae
374 1131 540 1213 socienda?
551 1166 590 1176 —
605 1130 640 1192 S.
657 1130 739 1212 rip,
756 1129 845 1192 Hom.
857 1137 968 1211 apost,
983 1149 1014 1188 n.
1029 1131 1099 1191 lta.
1160 1205 1163 1214 Ι

778 1349 916 1393 PUNCTUM
938 1349 961 1392 11

718 1479 758 1534 De
772 1477 901 1548 subjecto
916 1477 1016 1549 sigilli.

354 1630 577 1710 Prlnelpla.

273 1779 430 1840 ool-1.
445 1779 580 1838 Tenetur
590 1775 737 1856 primario
749 1776 788 1837 ad
800 1774 936 1855 sigillum
947 1773 1153 1837 confessarius
1165 1770 1306 1852 quilibet,
1324 1771 1390 1834 sire
1401 1791 1506 1848 verne,

234 1867 299 1930 sire
314 1866 403 1928 fietus
415 1872 447 1928 et
460 1881 652 1946 pererrarem
666 1863 822 1944 legitimus
832 1862 1037 1936 existimatur,
1047 1868 1079 1924 et
1092 1861 1219 1942 proinde
1233 1860 1327 1923 etiam
1341 1860 1437 1924 laicus
1451 1862 1509 1942 qui

233 1975 264 2018 se
285 1956 476 2018 Sacerdotem
498 1953 640 2032 fingeret,
657 1960 688 2014 et
706 1951 924 2016 contessionem
948 1949 1107 2031 exciperet.
1122 1948 1209 2014 Ratio
1223 1955 1285 2024 est,
1301 1948 1372 2032 quia
1387 1951 1511 2030 quoties

236 2043 306 2125 quis
320 2043 483 2106 confitetur
496 2042 529 2104 in
545 2041 651 2104 ordine
670 2042 709 2104 ad
731 2043 976 2116 Sacramentum,
994 2038 1136 2120 quisquis
1150 2055 1222 2100 eum
1238 2037 1338 2111 audit,
1352 2040 1512 2101 contrahit

234 2150 269 2194 eo
284 2132 350 2212 ipso
363 2131 454 2210 sigilli
467 2129 699 2208 obligationem:
717 2148 802 2192 secus
814 2129 899 2192 enim
913 2129 1019 2192 odium
1033 2127 1222 2190 Sacramenti
1234 2127 1306 2189 inde
1317 2134 1509 2205 sequeretur.

233 2255 273 2264 -
287 2221 335 2281 lta
349 2239 457 2280 omnes.

274 2309 312 2369 Π.
326 2310 483 2370 Tenentur
498 2305 675 2368 secundario
696 2305 751 2384 qui
771 2303 967 2368 confessionis
989 2305 1069 2367 fiunt
1089 2304 1267 2386 participes,
1282 2323 1336 2366 seu
1356 2303 1381 2366 ii
1402 2321 1511 2367 omnes

234 2397 273 2456 ad
287 2413 362 2474 quos
376 2394 487 2456 notitia
503 2393 699 2456 confessionis
714 2394 998 2472 quomodocumque
1014 2393 1169 2474 pervenit,
1187 2393 1251 2455 sive
1268 2411 1305 2454 ex
1316 2393 1383 2473 ipsa
1395 2393 1510 2456 toules-

235 2482 334 2556 sione,
350 2481 413 2543 sive
430 2499 468 2542 er
486 2480 595 2542 mediis
617 2482 655 2542 ad
672 2481 758 2542 illam
772 2481 817 2542 ita
831 2486 899 2542 actu
913 2481 1079 2558 ordinatis,
1096 2487 1132 2543 ut
1147 2481 1303 2544 moraliter
1322 2499 1424 2544 unum
1445 2483 1510 2544 sint

235 2585 306 2631 oum
320 2568 397 2650 ipsa.
414 2569 531 2631 Dicitur
545 2574 576 2631 1ο
592 2589 630 2629 eu
645 2572 710 2650 ipsu
727 2570 928 2650 confossione·
943 2588 1016 2632 nam
1029 2589 1077 2632 res
1091 2575 1231 2632 accusata
1248 2571 1286 2632 ad
1300 2587 1405 2632 eorum
1427 2571 1511 2632 noti-

236 2657 312 2720 tiam
324 2657 464 2738 pervenit
476 2658 582 2720 eadem
595 2657 746 2720 occasione
759 2677 812 2720 seu
826 2676 932 2734 eausa,
948 2665 1070 2739 propter
1086 2677 1180 2740 quam
1194 2658 1335 2739 obligatio
1349 2657 1443 2737 sigilli
1458 2660 1514 2721 da-

236 2754 299 2822 tur,
313 2753 345 2809 et
356 2748 460 2810 eedem
473 2752 562 2827 urget
576 2746 653 2810 ratio
666 2747 772 2809 secreti
784 2747 941 2822 servandi,
959 2747 1086 2822 scilieet,
1103 2767 1142 2809 ne
1158 2747 1265 2810 odium
1281 2747 1315 2808 iu
1327 2750 1511 2810 Sacramen-

236 2839 303 2897 tum
319 2841 451 2912 ereetur3
465 2839 499 2898 10
514 2853 552 2896 ec
563 2833 687 2914 mediis‚·
702 2853 777 2898 uam
791 2842 866 2898 tuno
880 2835 986 2898 odium
997 2837 1170 2898 mediorum
1182 2834 1349 2899 necessario
1365 2835 1399 2898 iu
1414 2835 1511 2898 linem

235 2922 339 3004 ipsum
354 2925 516 2986 redundat.

276 3012 355 3075 Hine
368 3013 406 3074 ad
420 3011 556 3092 sigillum
570 3019 716 3075 tenentm
729 3017 760 3075 10
774 3013 954 3093 interpretes
973 3013 1104 3076 adhibiti
1117 3014 1150 3075 in
1162 3011 1349 3076 confessione
1365 3031 1510 3093 peragen-

236 3101 290 3176 da;
306 3105 339 3163 10
355 3101 541 3180 Superiores
558 3120 576 3164 a
590 3101 703 3181 quibus
717 3107 804 3163 extra
818 3104 1050 3165 Sacramentum
1064 3102 1180 3182 petitur
1193 3100 1322 3164 facultas
1334 3101 1511 3165 absolvendi

174 3251 182 3276 ¹
236 3189 285 3250 rel
296 3189 460 3269 recipiendi
479 3189 702 3253 absolutionem
723 3208 741 3252 a
760 3208 833 3253 casu
855 3197 1021 3266 reservato3
1039 3196 1071 3254 3⁰
1084 3190 1138 3272 qui
1159 3197 1332 3270 peecatum,
1349 3191 1425 3253 dum
1439 3189 1512 3270 quis

237 3277 407 3352 confitetur,
420 3277 484 3339 sive
497 3278 535 3341 de
548 3278 714 3352 industria,
729 3279 794 3342 sive
805 3278 900 3341 etiam
916 3277 1142 3360 inculpabiliter
1155 3278 1299 3353 audiunt,
1312 3284 1343 3340 et
1355 3278 1470 3359 pariter
1482 3277 1512 3339 si

237 3365 294 3446 qui
307 3367 345 3428 ab
361 3364 430 3427 istis
443 3365 521 3428 illud
540 3365 615 3428 forte
630 3366 786 3442 audirent;
804 3372 837 3430 10
849 3367 903 3447 qui
921 3366 1062 3430 scribunt
1073 3366 1289 3430 confessionem
1306 3367 1442 3440 rudium,
1461 3367 1513 3428 rel

237 3452 450 3534 ignorantium
465 3453 601 3534 linguam
617 3454 810 3531 confessarii,
825 3461 859 3517 ut
873 3473 927 3536 ope
938 3456 1031 3536 hujus
1050 3456 1156 3536 scripti
1171 3454 1312 3518 confessio
1326 3459 1511 3534 peragatur;

238 3547 271 3606 60
283 3543 418 3606 doctores
430 3562 449 3604 a
461 3542 647 3606 confessario
668 3544 799 3607 consulti
823 3545 859 3606 de
873 3543 965 3607 licent
966 3545 996 3606 ia
952 3544 1212 3625 tpoenitentis;
1233 3543 1265 3606 6⁰
1278 3541 1302 3605 ii
1315 3559 1422 3605 omnes
1437 3542 1512 3623 qui-

237 3630 296 3694 bus
314 3631 520 3695 confessarius
540 3632 681 3712 sacrilege
700 3633 748 3695 vel
769 3633 981 3713 imprudenter
1000 3639 1120 3714 peccata
1141 3633 1175 3696 in
1194 3631 1381 3696 confessione
1404 3631 1513 3694 audita

238 3719 471 3783 manil'estasset.
489 3719 574 3781 —S.
590 3721 661 3802 Lip
655 3767 675 3798 ,
688 3742 719 3781 n.
735 3725 794 3784 617
807 3732 836 3783 et
850 3726 920 3786 618.

360 3898 554 3974 Quaeslta.

279 4052 349 4194 bb}
365 4054 517 4126 -ffoom
535 4057 567 4113 10
587 4050 636 4110 An
643 4055 795 4134 penitens
807 4073 924 4135 quoque
942 4055 1090 4135 obligetur
1106 4054 1208 4135 sigillo
1226 4063 1367 4136 respectu
1391 4051 1512 4133 Confes-

240 4151 315 4194 coru

280 4221 373 4304 Itesp
387 4231 434 4288 10.
451 4232 518 4290 Non
530 4233 650 4292 tenetur
664 4229 702 4292 ad
718 4229 852 4310 sigillum
868 4230 1093 4304 sacramentale,
1110 4231 1184 4312 quia
1197 4231 1343 4311 obligatio
1359 4230 1453 4313 sigilli
1464 4233 1514 4291 est

244 4313 390 4374 tantum
380 4332 414 4374 m
427 4313 559 4379 levorem
571 4317 760 4399 penitentis.

281 4395 369 4480 Hesp
380 4405 414 4463 2
427 4406 578 4467 :Tenetur
591 4413 694 4469 autem
710 4407 748 4470 ad
765 4413 913 4472 secretum
924 4412 979 4471 na
965 4409 1097 4471 urale
1072 4427 1150 4472 orrea
1163 4428 1212 4484 ea,
1229 4428 1297 4491 qua
1315 4409 1448 4473 revelare
1461 4426 1515 4470 ne·
1605 4395 1606 4456 r

239 4481 310 4564 ertit
323 4488 388 4551 sine
403 4489 518 4591 injusto
530 4492 710 4557 Conlessarii
726 4495 852 4571 daurno,
869 4504 924 4560 aut
939 4504 1044 4559 contra
1058 4457 1269 4561 rationabilem
1285 4499 1353 4577 ejus
1371 4497 1517 4560 volunta·

241 4578 315 4649 tem,
332 4576 622 4655 velsineinjuriaet
634 4588 811 4664 contemptu
825 4585 1021 4648 Sacramenti
1037 4586 1126 4650 -S.
1144 4587 1225 4668 Lip„
1239 4591 1353 4649 11617
