3198 5034
204 203 248 265 56
741 213 945 260 rrrcrnros

245 329 350 410 Reopr
360 330 494 389 Tenetur
507 325 562 388 tub
575 327 673 408 provi,
691 345 729 389 ex
743 331 859 390 statuto
875 324 1005 390 Gonoitd
1016 325 1115 404 Trio,
1130 325 1283 406 explorare
1297 343 1351 405 per
1365 343 1408 400 se,
1419 327 1480 400 vel,

204 419 270 498 ipso
285 414 442 496 impedito,
454 415 672 495 pervicerium
684 421 740 478 eut
751 417 943 496 deputatum,
953 416 1144 479 voluntatem
1154 413 1278 476 illarum
1292 414 1480 494 puellarum,
1589 421 1590 474 t

193 509 273 568 'tum
288 509 360 567 onte
374 503 598 583 susceptionem
608 503 746 577 habitus,
764 508 832 566 tum
847 510 919 566 ante
933 503 1163 566 Professionem.
1179 506 1247 566 Non
1259 507 1364 565 tamen
1376 504 1483 584 gravis
1589 497 1590 544 ἕ

204 597 399 675 reputaretur
418 590 544 656 omissio
565 591 659 655 unius
680 610 697 655 e
719 593 838 655 duobus
860 591 1066 654 examinibus.
1091 595 1242 654 Caeterum
1261 589 1398 654 invalide
1416 611 1484 655 non
1589 603 1590 636 ³

205 681 281 745 foret
294 680 454 756 Prolessio,
472 681 500 742 si
521 699 649 744 examen
672 687 841 761 utrumque
860 680 1066 754 omitteretur,
1084 680 1173 742 modo
1192 678 1299 759 puelle
1311 678 1346 740 in
1360 680 1484 743 Profes-
1589 701 1590 718 ²

206 769 290 832 sione
302 769 472 832 emittenda
487 769 589 833 liberae
600 769 728 832 fuerint.
743 769 925 850 Requiritur
937 767 1115 850 hujusmodi
1127 785 1265 840 examen,
1282 767 1404 830 etiarnsi
1415 787 1486 832 mo·

204 857 393 932 nestorium,
418 858 499 939 quod
520 859 620 938 puella
638 857 814 938 ingressura
835 861 897 932 est,
924 864 1101 937 exemptmn
1121 863 1201 919 esset
1225 875 1243 918 e
1266 855 1486 937 jurisdictione

204 945 379 1028 episcopali3
396 945 469 1028 quia
485 945 651 1029 Episcopus
668 953 743 1010 tuno
757 945 821 1026 egit
836 946 884 1008 uti
903 965 922 1008 a
940 950 1049 1009 Senote
1066 946 1139 1008 Sede
1154 945 1239 1008 adid
1255 945 1421 1024 delegatus.
1440 985 1485 994 -
1589 985 1590 1042 3

205 1035 462 1201 Snoffldrdfdn
474 1125 634 1204 integritas
648 1123 724 1186 oneri
737 1122 910 1186 Nooe'tr'otos
923 1124 1102 1205 requiratur
1115 1122 1157 1184 od
1173 1123 1380 1186 validitatem?

249 1213 338 1295 deep.
355 1211 494 1294 Aspim,
511 1212 555 1275 ita
573 1219 609 1275 ut
633 1231 714 1276 enno
736 1211 888 1275 bissextili
912 1211 954 1274 sit
972 1212 1194 1292 exspectandus
1215 1210 1319 1293 lapsus
1342 1213 1405 1276 diei
1425 1213 1483 1295 qui

205 1302 363 1365 addendus
380 1307 437 1364 est.
456 1301 504 1364 Sio
517 1319 656 1383 expresse
670 1301 835 1365 declaravit
848 1300 948 1363 Sacro
967 1299 1114 1383 Conprep.
1132 1300 1224 1364 Cone.
1245 1299 1329 1363 Trid.
1346 1304 1484 1382 Tempus
1589 1375 1590 1400 1

207 1397 313 1453 eutem
324 1389 498 1453 Novitietus
514 1390 623 1472 inoipit
639 1397 825 1453 amomento
837 1389 1038 1470 susceptionis
1049 1388 1187 1452 hebitus.

248 1483 318 1542 111.
334 1515 375 1526 -
389 1481 491 1555 Quen.
508 1484 541 1542 l⁰
554 1479 603 1542 Ao
622 1480 804 1562 interruptio
824 1479 999 1540 Noritr'otuo
1016 1477 1168 1540 ootoditoti
1186 1478 1390 1558 Proseen'oois
1404 1478 1485 1560 ossi-
1589 1479 1590 1510 r

208 1566 290 1628 etot?

248 1656 339 1740 Besp.
350 1656 477 1739 Asfimn.
489 1661 615 1722 Constat
624 1677 663 1721 ex
673 1659 791 1721 deereto
803 1655 839 1719 S.
853 1656 967 1738 Coopr.
978 1655 1081 1736 Cone,
1091 1673 1160 1737 quae
1170 1656 1292 1732 sletrut,
1306 1655 1480 1730 Novitium,

208 1745 264 1824 qui
277 1746 489 1809 emonesterio
504 1746 620 1810 abierat
634 1754 670 1809 ut
682 1746 774 1809 aliem
787 1744 976 1824 Religionem
989 1745 1209 1826 ingrederetur,
1224 1750 1265 1818 et,
1280 1744 1400 1807 duabus
1414 1750 1486 1806 tan-

208 1839 279 1895 tum
293 1833 378 1896 horis
392 1833 426 1895 in
441 1833 500 1897 alio
514 1840 667 1899 conventu
682 1834 854 1910 trensaotis
869 1833 942 1896 iacti
953 1833 1104 1915 penitens
1119 1833 1261 1908 redierat,
1277 1833 1316 1895 ad
1327 1832 1483 1914 probatio-

209 1920 259 1983 nis
275 1939 395 1984 annum
409 1941 517 1986 rursus
530 1923 738 1987 inchoandum
753 1922 861 1986 teneri.

249 2012 351 2086 Qum.
367 2015 401 2074 50
417 2011 922 2095 0000οἀ000000000000010100010
938 2013 1126 2094 ebtmompi
1139 2011 1309 2074 censeatur?

251 2099 340 2181 desp.
358 2105 413 2162 1οε
430 2103 577 2162 Censetur
595 2100 780 2180 interrumpi
799 2099 949 2181 praecipue
964 2119 972 2160 ε
988 2107 1019 2164 10
1034 2099 1152 2181 quoties
1170 2099 1311 2162 Novitius
1328 2097 1484 2180 egreditur

211 2207 228 2251 e
241 2188 426 2250 monasterio
438 2188 504 2252 sine
517 2187 639 2250 lieentia
652 2207 723 2251 oum
734 2189 838 2251 animo
851 2207 913 2251 non
926 2188 1109 2264 revertendi,
1126 2188 1248 2251 etiamsi
1263 2188 1371 2251 statim
1384 2205 1486 2250 rever·

211 2282 308 2352 tatur,
325 2282 362 2338 ut
375 2294 412 2338 ex
424 2277 515 2338 modo
531 2276 621 2339 dietis
640 2284 773 2353 constan
788 2281 822 2340 10
837 2277 957 2358 quoties
976 2275 1148 2339 dimittitur
1161 2276 1327 2340 absolutee
1342 2274 1485 2356 Superio-

211 2365 313 2439 ribus,
329 2370 360 2426 et
381 2364 489 2427 deinde
508 2364 622 2428 iterum
645 2365 839 2441 admittitur;
853 2370 884 2429 30
897 2365 924 2428 si
938 2365 1072 2428 oisoeoot
1091 2365 1213 2446 private
1232 2361 1427 2440 auotoritate',
1446 2372 1484 2427 ut
1589 2441 1590 2464 Χ

212 2453 404 2532 ingredietur
415 2452 508 2516 eliam
522 2454 649 2516 domum
663 2456 711 2518 vel
724 2454 818 2517 aliem
831 2454 1020 2535 provintiam
1034 2453 1129 2516 etiem
1143 2455 1280 2535 ejusdem
1293 2453 1425 2518 Ordinis.

251 2541 341 2622 desp.
355 2544 390 2603 10
407 2561 413 2602 :
432 2543 498 2605 Non
520 2547 658 2606 censetur
680 2549 785 2606 autem
804 2541 993 2624 interrumpi
1013 2542 1188 2606 Novitiotus
1209 2562 1216 2604 :
1239 2551 1270 2607 10
1293 2542 1321 2606 si
1341 2541 1483 2607 Neritius

212 2633 338 2708 egrotet
352 2629 386 2691 in
401 2629 501 2705 domo,
514 2631 608 2694 etiem
619 2631 746 2694 notabili
758 2637 904 2712 ternpore,
919 2631 989 2694 lieet
1002 2631 1157 2695 exercitiis
1171 2629 1366 2695 Novitiorum
1380 2631 1484 2694 edesse
1589 2659 1590 2706 t

212 2716 343 2780 minime
356 2718 468 2798 possit;
484 2725 517 2782 10
532 2721 559 2782 si
570 2720 715 2784 violentia
733 2727 854 2784 ooeotus
869 2739 885 2782 e
898 2721 988 2782 domo
1002 2720 1152 2796 diseedet3
1169 2723 1202 2784 30
1217 2719 1244 2782 si
1258 2727 1378 2800 aorepte
1393 2719 1487 2782 lieen-
1589 2759 1590 2770 ,

212 2806 258 2869 tie
269 2807 308 2868 ad
319 2811 458 2888 parentes
470 2809 517 2872 vel
533 2809 608 2872 alios
624 2809 711 2872 brevi
727 2817 863 2890 tempore
882 2807 1016 2872 divertet
1032 2808 1175 2871 sanitatis
1189 2808 1415 2890 recuperande,
1429 2813 1485 2870 eut
1589 2835 1590 2876 t

213 2894 406 2975 negotiorum
421 2898 607 2978 agendorum
619 2898 734 2978 gratim
747 2903 779 2961 t⁰
791 2898 818 2960 si
830 2897 904 2960 lolsa
918 2895 1109 2960 aoousatione
1123 2897 1310 2971 dimittatur,
1327 2903 1357 2958 et
1367 2903 1484 2977 postea,

214 2982 336 3063 eognite
348 2985 487 3059 veritate,
501 3005 627 3050 rursum
642 2987 842 3063 admittatur;
855 2991 888 3050 5⁰
901 2985 928 3047 si
939 2985 999 3048 iter
1010 2991 1080 3066 aget
1088 2989 1225 3066 jussusa
1239 2985 1304 3048 suis
1317 2983 1487 3066 Superiori-

213 3073 288 3147 bus,
305 3072 379 3154 quia
396 3081 470 3137 tune
486 3075 543 3138 sub
558 3093 664 3138 eorum
678 3075 882 3156 dependentia
895 3081 1042 3137 remanet.
1060 3075 1217 3138 -Plures
1238 3073 1291 3137 alii
1310 3080 1384 3136 sunt
1398 3091 1487 3136 cesus

214 3160 317 3235 dubii,
334 3161 388 3243 qui
403 3164 483 3243 apud
497 3167 633 3226 auctores
647 3164 745 3227 videri
761 3170 901 3247 possunt.

236 3341 243 3354 ·
335 3337 351 3384 0

216 3345 384 3510 ‘mZZZ-‚v
396 3431 545 3493 :Tenetur
558 3433 682 3495 tendere
690 3432 844 3514 primerio
858 3431 1028 3514 permedia
1042 3429 1215 3494 essentialia
1229 3431 1326 3492 stetus
1340 3426 1487 3508 religiosi,

218 3534 328 3598 nempe
349 3535 402 3598 per
422 3517 666 3584 observationem
688 3521 785 3584 trium
804 3527 963 3594 votorum,
980 3517 1184 3601 paupertatis
1201 3515 1350 3580 eastitatis
1368 3521 1399 3578 et
1417 3514 1488 3578 obe·
1589 3517 1590 3528 ¹

217 3605 350 3670 dientiae.
368 3607 437 3670 Haeo
448 3608 532 3671 enim
549 3609 575 3671 si
592 3611 700 3673 saltem
716 3610 896 3691 plerumque
918 3627 983 3672 non
1003 3608 1157 3682 observet,
1173 3605 1342 3686 Religiosus
1360 3608 1489 3667 tanturn
1589 3603 1590 3656 1

217 3695 336 3759 nomine
349 3705 379 3758 et
389 3695 511 3770 debito,
528 3716 590 3761 non
604 3705 709 3762 eutem
722 3717 755 3760 re
769 3697 941 3777 nuncupari
956 3700 1065 3778 potest.

259 3783 349 3865 deep.
369 3787 403 3847 2⁰
420 3805 427 3846 :
444 3789 578 3848 Tenetur
591 3789 714 3850 tendere
727 3785 904 3848 secundario
917 3784 1013 3847 etiem
1027 3801 1080 3865 per
1094 3782 1196 3845 medio
1210 3781 1414 3855 aonidentelio,
1431 3779 1492 3842 sei-
1589 3763 1590 3796 ³

220 3869 290 3932 lieet
303 3889 357 3951 per
370 3873 508 3954 proprios
522 3873 644 3938 Ordinis
657 3875 788 3954 regulas,
799 3873 904 3936 saltem
918 3891 953 3936 ee
965 3871 1080 3935 auxilie
1088 3890 1152 3935 non
1161 3871 1393 3934 contemnendo.
1404 3871 1492 3931 'lune

219 3964 324 4021 autem
339 3970 479 4025 censetur
491 3961 661 4042 Religiosus
674 3963 794 4043 regnas
806 3961 1041 4043 pretermittere
1051 3979 1090 4024 ex
1104 3965 1289 4042 contemptu,
1304 3959 1425 4041 quando
1439 3974 1491 4018 eas

219 4049 444 4128 transgreditur
455 4051 559 4114 animo
571 4067 634 4114 non
647 4051 826 4132 subjacendi
837 4051 898 4114 illis
910 4051 958 4114 rel
972 4048 1107 4113 Praelotis
1121 4049 1201 4124 suis;
1212 4049 1260 4112 vel
1275 4048 1301 4111 si
1313 4067 1363 4110 ees
1375 4052 1411 4109 ut
1422 4043 1492 4107 ine·
1589 4127 1590 4132 ἵ

218 4152 273 4240 nes
294 4135 463 4288 hotbert—
476 4140 511 4203 S.
528 4141 598 4222 Lep.
616 4161 647 4202 o.
668 4145 718 4204 10.
734 4173 774 4187 -
788 4141 959 4222 Lopmooo.
976 4175 1016 4184 -
1032 4137 1175 4226 Bueemb.
1192 4175 1231 4183 -
1247 4137 1398 4209 Sonrdez,
1420 4132 1493 4194 Les-

218 4243 295 4305 ema,
311 4243 328 4288 e
361 4271 369 4287 .

259 4318 329 4380 113.
344 4317 498 4390 —Qome
517 4323 551 4381 ¹1⁰
574 4317 774 4396 Ouandonom
799 4316 964 4400 Retipiosne
977 4317 1116 4401 praviter
1128 4325 1230 4402 peccet
1249 4322 1354 4377 contro
1371 4328 1491 4395 proeee-
1589 4351 1590 4376 2

221 4411 307 4488 ptum
322 4405 464 4467 tendendi
475 4407 516 4469 od
523 4405 755 4489 perfectionem?

261 4491 349 4578 desp.
362 4497 420 4558 :ln
434 4495 489 4559 hoe
503 4496 635 4576 graviter
649 4497 786 4580 delinqui
823 4502 876 4560 ·l·
890 4494 916 4560 si
930 4503 1002 4560 vota
1017 4513 1094 4577 saepe
1114 4494 1224 4578 saepius
1245 4491 1395 4573 infringet
1408 4489 1443 4552 in
1458 4509 1491 4552 re
1589 4515 1590 4554 ς

256 3253 325 3312 lli.
341 3287 381 3298 -
395 3252 497 3326 Quen.
512 3256 546 3316 60
567 3253 681 3328 Quibus
696 3253 803 3316 oaediis
824 3261 960 3316 teneatur
980 3252 1153 3334 Religiosos
1174 3252 1293 3314 tendere
1312 3251 1354 3314 od
1366 3249 1488 3334 perfer-
