3220 5042
187 230 255 292 188
717 241 926 289 cononicus

186 357 247 421 enit
260 356 372 420 dicere:
392 355 443 417 nte
456 374 558 416 accuso
575 355 613 415 de
626 355 760 416 omnibus
773 357 905 438 peccatis
922 356 993 416 meis
1007 355 1076 436 jam
1096 353 1151 415 tibi
1165 357 1262 432 notis;
1280 355 1327 417 vel
1339 354 1460 436 simpli·

186 445 278 510 citer:
295 444 474 506 deomnibus
487 443 618 524 peccatis
634 443 703 505 citse
712 446 888 526 pincerne.

686 663 860 738 cneus
893 623 957 737 11'1

467 849 514 900 DE
540 850 662 900 nontin
687 849 913 901 SACRAMENTI
938 847 1175 899 POENITENTIAE

226 1025 336 1085 Formo
354 1021 542 1084 sacramenti
563 1019 756 1084 Poenitentiae
777 1022 889 1103 duplex
910 1019 1059 1102 distingui
1076 1025 1195 1101 potest:
1210 1018 1270 1080 alie
1292 1019 1459 1082 essentialis

185 1129 239 1192 pm
252 1111 353 1173 valore
367 1109 566 1184 monumenti,
581 1115 613 1172 et
626 1109 686 1172 alia
698 1114 883 1192 praeceptiva
898 1114 1022 1172 tentum
1036 1127 1091 1172 sou
1102 1105 1273 1170 rubricatis.

225 1202 296 1263 tib.
319 1235 358 1244 -
378 1200 402 1260 1.
422 1203 532 1262 Forma
554 1196 720 1259 essentialis
741 1197 882 1261 consistit
904 1198 940 1260 in
961 1195 1080 1260 verbis:
1100 1197 1140 1259 Te
1157 1195 1278 1258 absoluo
1294 1216 1313 1258 a
1327 1201 1459 1277 peccatis

186 1288 254 1350 tuis.
270 1291 397 1351 Constat
409 1304 447 1348 ex
463 1285 555 1350 Cone.
573 1285 671 1355 Trici„
690 1306 757 1348 sess.
774 1289 852 1364 xlv,
868 1306 894 1348 e.
911 1305 964 1362 111,
979 1285 1034 1348 ubi
1049 1287 1112 1348 ait:
1131 1284 1224 1347 Docet
1236 1295 1339 1347 sancta
1356 1285 1459 1368 Syno

185 1375 252 1449 dus,
271 1375 465 1437 Sacramenti
479 1375 672 1436 Paenitentiae
686 1376 835 1455 formam,
854 1378 887 1436 in
899 1394 960 1457 qua
975 1375 1128 1456 praecipue
1145 1375 1240 1457 ipsius
1259 1375 1302 1435 uis
1319 1378 1378 1436 sita
1396 1386 1456 1450 est,

184 1463 293 1524 inillis
307 1463 448 1524 Ministri
459 1463 558 1526 uerbis
570 1466 705 1546 positam
716 1483 777 1524 esse
787 1461 798 1524 2·
814 1467 875 1526 Eno
889 1482 927 1526 ‘ru
947 1481 1095 1537 snsonvo,
1116 1469 1187 1539 etna
1204 1463 1307 1543 meiius
1321 1463 1455 1544 quidem,

185 1551 223 1614 de
236 1551 382 1614 Eecusia
392 1561 500 1614 sancta
509 1571 608 1625 more,
620 1571 720 1632 preces
735 1551 871 1634 qraseclam
887 1547 1084 1613 laudabiliter
1095 1552 1317 1634 adjmountur.

224 1643 295 1704 tic.
316 1676 355 1686 -
375 1643 412 1704 II.
438 1645 549 1704 Forma
571 1644 750 1724 preceptica
771 1659 827 1704 seu
846 1640 1010 1703 rubricatis
1030 1640 1172 1704 consistit
1190 1639 1225 1703 in
1242 1640 1282 1703 iis
1298 1640 1454 1720 precibus,

184 1747 253 1811 ques
267 1730 452 1793 antecedunt
464 1730 511 1792 vel
524 1728 759 1811 subsequuntur
772 1729 903 1816 formem
920 1729 1121 1792 essentialem.
1139 1729 1188 1794 Sic
1207 1734 1313 1792 nutem
1327 1729 1458 1793 habetur

182 1817 348 1883 insinuati
364 1821 449 1883 Rom.
462 1839 470 1880 :
486 1819 667 1882 Miserectar
680 1823 725 1880 tui
738 1821 924 1900 omnipotens
937 1819 1027 1898 Deus,
1038 1827 1077 1896 et,
1094 1819 1222 1881 dimissis
1233 1821 1367 1901 peccatis
1382 1823 1454 1898 tuis,

183 1907 334 1988 perducat
346 1917 375 1970 te
388 1909 431 1970 ad
440 1911 532 1971 citam
547 1920 701 1971 aeternam.
715 1911 825 1970 Amen.

224 1995 463 2078 Indulyentiam,
483 1998 696 2060 absolutionem
715 2007 744 2058 et
763 1999 967 2059 remissionem
984 2005 1176 2080 peecatorum
1201 2005 1321 2058 tuorum
1341 1996 1460 2059 tribuat

183 2084 243 2146 tibi
257 2089 439 2168 omnipotens
453 2096 484 2148 et
495 2091 664 2148 misericors
679 2085 837 2148 Dominus.
855 2087 961 2148 Amen.

224 2173 371 2236 Dominus
385 2184 487 2236 noster
503 2173 535 2234 J.
558 2175 592 2238 G.
610 2187 636 2237 te
655 2174 805 2252 absoluat,
825 2185 854 2236 et
874 2195 928 2257 eqo
942 2179 1125 2237 auctoritate
1136 2174 1230 2256 ipsius
1243 2183 1269 2236 te
1285 2173 1404 2236 absoluo
1418 2175 1458 2236 ab

184 2263 269 2323 omni
281 2261 402 2323 uinculo
421 2264 736 2324 excommunicationis
760 2263 1003 2344 (suspensionis).
1027 2273 1056 2324 et
1075 2263 1244 2340 interdicti,
1267 2267 1298 2323 in
1313 2273 1460 2343 monium

177 2361 339 2432 postumat
350 2360 384 2410 tu
397 2350 535 2431 intimes,
553 2351 680 2413 deinde:
698 2351 729 2411 Ε
729 2370 767 2432 qo
783 2361 810 2412 te
824 2351 942 2413 absolvo
955 2372 976 2430 a
984 2353 1114 2433 peccatis
1132 2353 1192 2412 tuis
1206 2355 1239 2413 in
1253 2356 1373 2414 nomine
1389 2351 1458 2414 Pa-

183 2439 260 2515 tris,
277 2448 306 2498 et
321 2437 415 2514 Filii,
432 2449 462 2499 et
474 2437 612 2520 Spiritus
632 2441 739 2500 saneti.
756 2441 865 2500 Amen.

221 2525 327 2587 Passio
342 2525 469 2588 Domini
481 2529 619 2590 nostrii.
637 2527 686 2606 C,
702 2531 810 2589 merita
824 2527 861 2589 B.
873 2527 914 2589 tt.
934 2528 1069 2610 Virginis
1083 2538 1113 2590 et
1123 2530 1254 2591 omnimo
1261 2525 1455 2606 Sanctorum,

181 2622 211 2676 et
222 2613 374 2696 quidquid
388 2615 460 2677 boni
469 2616 594 2697 seceris,
611 2625 642 2677 et
659 2618 737 2678 mali
750 2619 947 2692 sustinueris,
964 2621 1027 2678 sint
1047 2619 1102 2681 tibi
1118 2622 1151 2680 in
1167 2619 1366 2681 remissionem
1381 2625 1457 2700 pei·

181 2713 333 2783 rotorum,
349 2706 678 2786 comemmorans,
695 2716 724 2767 et
735 2706 897 2788 premium
913 2707 981 2768 cite
995 2715 1125 2769 nternm
1140 2707 1243 2769 Amen.

221 2793 368 2858 Elevotur
381 2811 494 2858 manus
506 2812 524 2856 n
538 2794 628 2857 verbo
641 2789 863 2877 tredatqenn'am
877 2813 975 2876 usque
991 2795 1174 2859 adverbum
1191 2795 1299 2857 Passio
1314 2795 1437 2858 Domini
1445 2823 1457 2866 .·

179 2885 212 2944 et
222 2877 259 2944 fit
269 2881 395 2961 signum
408 2882 507 2946 aencis
520 2882 554 2946 in
574 2883 776 2964 paenitentem
789 2884 933 2947 dicendo:
949 2883 986 2944 ln
1004 2885 1122 2946 nomine
1141 2884 1287 2946 Patris...
1309 2886 1377 2970 llos
1391 2904 1456 2946 sns-

176 2971 327 3052 pensionis
347 2971 504 3034 omitlitur
523 2989 578 3053 pro
598 2973 694 3036 inicis.
715 2973 769 3036 Pis
784 2979 889 3036 autem
905 2979 953 3036 est
971 2975 1174 3048 consuetudo,
1192 2979 1228 3035 ut
1244 2971 1456 3037 Conlessaeins

177 3063 251 3122 onte
265 3057 493 3136 consessionem,
507 3062 584 3124 dum
593 3061 748 3126 benedicit
762 3061 972 3142 poenitentem,
988 3061 1089 3125 dicct:
1105 3061 1254 3123 Dominus
1268 3065 1309 3122 sit
1322 3063 1356 3122 in
1367 3062 1456 3124 corde

180 3155 231 3208 tuo
244 3149 320 3209 etin
338 3147 426 3210 lobiis
439 3149 498 3211 tuis
503 3197 513 3228 ,
530 3159 564 3210 ut
578 3151 636 3210 rite
650 3152 824 3230 confitearis
842 3153 944 3211 omniu
955 3160 1079 3232 peccata
1092 3159 1142 3211 tua
1149 3197 1159 3226 ,
1175 3149 1223 3213 vel
1236 3149 1370 3212 similem
1386 3169 1455 3214 om-

178 3235 296 3300 tionem
310 3237 428 3301 recitet.
441 3273 480 3283 —
494 3239 552 3302 Sed
566 3238 623 3302 hoc
637 3239 695 3302 snb
707 3239 924 3320 obligationem
938 3257 1001 3302 non
1015 3238 1106 3302 cedit.

217 3327 254 3387 tn
274 3325 360 3407 praxi
382 3325 467 3389 facile
489 3327 594 3390 omitti
613 3333 743 3408 possunt
767 3345 868 3408 preces
893 3329 1070 3390 Misereatar
1090 3335 1122 3390 et
1142 3327 1384 3411 Indutyenn'am,
1416 3335 1457 3393 ut

177 3420 297 3478 consus
309 3432 348 3478 ex
361 3415 427 3477 Rit.
444 3415 532 3478 Rom.
550 3418 615 3478 lmo
630 3419 722 3498 juxte
740 3415 1185 3479 communionem'sententiam
1204 3415 1319 3498 absque
1332 3421 1456 3497 peccato

177 3519 296 3584 semper
310 3502 413 3567 omitti
421 3510 560 3585 possunt.
571 3505 654 3567 Idem
669 3504 763 3568 etism
775 3505 884 3568 dicunt
895 3504 1134 3574 decretionihus
1147 3523 1216 3586 quae
1228 3503 1456 3568 ahsolutionem

176 3596 367 3672 ”quonium
383 3593 435 3656 sed
449 3611 520 3656 aum
530 3595 622 3675 juxta
643 3594 828 3658 sententiam
849 3593 1036 3674 probabilem
1052 3593 1116 3656 haec
1130 3594 1247 3656 elevent
1267 3594 1345 3656 bona
1360 3610 1455 3673 opera

176 3679 356 3760 poenitentis
378 3681 586 3745 admonitum
608 3681 826 3745 satisfactionis
850 3680 1093 3756 marumenlslis,
1123 3681 1267 3745 convenit
1294 3687 1331 3744 nt
1355 3699 1455 3762 quam

176 3767 334 3832 rarissime
356 3769 553 3833 omittuntur.
570 3805 609 3814 -
631 3769 732 3832 Verba
752 3776 857 3832 autem
881 3769 1029 3832 Dominus
1050 3779 1191 3833 noster...
1216 3787 1279 3834 non
1304 3769 1455 3834 videntur

176 3873 262 3936 posse
285 3856 395 3926 omitti¹
408 3857 475 3921 sine
493 3859 582 3939 culpe
597 3857 725 3934 venisli,
746 3857 808 3920 nisi
826 3859 988 3922 necessitas
1002 3866 1124 3940 urgeat,
1143 3875 1216 3921 cum
1233 3858 1315 3921 diem
1330 3858 1455 3924 Ritunle

177 3943 285 4006 Rom:
301 3945 340 4007 In
351 3945 587 4027 confessionibus
600 3945 857 4028 frequentioribus
868 3947 941 4008 satis
952 3950 1012 4008 erit
1024 3947 1121 4009 decere
1130 3967 1142 4010 .·
1152 3947 1299 4009 Dominus
1312 3957 1450 4010 noster...

176 4047 275 4110 usquc
285 4034 324 4096 ad
338 4034 444 4098 Passio
456 4035 624 4098 Domini...
639 4033 803 4098 exclusive.
819 4070 861 4081 —
872 4035 906 4098 S.
921 4034 1034 4118 Conyr.
1050 4035 1129 4115 nia,
1146 4040 1185 4100 m
1198 4035 1287 4098 Febr.
1304 4039 1393 4100 tse't.

298 4186 491 4262 Quaesitn.

215 4333 286 4394 tm.
304 4367 343 4378 --
358 4333 460 4408 Qun.
481 4340 514 4398 {⁰
533 4335 583 4397 An
596 4334 701 4398 calida
716 4335 757 4398 sit
771 4333 933 4415 absolutio,
945 4335 974 4398 si
983 4335 1130 4400 Sceerdm
1141 4333 1350 4398 dimitamum
1364 4361 1375 4398 .·
1391 4335 1452 4398 nn

176 4435 283 4498 sonum
300 4419 349 4484 vel
361 4422 501 4488 Assonm
514 4442 535 4485 n
548 4441 689 4487 mmsis
701 4441 783 4501 nc1s3
799 4423 847 4486 cel
859 4425 905 4488 'l's
918 4425 1073 4488 ausonio?

218 4507 312 4594 Resp.
335 4511 375 4575 sd
396 4516 449 4574 ν’*
462 4509 548 4596 ileo.
572 4511 662 4577 Retio
680 4519 743 4589 est,
757 4512 832 4596 quin
850 4513 951 4577 solum
968 4513 1098 4578 verbum
1117 4513 1238 4576 absolvo
1260 4531 1321 4576 non
1337 4529 1399 4594 pro
1417 4529 1450 4575 se
