<?xml version="1.0" encoding="UTF-8"?>
<!DOCTYPE html PUBLIC "-//W3C//DTD XHTML 1.0 Transitional//EN"
    "http://www.w3.org/TR/xhtml1/DTD/xhtml1-transitional.dtd">
<html xmlns="http://www.w3.org/1999/xhtml" xml:lang="en" lang="en">
 <head>
  <title>
</title>
<meta http-equiv="Content-Type" content="text/html;charset=utf-8" />
  <meta name='ocr-system' content='tesseract 3.04.00' />
  <meta name='ocr-capabilities' content='ocr_page ocr_carea ocr_par ocr_line ocrx_word'/>
</head>
<body>
  <div class='ocr_page' id='page_1' title='image "./compendiumtheol03gurygoog_0049.png"; bbox 0 0 3198 5034; ppageno 0'>
   <div class='ocr_carea' id='block_1_1' title="bbox 241 252 1513 455">
    <p class='ocr_par' dir='ltr' id='par_1_1' title="bbox 241 252 1513 455">
     <span class='ocr_line' id='line_1_1' title="bbox 242 252 979 314; baseline -0.009 -1"><span class='ocrx_word' id='word_1_1' title='bbox 242 252 286 314; x_wconf 90' lang='grc'>36</span> <span class='ocrx_word' id='word_1_2' title='bbox 417 259 419 264; x_wconf 67' lang='grc'><strong>”</strong></span> <span class='ocrx_word' id='word_1_3' title='bbox 771 261 979 307; x_wconf 82' lang='grc'>111011100</span> 
     </span>
     <span class='ocr_line' id='line_1_2' title="bbox 241 371 1513 455; baseline -0.002 -17"><span class='ocrx_word' id='word_1_4' title='bbox 241 386 275 438; x_wconf 81' lang='lat' dir='ltr'>att</span> <span class='ocrx_word' id='word_1_5' title='bbox 290 377 386 437; x_wconf 83' lang='lat' dir='ltr'>tutior</span> <span class='ocrx_word' id='word_1_6' title='bbox 400 373 579 437; x_wconf 84' lang='lat' dir='ltr'>consulendo</span> <span class='ocrx_word' id='word_1_7' title='bbox 597 381 656 450; x_wconf 88' lang='lat' dir='ltr'>est‚·</span> <span class='ocrx_word' id='word_1_8' title='bbox 669 373 720 436; x_wconf 85' lang='lat' dir='ltr'>scd</span> <span class='ocrx_word' id='word_1_9' title='bbox 737 371 864 435; x_wconf 82' lang='lat' dir='ltr'>secunda</span> <span class='ocrx_word' id='word_1_10' title='bbox 884 382 945 434; x_wconf 80' lang='lat' dir='ltr'>turo</span> <span class='ocrx_word' id='word_1_11' title='bbox 964 371 1001 434; x_wconf 81' lang='lat' dir='ltr'>ob</span> <span class='ocrx_word' id='word_1_12' title='bbox 1017 372 1182 434; x_wconf 78' lang='lat' dir='ltr'><em>Doctorum</em></span> <span class='ocrx_word' id='word_1_13' title='bbox 1202 373 1425 450; x_wconf 77' lang='lat' dir='ltr'>auctoritatem,</span> <span class='ocrx_word' id='word_1_14' title='bbox 1444 391 1513 455; x_wconf 76' lang='lat' dir='ltr'>quoe</span> 
     </span>
    </p>
   </div>
   <div class='ocr_carea' id='block_1_2' title="bbox 239 457 1590 638">
    <p class='ocr_par' dir='ltr' id='par_1_2' title="bbox 239 457 1590 638">
     <span class='ocr_line' id='line_1_3' title="bbox 240 457 1590 542; baseline -0.001 -15"><span class='ocrx_word' id='word_1_15' title='bbox 240 485 298 527; x_wconf 84' lang='lat' dir='ltr'>nou</span> <span class='ocrx_word' id='word_1_16' title='bbox 316 474 359 526; x_wconf 88' lang='lat' dir='ltr'>cst</span> <span class='ocrx_word' id='word_1_17' title='bbox 380 463 609 542; x_wconf 82' lang='lat' dir='ltr'>contemnendo,</span> <span class='ocrx_word' id='word_1_18' title='bbox 633 471 695 522; x_wconf 88' lang='lat' dir='ltr'>tum</span> <span class='ocrx_word' id='word_1_19' title='bbox 715 461 750 523; x_wconf 85' lang='lat' dir='ltr'>ob</span> <span class='ocrx_word' id='word_1_20' title='bbox 769 461 899 523; x_wconf 83' lang='lat' dir='ltr'>rationes</span> <span class='ocrx_word' id='word_1_21' title='bbox 919 481 980 523; x_wconf 83' lang='lat' dir='ltr'>aon</span> <span class='ocrx_word' id='word_1_22' title='bbox 1002 460 1115 524; x_wconf 82' lang='lat' dir='ltr'>leuibus</span> <span class='ocrx_word' id='word_1_23' title='bbox 1136 457 1344 542; x_wconf 74' lang='lat' dir='ltr'><em>fundamentis</em></span> <span class='ocrx_word' id='word_1_24' title='bbox 1366 460 1510 538; x_wconf 76' lang='lat' dir='ltr'>tunicas,</span> <span class='ocrx_word' id='word_1_25' title='bbox 1589 511 1590 524; x_wconf 76' lang='lat'>.</span> 
     </span>
     <span class='ocr_line' id='line_1_4' title="bbox 239 547 1590 638; baseline -0.002 -23"><span class='ocrx_word' id='word_1_26' title='bbox 239 557 314 615; x_wconf 82' lang='lat' dir='ltr'>satis</span> <span class='ocrx_word' id='word_1_27' title='bbox 322 553 493 636; x_wconf 82' lang='lat' dir='ltr'>probabilis</span> <span class='ocrx_word' id='word_1_28' title='bbox 506 559 645 634; x_wconf 84' lang='lat' dir='ltr'>apparet.</span> <span class='ocrx_word' id='word_1_29' title='bbox 659 549 735 613; x_wconf 92' lang='lat' dir='ltr'>Huic</span> <span class='ocrx_word' id='word_1_30' title='bbox 749 550 935 613; x_wconf 82' lang='lat' dir='ltr'>conclusioni</span> <span class='ocrx_word' id='word_1_31' title='bbox 948 548 1079 612; x_wconf 89' lang='lat' dir='ltr'>libenter</span> <span class='ocrx_word' id='word_1_32' title='bbox 1093 549 1241 612; x_wconf 74' lang='lat' dir='ltr'>adhaereo.</span> <span class='ocrx_word' id='word_1_33' title='bbox 1254 584 1294 594; x_wconf 46' lang='grc' dir='ltr'>ψ</span> <span class='ocrx_word' id='word_1_34' title='bbox 1308 547 1412 610; x_wconf 81' lang='lat' dir='ltr'>Recole</span> <span class='ocrx_word' id='word_1_35' title='bbox 1426 550 1511 612; x_wconf 84' lang='lat' dir='ltr'>dicta</span> <span class='ocrx_word' id='word_1_36' title='bbox 1589 573 1590 638; x_wconf 64' lang='lat' dir='ltr'>t</span> 
     </span>
    </p>
   </div>
   <div class='ocr_carea' id='block_1_3' title="bbox 240 641 618 716">
    <p class='ocr_par' dir='ltr' id='par_1_3' title="bbox 240 641 618 716">
     <span class='ocr_line' id='line_1_5' title="bbox 240 641 618 716; baseline -0.005 -12"><span class='ocrx_word' id='word_1_37' title='bbox 240 643 277 706; x_wconf 86' lang='lat' dir='ltr'>de</span> <span class='ocrx_word' id='word_1_38' title='bbox 292 641 398 713; x_wconf 82' lang='lat' dir='ltr'>Misso,</span> <span class='ocrx_word' id='word_1_39' title='bbox 415 651 437 704; x_wconf 88' lang='lat' dir='ltr'>t.</span> <span class='ocrx_word' id='word_1_40' title='bbox 454 644 482 716; x_wconf 94' lang='grc'>1,</span> <span class='ocrx_word' id='word_1_41' title='bbox 498 662 530 702; x_wconf 85' lang='lat' dir='ltr'>a.</span> <span class='ocrx_word' id='word_1_42' title='bbox 548 643 618 704; x_wconf 77' lang='lat' dir='ltr'>sta.</span> 
     </span>
    </p>
   </div>
   <div class='ocr_carea' id='block_1_4' title="bbox 240 819 384 884">
    <p class='ocr_par' dir='ltr' id='par_1_4' title="bbox 240 819 384 884">
     <span class='ocr_line' id='line_1_6' title="bbox 240 819 384 884; baseline -0.021 0"><span class='ocrx_word' id='word_1_43' title='bbox 240 819 384 884; x_wconf 81' lang='lat' dir='ltr'>tentiam?</span> 
     </span>
    </p>
   </div>
   <div class='ocr_carea' id='block_1_5' title="bbox 278 727 1514 810">
    <p class='ocr_par' dir='ltr' id='par_1_5' title="bbox 278 701 1590 810">
     <span class='ocr_line' id='line_1_7' title="bbox 278 727 1514 810; baseline -0.005 -14"><span class='ocrx_word' id='word_1_44' title='bbox 278 735 328 796; x_wconf 76' lang='grc'>91.</span> <span class='ocrx_word' id='word_1_45' title='bbox 345 769 385 777; x_wconf 99' lang='grc'>-</span> <span class='ocrx_word' id='word_1_46' title='bbox 398 733 499 806; x_wconf 72' lang='lat' dir='ltr'>Quian.</span> <span class='ocrx_word' id='word_1_47' title='bbox 516 735 549 794; x_wconf 83' lang='lat'>3⁰</span> <span class='ocrx_word' id='word_1_48' title='bbox 563 729 708 806; x_wconf 81' lang='lat' dir='ltr'>Quanam</span> <span class='ocrx_word' id='word_1_49' title='bbox 722 731 848 791; x_wconf 82' lang='lat' dir='ltr'>attentio</span> <span class='ocrx_word' id='word_1_50' title='bbox 863 728 984 790; x_wconf 82' lang='lat' dir='ltr'>interno</span> <span class='ocrx_word' id='word_1_51' title='bbox 997 729 1175 810; x_wconf 78' lang='lat' dir='ltr'>requiratur·</span> <span class='ocrx_word' id='word_1_52' title='bbox 1187 727 1285 808; x_wconf 80' lang='lat' dir='ltr'>jocco</span> <span class='ocrx_word' id='word_1_53' title='bbox 1298 727 1433 810; x_wconf 79' lang='lat' dir='ltr'><strong><em>priorem</em></strong></span> <span class='ocrx_word' id='word_1_54' title='bbox 1447 748 1514 792; x_wconf 85' lang='lat' dir='ltr'>sca-</span> 
     </span>
    </p>
   </div>
   <div class='ocr_carea' id='block_1_6' title="bbox 278 903 1512 992">
    <p class='ocr_par' dir='ltr' id='par_1_6' title="bbox 278 865 1590 992">
     <span class='ocr_line' id='line_1_8' title="bbox 278 903 1512 992; baseline -0.006 -20"><span class='ocrx_word' id='word_1_55' title='bbox 278 909 368 992; x_wconf 78' lang='lat' dir='ltr'>Hesp.</span> <span class='ocrx_word' id='word_1_56' title='bbox 385 928 397 970; x_wconf 90' lang='lat'>.·</span> <span class='ocrx_word' id='word_1_57' title='bbox 411 907 559 985; x_wconf 78' lang='lat' dir='ltr'>Quaelibet</span> <span class='ocrx_word' id='word_1_58' title='bbox 576 914 657 970; x_wconf 87' lang='lat' dir='ltr'>certo</span> <span class='ocrx_word' id='word_1_59' title='bbox 673 905 800 982; x_wconf 82' lang='lat' dir='ltr'>suflicit,</span> <span class='ocrx_word' id='word_1_60' title='bbox 817 906 905 987; x_wconf 89' lang='lat' dir='ltr'>quia,</span> <span class='ocrx_word' id='word_1_61' title='bbox 921 906 986 969; x_wconf 81' lang='lat' dir='ltr'>sive</span> <span class='ocrx_word' id='word_1_62' title='bbox 1007 903 1049 968; x_wconf 91' lang='lat' dir='ltr'>sit</span> <span class='ocrx_word' id='word_1_63' title='bbox 1067 904 1253 986; x_wconf 89' lang='lat' dir='ltr'>spiritualis,</span> <span class='ocrx_word' id='word_1_64' title='bbox 1270 904 1334 968; x_wconf 71' lang='lat' dir='ltr'>site</span> <span class='ocrx_word' id='word_1_65' title='bbox 1351 905 1512 983; x_wconf 88' lang='lat' dir='ltr'>litteralis,</span> 
     </span>
    </p>
   </div>
   <div class='ocr_carea' id='block_1_7' title="bbox 238 991 1590 1166">
    <p class='ocr_par' dir='ltr' id='par_1_7' title="bbox 238 991 1590 1166">
     <span class='ocr_line' id='line_1_9' title="bbox 239 991 1590 1074; baseline -0.004 -11"><span class='ocrx_word' id='word_1_66' title='bbox 239 999 304 1063; x_wconf 86' lang='lat' dir='ltr'>sive</span> <span class='ocrx_word' id='word_1_67' title='bbox 317 995 500 1072; x_wconf 88' lang='lat' dir='ltr'>materialis,</span> <span class='ocrx_word' id='word_1_68' title='bbox 519 1015 607 1060; x_wconf 89' lang='lat' dir='ltr'>mens</span> <span class='ocrx_word' id='word_1_69' title='bbox 621 996 660 1058; x_wconf 89' lang='lat' dir='ltr'>ad</span> <span class='ocrx_word' id='word_1_70' title='bbox 673 998 770 1058; x_wconf 88' lang='lat' dir='ltr'>Deum</span> <span class='ocrx_word' id='word_1_71' title='bbox 784 995 931 1069; x_wconf 80' lang='lat' dir='ltr'>elevatur,</span> <span class='ocrx_word' id='word_1_72' title='bbox 945 1001 978 1058; x_wconf 90' lang='lat' dir='ltr'>et</span> <span class='ocrx_word' id='word_1_73' title='bbox 990 993 1025 1057; x_wconf 87' lang='lat' dir='ltr'>fit</span> <span class='ocrx_word' id='word_1_74' title='bbox 1038 1012 1109 1057; x_wconf 87' lang='lat' dir='ltr'>vera</span> <span class='ocrx_word' id='word_1_75' title='bbox 1124 991 1221 1056; x_wconf 89' lang='lat' dir='ltr'>oratio</span> <span class='ocrx_word' id='word_1_76' title='bbox 1240 991 1362 1056; x_wconf 88' lang='lat' dir='ltr'>etiamsi</span> <span class='ocrx_word' id='word_1_77' title='bbox 1380 995 1513 1060; x_wconf 89' lang='lat' dir='ltr'>attentio</span> <span class='ocrx_word' id='word_1_78' title='bbox 1589 1037 1590 1074; x_wconf 58' lang='lat'>,</span> 
     </span>
     <span class='ocr_line' id='line_1_10' title="bbox 238 1081 1590 1166; baseline -0.001 -14"><span class='ocrx_word' id='word_1_79' title='bbox 238 1094 318 1152; x_wconf 85' lang='lat' dir='ltr'>esset</span> <span class='ocrx_word' id='word_1_80' title='bbox 330 1093 454 1150; x_wconf 85' lang='lat' dir='ltr'>tantum</span> <span class='ocrx_word' id='word_1_81' title='bbox 468 1086 507 1148; x_wconf 89' lang='lat' dir='ltr'>ad</span> <span class='ocrx_word' id='word_1_82' title='bbox 520 1085 622 1150; x_wconf 81' lang='lat' dir='ltr'>verba.</span> <span class='ocrx_word' id='word_1_83' title='bbox 641 1085 718 1147; x_wconf 88' lang='lat' dir='ltr'>Hinc</span> <span class='ocrx_word' id='word_1_84' title='bbox 736 1101 792 1146; x_wconf 90' lang='lat' dir='ltr'>nec</span> <span class='ocrx_word' id='word_1_85' title='bbox 810 1082 980 1164; x_wconf 89' lang='lat' dir='ltr'>spiritualis</span> <span class='ocrx_word' id='word_1_86' title='bbox 1000 1081 1169 1164; x_wconf 79' lang='lat' dir='ltr'>requiritur</span> <span class='ocrx_word' id='word_1_87' title='bbox 1185 1081 1331 1158; x_wconf 85' lang='lat' dir='ltr'>attentio,</span> <span class='ocrx_word' id='word_1_88' title='bbox 1347 1101 1446 1166; x_wconf 89' lang='lat' dir='ltr'>neque</span> <span class='ocrx_word' id='word_1_89' title='bbox 1460 1085 1514 1147; x_wconf 90' lang='lat' dir='ltr'>lit-</span> <span class='ocrx_word' id='word_1_90' title='bbox 1589 1083 1590 1150; x_wconf 81' lang='lat' dir='ltr'>l</span> 
     </span>
    </p>
   </div>
   <div class='ocr_carea' id='block_1_8' title="bbox 239 1170 1514 1257">
    <p class='ocr_par' dir='ltr' id='par_1_8' title="bbox 239 1170 1590 1257">
     <span class='ocr_line' id='line_1_11' title="bbox 239 1170 1514 1257; baseline -0.001 -17"><span class='ocrx_word' id='word_1_91' title='bbox 239 1175 353 1252; x_wconf 81' lang='lat' dir='ltr'>taralis,</span> <span class='ocrx_word' id='word_1_92' title='bbox 367 1193 435 1257; x_wconf 82' lang='lat' dir='ltr'>qua</span> <span class='ocrx_word' id='word_1_93' title='bbox 448 1172 648 1255; x_wconf 88' lang='lat' dir='ltr'>impossibilis</span> <span class='ocrx_word' id='word_1_94' title='bbox 660 1179 706 1236; x_wconf 89' lang='lat' dir='ltr'>est</span> <span class='ocrx_word' id='word_1_95' title='bbox 718 1191 773 1254; x_wconf 91' lang='lat' dir='ltr'>pro</span> <span class='ocrx_word' id='word_1_96' title='bbox 787 1172 906 1246; x_wconf 86' lang='lat' dir='ltr'>multis,</span> <span class='ocrx_word' id='word_1_97' title='bbox 918 1171 1031 1235; x_wconf 88' lang='lat' dir='ltr'>scilicet</span> <span class='ocrx_word' id='word_1_98' title='bbox 1045 1189 1100 1252; x_wconf 92' lang='lat' dir='ltr'>pro</span> <span class='ocrx_word' id='word_1_99' title='bbox 1111 1170 1307 1245; x_wconf 83' lang='lat' dir='ltr'>lionialibus,</span> <span class='ocrx_word' id='word_1_100' title='bbox 1323 1178 1354 1234; x_wconf 91' lang='grc'>01</span> <span class='ocrx_word' id='word_1_101' title='bbox 1368 1191 1421 1252; x_wconf 92' lang='lat' dir='ltr'>pro</span> <span class='ocrx_word' id='word_1_102' title='bbox 1435 1191 1514 1236; x_wconf 90' lang='lat' dir='ltr'>non·</span> 
     </span>
    </p>
   </div>
   <div class='ocr_carea' id='block_1_9' title="bbox 238 1259 1515 1344">
    <p class='ocr_par' dir='ltr' id='par_1_9' title="bbox 238 1259 1515 1344">
     <span class='ocr_line' id='line_1_12' title="bbox 238 1259 1515 1344; baseline -0.003 -16"><span class='ocrx_word' id='word_1_103' title='bbox 238 1265 333 1328; x_wconf 89' lang='lat' dir='ltr'>nullis</span> <span class='ocrx_word' id='word_1_104' title='bbox 346 1262 503 1344; x_wconf 79' lang='lat' dir='ltr'>Religiosis</span> <span class='ocrx_word' id='word_1_105' title='bbox 515 1261 655 1342; x_wconf 79' lang='lat' dir='ltr'>linguam</span> <span class='ocrx_word' id='word_1_106' title='bbox 667 1260 797 1324; x_wconf 89' lang='lat' dir='ltr'>latinam</span> <span class='ocrx_word' id='word_1_107' title='bbox 811 1260 1037 1342; x_wconf 72' lang='lat' dir='ltr'>ignorantibus.</span> <span class='ocrx_word' id='word_1_108' title='bbox 1055 1263 1133 1340; x_wconf 79' lang='lat' dir='ltr'>Ergo</span> <span class='ocrx_word' id='word_1_109' title='bbox 1153 1259 1228 1322; x_wconf 91' lang='lat' dir='ltr'>satis</span> <span class='ocrx_word' id='word_1_110' title='bbox 1244 1265 1305 1335; x_wconf 91' lang='lat' dir='ltr'>est,</span> <span class='ocrx_word' id='word_1_111' title='bbox 1323 1259 1350 1322; x_wconf 91' lang='lat' dir='ltr'>si</span> <span class='ocrx_word' id='word_1_112' title='bbox 1363 1260 1515 1324; x_wconf 89' lang='lat' dir='ltr'>habeatur</span> 
     </span>
    </p>
   </div>
   <div class='ocr_carea' id='block_1_10' title="bbox 238 1347 1590 1430">
    <p class='ocr_par' dir='ltr' id='par_1_10' title="bbox 238 1347 1590 1430">
     <span class='ocr_line' id='line_1_13' title="bbox 238 1347 1590 1430; baseline -0.002 -14"><span class='ocrx_word' id='word_1_113' title='bbox 238 1352 367 1416; x_wconf 88' lang='lat' dir='ltr'>attentio</span> <span class='ocrx_word' id='word_1_114' title='bbox 380 1350 564 1427; x_wconf 60' lang='lat' dir='ltr'>materialia</span> <span class='ocrx_word' id='word_1_115' title='bbox 581 1349 693 1414; x_wconf 90' lang='lat' dir='ltr'>sufficit</span> <span class='ocrx_word' id='word_1_116' title='bbox 706 1349 792 1412; x_wconf 91' lang='lat' dir='ltr'>enim</span> <span class='ocrx_word' id='word_1_117' title='bbox 805 1349 935 1412; x_wconf 91' lang='lat' dir='ltr'>attentio</span> <span class='ocrx_word' id='word_1_118' title='bbox 949 1349 988 1411; x_wconf 88' lang='lat' dir='ltr'>ad</span> <span class='ocrx_word' id='word_1_119' title='bbox 1002 1348 1095 1411; x_wconf 86' lang='lat' dir='ltr'>verba</span> <span class='ocrx_word' id='word_1_120' title='bbox 1109 1366 1182 1411; x_wconf 89' lang='lat' dir='ltr'>cnm</span> <span class='ocrx_word' id='word_1_121' title='bbox 1196 1347 1368 1411; x_wconf 87' lang='lat' dir='ltr'>intentione</span> <span class='ocrx_word' id='word_1_122' title='bbox 1379 1350 1514 1430; x_wconf 88' lang='lat' dir='ltr'>generali</span> <span class='ocrx_word' id='word_1_123' title='bbox 1589 1369 1590 1398; x_wconf 70' lang='grc'>1</span> 
     </span>
    </p>
   </div>
   <div class='ocr_carea' id='block_1_11' title="bbox 238 1435 1514 1786">
    <p class='ocr_par' dir='ltr' id='par_1_11' title="bbox 238 1435 1514 1698">
     <span class='ocr_line' id='line_1_14' title="bbox 238 1435 1514 1520; baseline -0.002 -16"><span class='ocrx_word' id='word_1_124' title='bbox 238 1440 355 1504; x_wconf 89' lang='lat' dir='ltr'>colendi</span> <span class='ocrx_word' id='word_1_125' title='bbox 368 1443 475 1503; x_wconf 89' lang='lat' dir='ltr'>Deum.</span> <span class='ocrx_word' id='word_1_126' title='bbox 489 1441 554 1502; x_wconf 90' lang='lat' dir='ltr'>lmo</span> <span class='ocrx_word' id='word_1_127' title='bbox 570 1456 669 1520; x_wconf 88' lang='lat' dir='ltr'>neque</span> <span class='ocrx_word' id='word_1_128' title='bbox 688 1437 858 1518; x_wconf 72' lang='lat' dir='ltr'>requiritur</span> <span class='ocrx_word' id='word_1_129' title='bbox 875 1437 1006 1500; x_wconf 88' lang='lat' dir='ltr'>attentio</span> <span class='ocrx_word' id='word_1_130' title='bbox 1021 1437 1059 1500; x_wconf 88' lang='lat' dir='ltr'>ad</span> <span class='ocrx_word' id='word_1_131' title='bbox 1074 1435 1196 1517; x_wconf 77' lang='lat' dir='ltr'>singula</span> <span class='ocrx_word' id='word_1_132' title='bbox 1210 1437 1317 1510; x_wconf 88' lang='lat' dir='ltr'>verba,</span> <span class='ocrx_word' id='word_1_133' title='bbox 1334 1439 1386 1500; x_wconf 87' lang='lat' dir='ltr'>sed</span> <span class='ocrx_word' id='word_1_134' title='bbox 1400 1437 1514 1502; x_wconf 87' lang='lat' dir='ltr'>sufficit</span> 
     </span>
     <span class='ocr_line' id='line_1_15' title="bbox 238 1524 1514 1608; baseline -0.002 -15"><span class='ocrx_word' id='word_1_135' title='bbox 238 1529 367 1593; x_wconf 90' lang='lat' dir='ltr'>attentio</span> <span class='ocrx_word' id='word_1_136' title='bbox 385 1527 510 1592; x_wconf 89' lang='lat' dir='ltr'>moralis</span> <span class='ocrx_word' id='word_1_137' title='bbox 528 1531 558 1590; x_wconf 90' lang='lat' dir='ltr'>et</span> <span class='ocrx_word' id='word_1_138' title='bbox 576 1525 740 1607; x_wconf 82' lang='lat' dir='ltr'>generalis,</span> <span class='ocrx_word' id='word_1_139' title='bbox 757 1545 818 1608; x_wconf 92' lang='lat' dir='ltr'>qua</span> <span class='ocrx_word' id='word_1_140' title='bbox 831 1525 902 1606; x_wconf 90' lang='lat' dir='ltr'>quis</span> <span class='ocrx_word' id='word_1_141' title='bbox 917 1530 1001 1589; x_wconf 90' lang='lat' dir='ltr'>curet</span> <span class='ocrx_word' id='word_1_142' title='bbox 1015 1525 1120 1589; x_wconf 88' lang='lat' dir='ltr'>omnia</span> <span class='ocrx_word' id='word_1_143' title='bbox 1134 1525 1232 1588; x_wconf 87' lang='lat' dir='ltr'>dicere</span> <span class='ocrx_word' id='word_1_144' title='bbox 1254 1543 1324 1588; x_wconf 89' lang='lat' dir='ltr'>cum</span> <span class='ocrx_word' id='word_1_145' title='bbox 1339 1524 1514 1590; x_wconf 91' lang='lat' dir='ltr'>intentione</span> 
     </span>
     <span class='ocr_line' id='line_1_16' title="bbox 238 1615 1129 1698; baseline -0.007 -17"><span class='ocrx_word' id='word_1_146' title='bbox 238 1617 355 1682; x_wconf 88' lang='lat' dir='ltr'>orandi.</span> <span class='ocrx_word' id='word_1_147' title='bbox 372 1617 477 1679; x_wconf 86' lang='lat' dir='ltr'>-Ito</span> <span class='ocrx_word' id='word_1_148' title='bbox 491 1615 528 1679; x_wconf 89' lang='lat' dir='ltr'>S.</span> <span class='ocrx_word' id='word_1_149' title='bbox 545 1617 628 1698; x_wconf 63' lang='lat' dir='ltr'>Liq„</span> <span class='ocrx_word' id='word_1_150' title='bbox 642 1636 673 1676; x_wconf 84' lang='lat' dir='ltr'>n.</span> <span class='ocrx_word' id='word_1_151' title='bbox 691 1618 761 1678; x_wconf 83' lang='lat' dir='ltr'>lto.</span> <span class='ocrx_word' id='word_1_152' title='bbox 778 1652 818 1660; x_wconf 99' lang='lat'><strong>—</strong></span> <span class='ocrx_word' id='word_1_153' title='bbox 831 1615 981 1690; x_wconf 83' lang='lat' dir='ltr'>Locroic,</span> <span class='ocrx_word' id='word_1_154' title='bbox 997 1619 1129 1678; x_wconf 77' lang='lat' dir='ltr'>o.l3il.</span> 
     </span>
    </p>

    <p class='ocr_par' dir='ltr' id='par_1_12' title="bbox 278 1701 1298 1786">
     <span class='ocr_line' id='line_1_17' title="bbox 278 1701 1298 1786; baseline -0.006 -17"><span class='ocrx_word' id='word_1_155' title='bbox 278 1709 378 1782; x_wconf 74' lang='lat' dir='ltr'>Quas.</span> <span class='ocrx_word' id='word_1_156' title='bbox 394 1709 428 1768; x_wconf 88' lang='grc'>10</span> <span class='ocrx_word' id='word_1_157' title='bbox 442 1705 584 1781; x_wconf 83' lang='lat' dir='ltr'>Quaenam</span> <span class='ocrx_word' id='word_1_158' title='bbox 596 1705 657 1766; x_wconf 82' lang='lat' dir='ltr'>sict</span> <span class='ocrx_word' id='word_1_159' title='bbox 670 1703 800 1766; x_wconf 82' lang='lat' dir='ltr'>remedia</span> <span class='ocrx_word' id='word_1_160' title='bbox 817 1703 857 1766; x_wconf 85' lang='lat' dir='ltr'>od</span> <span class='ocrx_word' id='word_1_161' title='bbox 867 1703 1079 1766; x_wconf 80' lang='lat' dir='ltr'>dcitroctc&#39;oacc</span> <span class='ocrx_word' id='word_1_162' title='bbox 1090 1701 1298 1786; x_wconf 75' lang='lat' dir='ltr'>repellendos?</span> 
     </span>
    </p>
   </div>
   <div class='ocr_carea' id='block_1_12' title="bbox 279 1791 1590 1876">
    <p class='ocr_par' dir='ltr' id='par_1_13' title="bbox 279 1791 1590 1876">
     <span class='ocr_line' id='line_1_18' title="bbox 279 1791 1590 1876; baseline -0.002 -20"><span class='ocrx_word' id='word_1_163' title='bbox 279 1795 368 1876; x_wconf 86' lang='lat' dir='ltr'>Resp.</span> <span class='ocrx_word' id='word_1_164' title='bbox 384 1791 479 1856; x_wconf 85' lang='lat' dir='ltr'>:Alia</span> <span class='ocrx_word' id='word_1_165' title='bbox 503 1799 578 1856; x_wconf 90' lang='lat' dir='ltr'>sunt</span> <span class='ocrx_word' id='word_1_166' title='bbox 604 1791 748 1874; x_wconf 87' lang='lat' dir='ltr'>negativa</span> <span class='ocrx_word' id='word_1_167' title='bbox 771 1800 804 1856; x_wconf 91' lang='lat' dir='ltr'>et</span> <span class='ocrx_word' id='word_1_168' title='bbox 830 1792 890 1855; x_wconf 91' lang='lat' dir='ltr'>alia</span> <span class='ocrx_word' id='word_1_169' title='bbox 918 1791 1060 1873; x_wconf 86' lang='lat' dir='ltr'>positiva.</span> <span class='ocrx_word' id='word_1_170' title='bbox 1087 1791 1231 1857; x_wconf 87' lang='lat' dir='ltr'>Remedia</span> <span class='ocrx_word' id='word_1_171' title='bbox 1258 1791 1512 1872; x_wconf 67' lang='grc' dir='ltr'>10101111οᾶ1-</span> <span class='ocrx_word' id='word_1_172' title='bbox 1589 1801 1590 1844; x_wconf 83' lang='lat' dir='ltr'>l</span> 
     </span>
    </p>
   </div>
   <div class='ocr_carea' id='block_1_13' title="bbox 238 1879 1508 1963">
    <p class='ocr_par' dir='ltr' id='par_1_14' title="bbox 238 1879 1508 1963">
     <span class='ocr_line' id='line_1_19' title="bbox 238 1879 1508 1963; baseline -0.004 -17"><span class='ocrx_word' id='word_1_173' title='bbox 238 1889 352 1946; x_wconf 90' lang='lat' dir='ltr'>cuntur</span> <span class='ocrx_word' id='word_1_174' title='bbox 369 1883 409 1944; x_wconf 89' lang='lat' dir='ltr'>ad</span> <span class='ocrx_word' id='word_1_175' title='bbox 431 1899 538 1944; x_wconf 89' lang='lat' dir='ltr'>eorum</span> <span class='ocrx_word' id='word_1_176' title='bbox 559 1881 702 1944; x_wconf 88' lang='lat' dir='ltr'>omnium</span> <span class='ocrx_word' id='word_1_177' title='bbox 722 1881 984 1955; x_wconf 67' lang='lat' dir='ltr'>subtractionem,</span> <span class='ocrx_word' id='word_1_178' title='bbox 1000 1899 1069 1963; x_wconf 79' lang='lat' dir='ltr'>quae</span> <span class='ocrx_word' id='word_1_179' title='bbox 1089 1886 1163 1943; x_wconf 91' lang='lat' dir='ltr'>sunt</span> <span class='ocrx_word' id='word_1_180' title='bbox 1176 1898 1268 1943; x_wconf 88' lang='lat' dir='ltr'>causa</span> <span class='ocrx_word' id='word_1_181' title='bbox 1283 1879 1508 1956; x_wconf 81' lang='lat' dir='ltr'>distractionis,</span> 
     </span>
    </p>
   </div>
   <div class='ocr_carea' id='block_1_14' title="bbox 239 1967 1590 2052">
    <p class='ocr_par' dir='ltr' id='par_1_15' title="bbox 239 1967 1590 2052">
     <span class='ocr_line' id='line_1_20' title="bbox 239 1967 1590 2052; baseline -0.001 -19"><span class='ocrx_word' id='word_1_182' title='bbox 239 1992 268 2034; x_wconf 84' lang='lat' dir='ltr'>v.</span> <span class='ocrx_word' id='word_1_183' title='bbox 292 1990 351 2052; x_wconf 75' lang='lat' dir='ltr'>gr,</span> <span class='ocrx_word' id='word_1_184' title='bbox 374 1969 521 2052; x_wconf 84' lang='lat' dir='ltr'>impedire</span> <span class='ocrx_word' id='word_1_185' title='bbox 544 1969 712 2051; x_wconf 81' lang='lat' dir='ltr'>quominus</span> <span class='ocrx_word' id='word_1_186' title='bbox 738 1970 1006 2050; x_wconf 81' lang='lat' dir='ltr'>circumvagantur</span> <span class='ocrx_word' id='word_1_187' title='bbox 1037 1969 1133 2044; x_wconf 90' lang='lat' dir='ltr'>oculi,</span> <span class='ocrx_word' id='word_1_188' title='bbox 1161 1988 1179 2031; x_wconf 92' lang='lat' dir='ltr'>a</span> <span class='ocrx_word' id='word_1_189' title='bbox 1204 1967 1312 2050; x_wconf 85' lang='lat' dir='ltr'>majori</span> <span class='ocrx_word' id='word_1_190' title='bbox 1345 1967 1511 2032; x_wconf 91' lang='lat' dir='ltr'>hominum</span> <span class='ocrx_word' id='word_1_191' title='bbox 1589 2023 1590 2032; x_wconf 63' lang='lat'>.</span> 
     </span>
    </p>
   </div>
   <div class='ocr_carea' id='block_1_15' title="bbox 238 2057 1590 2228">
    <p class='ocr_par' dir='ltr' id='par_1_16' title="bbox 238 2035 1590 2228">
     <span class='ocr_line' id='line_1_21' title="bbox 239 2057 1513 2140; baseline -0.001 -18"><span class='ocrx_word' id='word_1_192' title='bbox 239 2059 370 2140; x_wconf 88' lang='lat' dir='ltr'>strepitu</span> <span class='ocrx_word' id='word_1_193' title='bbox 393 2077 424 2122; x_wconf 88' lang='lat' dir='ltr'>se</span> <span class='ocrx_word' id='word_1_194' title='bbox 445 2057 628 2132; x_wconf 89' lang='lat' dir='ltr'>subducere,</span> <span class='ocrx_word' id='word_1_195' title='bbox 645 2058 684 2119; x_wconf 86' lang='lat' dir='ltr'>ad</span> <span class='ocrx_word' id='word_1_196' title='bbox 697 2057 819 2138; x_wconf 80' lang='lat' dir='ltr'>negotia</span> <span class='ocrx_word' id='word_1_197' title='bbox 838 2057 958 2120; x_wconf 88' lang='lat' dir='ltr'>diversa</span> <span class='ocrx_word' id='word_1_198' title='bbox 974 2075 1036 2121; x_wconf 91' lang='lat' dir='ltr'>non</span> <span class='ocrx_word' id='word_1_199' title='bbox 1051 2075 1220 2138; x_wconf 89' lang='lat' dir='ltr'>properare,</span> <span class='ocrx_word' id='word_1_200' title='bbox 1234 2063 1291 2120; x_wconf 90' lang='lat' dir='ltr'>etc.</span> <span class='ocrx_word' id='word_1_201' title='bbox 1308 2092 1348 2102; x_wconf 96' lang='lat'><em>-</em></span> <span class='ocrx_word' id='word_1_202' title='bbox 1366 2057 1513 2121; x_wconf 79' lang='lat' dir='ltr'>Remedia</span> 
     </span>
     <span class='ocr_line' id='line_1_22' title="bbox 238 2145 1590 2228; baseline -0.002 -17"><span class='ocrx_word' id='word_1_203' title='bbox 238 2167 309 2212; x_wconf 88' lang='lat' dir='ltr'>vero</span> <span class='ocrx_word' id='word_1_204' title='bbox 331 2145 464 2228; x_wconf 79' lang='lat' dir='ltr'>positiva</span> <span class='ocrx_word' id='word_1_205' title='bbox 483 2149 555 2207; x_wconf 86' lang='lat' dir='ltr'>sunt</span> <span class='ocrx_word' id='word_1_206' title='bbox 574 2151 606 2208; x_wconf 90' lang='grc'>10</span> <span class='ocrx_word' id='word_1_207' title='bbox 625 2145 683 2208; x_wconf 89' lang='lat' dir='ltr'>sub</span> <span class='ocrx_word' id='word_1_208' title='bbox 702 2145 793 2207; x_wconf 91' lang='lat' dir='ltr'>initio</span> <span class='ocrx_word' id='word_1_209' title='bbox 812 2145 1000 2208; x_wconf 84' lang='lat' dir='ltr'>recitationis</span> <span class='ocrx_word' id='word_1_210' title='bbox 1019 2145 1177 2208; x_wconf 87' lang='lat' dir='ltr'>efformare</span> <span class='ocrx_word' id='word_1_211' title='bbox 1194 2145 1401 2209; x_wconf 89' lang='lat' dir='ltr'>intentionem</span> <span class='ocrx_word' id='word_1_212' title='bbox 1412 2149 1512 2208; x_wconf 84' lang='lat' dir='ltr'>Deum</span> <span class='ocrx_word' id='word_1_213' title='bbox 1589 2162 1590 2178; x_wconf 66' lang='grc'>0</span> 
     </span>
    </p>
   </div>
   <div class='ocr_carea' id='block_1_16' title="bbox 237 2232 1512 2581">
    <p class='ocr_par' dir='ltr' id='par_1_17' title="bbox 237 2232 1512 2581">
     <span class='ocr_line' id='line_1_23' title="bbox 237 2232 1512 2316; baseline -0.002 -16"><span class='ocrx_word' id='word_1_214' title='bbox 237 2234 399 2310; x_wconf 90' lang='lat' dir='ltr'>laudandi;</span> <span class='ocrx_word' id='word_1_215' title='bbox 423 2239 457 2296; x_wconf 77' lang='grc'>10</span> <span class='ocrx_word' id='word_1_216' title='bbox 476 2251 621 2296; x_wconf 88' lang='lat' dir='ltr'>renovare</span> <span class='ocrx_word' id='word_1_217' title='bbox 644 2232 849 2296; x_wconf 90' lang='lat' dir='ltr'>intentionem</span> <span class='ocrx_word' id='word_1_218' title='bbox 875 2233 909 2296; x_wconf 89' lang='lat' dir='ltr'>in</span> <span class='ocrx_word' id='word_1_219' title='bbox 932 2234 992 2297; x_wconf 89' lang='lat' dir='ltr'>fine</span> <span class='ocrx_word' id='word_1_220' title='bbox 1018 2234 1226 2310; x_wconf 89' lang='lat' dir='ltr'>Psalmorum,</span> <span class='ocrx_word' id='word_1_221' title='bbox 1251 2235 1374 2316; x_wconf 88' lang='lat' dir='ltr'>quando</span> <span class='ocrx_word' id='word_1_222' title='bbox 1397 2234 1512 2298; x_wconf 91' lang='lat' dir='ltr'>dicitur</span> 
     </span>
     <span class='ocr_line' id='line_1_24' title="bbox 240 2320 1512 2402; baseline -0.002 -13"><span class='ocrx_word' id='word_1_223' title='bbox 240 2324 347 2390; x_wconf 82' lang='lat' dir='ltr'>Gloria</span> <span class='ocrx_word' id='word_1_224' title='bbox 365 2322 509 2400; x_wconf 86' lang='lat' dir='ltr'>Patri...,·</span> <span class='ocrx_word' id='word_1_225' title='bbox 531 2326 564 2385; x_wconf 86' lang='lat'>3⁰</span> <span class='ocrx_word' id='word_1_226' title='bbox 585 2320 638 2384; x_wconf 88' lang='lat' dir='ltr'>Dei</span> <span class='ocrx_word' id='word_1_227' title='bbox 651 2321 846 2402; x_wconf 74' lang='lat' dir='ltr'>presentiam</span> <span class='ocrx_word' id='word_1_228' title='bbox 865 2340 944 2402; x_wconf 75' lang='lat' dir='ltr'>saepe</span> <span class='ocrx_word' id='word_1_229' title='bbox 961 2322 995 2384; x_wconf 88' lang='lat' dir='ltr'>in</span> <span class='ocrx_word' id='word_1_230' title='bbox 1014 2328 1152 2385; x_wconf 88' lang='lat' dir='ltr'>mentem</span> <span class='ocrx_word' id='word_1_231' title='bbox 1170 2323 1512 2401; x_wconf 80' lang='grc'>100110010;10011111103</span> 
     </span>
     <span class='ocr_line' id='line_1_25' title="bbox 237 2409 1511 2486; baseline 0 -10"><span class='ocrx_word' id='word_1_232' title='bbox 237 2411 381 2476; x_wconf 82' lang='lat' dir='ltr'>exhibere</span> <span class='ocrx_word' id='word_1_233' title='bbox 401 2409 577 2473; x_wconf 84' lang='lat' dir='ltr'>Passionem</span> <span class='ocrx_word' id='word_1_234' title='bbox 600 2409 722 2472; x_wconf 89' lang='lat' dir='ltr'>Domini</span> <span class='ocrx_word' id='word_1_235' title='bbox 742 2410 859 2486; x_wconf 85' lang='lat' dir='ltr'>nostri,</span> <span class='ocrx_word' id='word_1_236' title='bbox 888 2409 1100 2474; x_wconf 88' lang='lat' dir='ltr'>distribuendo</span> <span class='ocrx_word' id='word_1_237' title='bbox 1125 2411 1226 2474; x_wconf 86' lang='lat' dir='ltr'>varias</span> <span class='ocrx_word' id='word_1_238' title='bbox 1251 2411 1335 2475; x_wconf 91' lang='lat' dir='ltr'>illius</span> <span class='ocrx_word' id='word_1_239' title='bbox 1358 2412 1511 2476; x_wconf 86' lang='lat' dir='ltr'>Passionis</span> 
     </span>
     <span class='ocr_line' id='line_1_26' title="bbox 237 2497 1209 2581; baseline 0 -19"><span class='ocrx_word' id='word_1_240' title='bbox 237 2497 484 2562; x_wconf 84' lang='lat' dir='ltr'>circumstantias</span> <span class='ocrx_word' id='word_1_241' title='bbox 496 2516 548 2579; x_wconf 89' lang='lat' dir='ltr'>per</span> <span class='ocrx_word' id='word_1_242' title='bbox 562 2500 657 2561; x_wconf 90' lang='lat' dir='ltr'>Horas</span> <span class='ocrx_word' id='word_1_243' title='bbox 666 2498 818 2579; x_wconf 83' lang='lat' dir='ltr'>singulae,</span> <span class='ocrx_word' id='word_1_244' title='bbox 832 2504 889 2561; x_wconf 87' lang='lat' dir='ltr'>etc.</span> <span class='ocrx_word' id='word_1_245' title='bbox 904 2535 943 2544; x_wconf 90' lang='lat'><em>-</em></span> <span class='ocrx_word' id='word_1_246' title='bbox 955 2497 989 2560; x_wconf 89' lang='lat' dir='ltr'>S.</span> <span class='ocrx_word' id='word_1_247' title='bbox 1007 2498 1078 2581; x_wconf 75' lang='lat' dir='ltr'>Lip.</span> <span class='ocrx_word' id='word_1_248' title='bbox 1094 2504 1209 2563; x_wconf 77' lang='grc'>10117.</span> 
     </span>
    </p>
   </div>
   <div class='ocr_carea' id='block_1_17' title="bbox 776 2727 973 2772">
    <p class='ocr_par' dir='ltr' id='par_1_18' title="bbox 776 2727 973 2772">
     <span class='ocr_line' id='line_1_27' title="bbox 776 2727 973 2772; baseline 0 -2"><span class='ocrx_word' id='word_1_249' title='bbox 776 2727 917 2772; x_wconf 74' lang='lat' dir='ltr'>tuncTun</span> <span class='ocrx_word' id='word_1_250' title='bbox 938 2727 973 2771; x_wconf 77' lang='lat' dir='ltr'>tv</span> 
     </span>
    </p>
   </div>
   <div class='ocr_carea' id='block_1_18' title="bbox 501 2845 1248 2905">
    <p class='ocr_par' dir='ltr' id='par_1_19' title="bbox 501 2845 1248 2905">
     <span class='ocr_line' id='line_1_28' title="bbox 501 2845 1248 2905; baseline 0.001 -2"><span class='ocrx_word' id='word_1_251' title='bbox 501 2848 542 2903; x_wconf 91' lang='lat' dir='ltr'>De</span> <span class='ocrx_word' id='word_1_252' title='bbox 555 2846 652 2902; x_wconf 87' lang='lat' dir='ltr'>causis</span> <span class='ocrx_word' id='word_1_253' title='bbox 667 2846 871 2904; x_wconf 85' lang='lat' dir='ltr'>excusantibus</span> <span class='ocrx_word' id='word_1_254' title='bbox 885 2863 902 2903; x_wconf 88' lang='lat' dir='ltr'>a</span> <span class='ocrx_word' id='word_1_255' title='bbox 916 2845 1084 2904; x_wconf 85' lang='lat' dir='ltr'>recitatione</span> <span class='ocrx_word' id='word_1_256' title='bbox 1099 2849 1248 2905; x_wconf 86' lang='lat' dir='ltr'>Horarum.</span> 
     </span>
    </p>
   </div>
   <div class='ocr_carea' id='block_1_19' title="bbox 277 3021 1590 3108">
    <p class='ocr_par' dir='ltr' id='par_1_20' title="bbox 277 3021 1590 3108">
     <span class='ocr_line' id='line_1_29' title="bbox 277 3021 1590 3108; baseline 0.002 -23"><span class='ocrx_word' id='word_1_257' title='bbox 277 3025 382 3085; x_wconf 81' lang='lat' dir='ltr'>Causa</span> <span class='ocrx_word' id='word_1_258' title='bbox 409 3041 428 3084; x_wconf 88' lang='lat' dir='ltr'>a</span> <span class='ocrx_word' id='word_1_259' title='bbox 457 3021 634 3085; x_wconf 86' lang='lat' dir='ltr'>recitatione</span> <span class='ocrx_word' id='word_1_260' title='bbox 655 3021 754 3086; x_wconf 82' lang='grc'>1111111</span> <span class='ocrx_word' id='word_1_261' title='bbox 779 3022 874 3088; x_wconf 86' lang='lat' dir='ltr'>officii</span> <span class='ocrx_word' id='word_1_262' title='bbox 897 3029 1078 3086; x_wconf 88' lang='lat' dir='ltr'>excusantes</span> <span class='ocrx_word' id='word_1_263' title='bbox 1101 3029 1177 3087; x_wconf 90' lang='lat' dir='ltr'>sunt</span> <span class='ocrx_word' id='word_1_264' title='bbox 1200 3030 1232 3087; x_wconf 91' lang='lat' dir='ltr'>l⁰</span> <span class='ocrx_word' id='word_1_265' title='bbox 1261 3023 1509 3107; x_wconf 87' lang='lat' dir='ltr'>impossibilitas;</span> <span class='ocrx_word' id='word_1_266' title='bbox 1589 3023 1590 3108; x_wconf 66' lang='grc'>1</span> 
     </span>
    </p>
   </div>
   <div class='ocr_carea' id='block_1_20' title="bbox 237 3110 664 3192">
    <p class='ocr_par' dir='ltr' id='par_1_21' title="bbox 237 3110 664 3192">
     <span class='ocr_line' id='line_1_30' title="bbox 237 3110 664 3192; baseline 0.005 -20"><span class='ocrx_word' id='word_1_267' title='bbox 237 3114 270 3172; x_wconf 73' lang='lat'>2⁰</span> <span class='ocrx_word' id='word_1_268' title='bbox 284 3110 407 3186; x_wconf 86' lang='lat' dir='ltr'>caritas;</span> <span class='ocrx_word' id='word_1_269' title='bbox 422 3115 455 3176; x_wconf 88' lang='grc'>30</span> <span class='ocrx_word' id='word_1_270' title='bbox 468 3110 664 3192; x_wconf 86' lang='lat' dir='ltr'>dispensatio.</span> 
     </span>
    </p>
   </div>
   <div class='ocr_carea' id='block_1_21' title="bbox 276 3167 1590 3285">
    <p class='ocr_par' dir='ltr' id='par_1_22' title="bbox 276 3167 1590 3285">
     <span class='ocr_line' id='line_1_31' title="bbox 276 3167 1590 3285; baseline 0.004 -24"><span class='ocrx_word' id='word_1_271' title='bbox 276 3201 425 3262; x_wconf 79' lang='lat' dir='ltr'>tta-1.</span> <span class='ocrx_word' id='word_1_272' title='bbox 449 3199 696 3282; x_wconf 81' lang='lat' dir='ltr'>Impossibilitos,</span> <span class='ocrx_word' id='word_1_273' title='bbox 715 3200 779 3263; x_wconf 79' lang='lat' dir='ltr'>sivo</span> <span class='ocrx_word' id='word_1_274' title='bbox 801 3201 941 3283; x_wconf 81' lang='lat' dir='ltr'>physica,</span> <span class='ocrx_word' id='word_1_275' title='bbox 963 3202 1028 3266; x_wconf 82' lang='lat' dir='ltr'>sive</span> <span class='ocrx_word' id='word_1_276' title='bbox 1052 3202 1191 3278; x_wconf 86' lang='lat' dir='ltr'>moralis,</span> <span class='ocrx_word' id='word_1_277' title='bbox 1218 3221 1287 3285; x_wconf 79' lang='lat' dir='ltr'>que</span> <span class='ocrx_word' id='word_1_278' title='bbox 1315 3201 1453 3266; x_wconf 88' lang='lat' dir='ltr'>consistit</span> <span class='ocrx_word' id='word_1_279' title='bbox 1475 3203 1510 3266; x_wconf 89' lang='lat' dir='ltr'>in</span> <span class='ocrx_word' id='word_1_280' title='bbox 1589 3167 1590 3222; x_wconf 52' lang='lat'><em>3</em></span> 
     </span>
    </p>
   </div>
   <div class='ocr_carea' id='block_1_22' title="bbox 237 3286 1511 3460">
    <p class='ocr_par' dir='ltr' id='par_1_23' title="bbox 237 3286 1511 3460">
     <span class='ocr_line' id='line_1_32' title="bbox 237 3286 1110 3368; baseline 0.006 -18"><span class='ocrx_word' id='word_1_281' title='bbox 237 3287 323 3368; x_wconf 80' lang='lat' dir='ltr'>gravi</span> <span class='ocrx_word' id='word_1_282' title='bbox 334 3287 514 3351; x_wconf 83' lang='lat' dir='ltr'>difficultate</span> <span class='ocrx_word' id='word_1_283' title='bbox 526 3286 665 3352; x_wconf 86' lang='lat' dir='ltr'>Officimn</span> <span class='ocrx_word' id='word_1_284' title='bbox 678 3289 837 3353; x_wconf 88' lang='lat' dir='ltr'>recitandi.</span> <span class='ocrx_word' id='word_1_285' title='bbox 854 3289 931 3353; x_wconf 89' lang='lat' dir='ltr'>Hinc</span> <span class='ocrx_word' id='word_1_286' title='bbox 945 3298 1110 3355; x_wconf 88' lang='lat' dir='ltr'>excusatur</span> 
     </span>
     <span class='ocr_line' id='line_1_33' title="bbox 278 3376 1511 3460; baseline 0.004 -21"><span class='ocrx_word' id='word_1_287' title='bbox 278 3382 310 3439; x_wconf 89' lang='grc'>10</span> <span class='ocrx_word' id='word_1_288' title='bbox 323 3376 382 3452; x_wconf 86' lang='lat' dir='ltr'>Qui</span> <span class='ocrx_word' id='word_1_289' title='bbox 398 3376 567 3440; x_wconf 87' lang='lat' dir='ltr'>nonhabet</span> <span class='ocrx_word' id='word_1_290' title='bbox 581 3377 783 3454; x_wconf 88' lang='lat' dir='ltr'>Breviarium,</span> <span class='ocrx_word' id='word_1_291' title='bbox 800 3377 884 3460; x_wconf 91' lang='lat' dir='ltr'>quia,</span> <span class='ocrx_word' id='word_1_292' title='bbox 901 3398 932 3442; x_wconf 83' lang='lat' dir='ltr'>u.</span> <span class='ocrx_word' id='word_1_293' title='bbox 947 3398 1007 3460; x_wconf 70' lang='lat' dir='ltr'>gr,</span> <span class='ocrx_word' id='word_1_294' title='bbox 1021 3379 1098 3443; x_wconf 91' lang='lat' dir='ltr'>illud</span> <span class='ocrx_word' id='word_1_295' title='bbox 1110 3379 1170 3442; x_wconf 90' lang='lat' dir='ltr'>iter</span> <span class='ocrx_word' id='word_1_296' title='bbox 1182 3377 1383 3460; x_wconf 88' lang='lat' dir='ltr'>suscipiendo,</span> <span class='ocrx_word' id='word_1_297' title='bbox 1395 3379 1511 3444; x_wconf 88' lang='lat' dir='ltr'>oblitus</span> 
     </span>
    </p>
   </div>
   <div class='ocr_carea' id='block_1_23' title="bbox 237 3463 1590 3548">
    <p class='ocr_par' dir='ltr' id='par_1_24' title="bbox 237 3463 1590 3548">
     <span class='ocr_line' id='line_1_34' title="bbox 237 3463 1590 3548; baseline 0.001 -20"><span class='ocrx_word' id='word_1_298' title='bbox 237 3471 299 3540; x_wconf 87' lang='lat' dir='ltr'>est,</span> <span class='ocrx_word' id='word_1_299' title='bbox 315 3471 371 3528; x_wconf 91' lang='lat' dir='ltr'>aut</span> <span class='ocrx_word' id='word_1_300' title='bbox 391 3465 426 3527; x_wconf 92' lang='lat' dir='ltr'>in</span> <span class='ocrx_word' id='word_1_301' title='bbox 448 3463 558 3528; x_wconf 89' lang='lat' dir='ltr'>itinere</span> <span class='ocrx_word' id='word_1_302' title='bbox 573 3466 722 3547; x_wconf 85' lang='lat' dir='ltr'>perdidit,</span> <span class='ocrx_word' id='word_1_303' title='bbox 736 3485 808 3530; x_wconf 91' lang='lat' dir='ltr'>cum</span> <span class='ocrx_word' id='word_1_304' title='bbox 827 3466 1009 3548; x_wconf 89' lang='lat' dir='ltr'>impotentia</span> <span class='ocrx_word' id='word_1_305' title='bbox 1026 3467 1113 3530; x_wconf 89' lang='lat' dir='ltr'>aliud</span> <span class='ocrx_word' id='word_1_306' title='bbox 1132 3465 1338 3548; x_wconf 88' lang='lat' dir='ltr'>comparandi.</span> <span class='ocrx_word' id='word_1_307' title='bbox 1359 3466 1391 3528; x_wconf 87' lang='lat' dir='ltr'>si</span> <span class='ocrx_word' id='word_1_308' title='bbox 1407 3472 1511 3530; x_wconf 83' lang='lat' dir='ltr'>tamen</span> <span class='ocrx_word' id='word_1_309' title='bbox 1589 3475 1590 3518; x_wconf 83' lang='grc'>1</span> 
     </span>
    </p>
   </div>
   <div class='ocr_carea' id='block_1_24' title="bbox 238 3553 1511 3725">
    <p class='ocr_par' dir='ltr' id='par_1_25' title="bbox 238 3553 1511 3725">
     <span class='ocr_line' id='line_1_35' title="bbox 238 3553 1511 3637; baseline 0.002 -21"><span class='ocrx_word' id='word_1_310' title='bbox 238 3555 327 3636; x_wconf 88' lang='lat' dir='ltr'>culpa</span> <span class='ocrx_word' id='word_1_311' title='bbox 341 3572 398 3616; x_wconf 91' lang='lat' dir='ltr'>sua</span> <span class='ocrx_word' id='word_1_312' title='bbox 412 3553 526 3616; x_wconf 90' lang='lat' dir='ltr'>oblitus</span> <span class='ocrx_word' id='word_1_313' title='bbox 545 3554 638 3618; x_wconf 88' lang='lat' dir='ltr'>luerit</span> <span class='ocrx_word' id='word_1_314' title='bbox 652 3561 707 3618; x_wconf 93' lang='lat' dir='ltr'>aut</span> <span class='ocrx_word' id='word_1_315' title='bbox 721 3555 904 3637; x_wconf 88' lang='lat' dir='ltr'>perdiderit,</span> <span class='ocrx_word' id='word_1_316' title='bbox 918 3561 973 3618; x_wconf 91' lang='lat' dir='ltr'>aut</span> <span class='ocrx_word' id='word_1_317' title='bbox 984 3553 1159 3636; x_wconf 87' lang='lat' dir='ltr'>projecerit,</span> <span class='ocrx_word' id='word_1_318' title='bbox 1175 3553 1324 3634; x_wconf 87' lang='lat' dir='ltr'>peccavit,</span> <span class='ocrx_word' id='word_1_319' title='bbox 1338 3558 1370 3615; x_wconf 87' lang='lat' dir='ltr'>et</span> <span class='ocrx_word' id='word_1_320' title='bbox 1385 3555 1511 3619; x_wconf 89' lang='lat' dir='ltr'>omissio</span> 
     </span>
     <span class='ocr_line' id='line_1_36' title="bbox 238 3641 1261 3725; baseline -0.002 -18"><span class='ocrx_word' id='word_1_321' title='bbox 238 3646 404 3718; x_wconf 87' lang='lat' dir='ltr'>Horarum,</span> <span class='ocrx_word' id='word_1_322' title='bbox 418 3660 472 3723; x_wconf 90' lang='lat' dir='ltr'>pro</span> <span class='ocrx_word' id='word_1_323' title='bbox 488 3643 638 3724; x_wconf 74' lang='lat' dir='ltr'>gravitme</span> <span class='ocrx_word' id='word_1_324' title='bbox 650 3645 746 3725; x_wconf 80' lang='lat' dir='ltr'>eulpa</span> <span class='ocrx_word' id='word_1_325' title='bbox 760 3643 918 3720; x_wconf 84' lang='lat' dir='ltr'>admissa,</span> <span class='ocrx_word' id='word_1_326' title='bbox 935 3642 994 3725; x_wconf 92' lang='lat' dir='ltr'>ipsi</span> <span class='ocrx_word' id='word_1_327' title='bbox 1008 3641 1191 3722; x_wconf 88' lang='lat' dir='ltr'>imputanda</span> <span class='ocrx_word' id='word_1_328' title='bbox 1205 3645 1261 3705; x_wconf 89' lang='lat' dir='ltr'>est.</span> 
     </span>
    </p>
   </div>
   <div class='ocr_carea' id='block_1_25' title="bbox 149 3729 1590 4169">
    <p class='ocr_par' dir='ltr' id='par_1_26' title="bbox 149 3729 1590 4169">
     <span class='ocr_line' id='line_1_37' title="bbox 276 3729 1511 3812; baseline 0.001 -18"><span class='ocrx_word' id='word_1_329' title='bbox 276 3733 311 3794; x_wconf 78' lang='lat'>2⁰</span> <span class='ocrx_word' id='word_1_330' title='bbox 338 3731 397 3807; x_wconf 84' lang='lat' dir='ltr'>Qui</span> <span class='ocrx_word' id='word_1_331' title='bbox 424 3731 510 3812; x_wconf 79' lang='lat' dir='ltr'>gravi</span> <span class='ocrx_word' id='word_1_332' title='bbox 536 3731 644 3794; x_wconf 90' lang='lat' dir='ltr'>morbo</span> <span class='ocrx_word' id='word_1_333' title='bbox 669 3732 800 3806; x_wconf 86' lang='lat' dir='ltr'>laborat,</span> <span class='ocrx_word' id='word_1_334' title='bbox 829 3751 859 3794; x_wconf 88' lang='lat' dir='ltr'>v.</span> <span class='ocrx_word' id='word_1_335' title='bbox 892 3751 951 3812; x_wconf 79' lang='lat' dir='ltr'>gn,</span> <span class='ocrx_word' id='word_1_336' title='bbox 976 3730 1070 3806; x_wconf 90' lang='lat' dir='ltr'>febri,</span> <span class='ocrx_word' id='word_1_337' title='bbox 1092 3731 1192 3794; x_wconf 86' lang='lat' dir='ltr'>dolore</span> <span class='ocrx_word' id='word_1_338' title='bbox 1216 3729 1438 3794; x_wconf 87' lang='lat' dir='ltr'>intestinorum</span> <span class='ocrx_word' id='word_1_339' title='bbox 1463 3734 1511 3795; x_wconf 87' lang='lat' dir='ltr'>vel</span> 
     </span>
     <span class='ocr_line' id='line_1_38' title="bbox 238 3817 1590 3901; baseline 0.002 -21"><span class='ocrx_word' id='word_1_340' title='bbox 238 3817 361 3897; x_wconf 67' lang='lat' dir='ltr'>capitia</span> <span class='ocrx_word' id='word_1_341' title='bbox 382 3821 429 3882; x_wconf 87' lang='lat' dir='ltr'>vel</span> <span class='ocrx_word' id='word_1_342' title='bbox 452 3818 506 3901; x_wconf 91' lang='lat' dir='ltr'>qui</span> <span class='ocrx_word' id='word_1_343' title='bbox 523 3821 609 3900; x_wconf 88' lang='lat' dir='ltr'>juste</span> <span class='ocrx_word' id='word_1_344' title='bbox 628 3819 734 3894; x_wconf 88' lang='lat' dir='ltr'>timet,</span> <span class='ocrx_word' id='word_1_345' title='bbox 755 3837 793 3883; x_wconf 90' lang='lat' dir='ltr'>ne</span> <span class='ocrx_word' id='word_1_346' title='bbox 816 3839 854 3884; x_wconf 80' lang='lat' dir='ltr'>ex</span> <span class='ocrx_word' id='word_1_347' title='bbox 872 3820 1048 3884; x_wconf 88' lang='lat' dir='ltr'>recitatione</span> <span class='ocrx_word' id='word_1_348' title='bbox 1064 3837 1154 3901; x_wconf 82' lang='lat' dir='ltr'>grave</span> <span class='ocrx_word' id='word_1_349' title='bbox 1175 3819 1381 3900; x_wconf 88' lang='lat' dir='ltr'>subsequatur</span> <span class='ocrx_word' id='word_1_350' title='bbox 1394 3820 1511 3883; x_wconf 89' lang='lat' dir='ltr'>incom-</span> <span class='ocrx_word' id='word_1_351' title='bbox 1589 3825 1590 3850; x_wconf 47' lang='lat' dir='ltr'>l</span> 
     </span>
     <span class='ocr_line' id='line_1_39' title="bbox 237 3895 1590 3990; baseline 0.004 -23"><span class='ocrx_word' id='word_1_352' title='bbox 237 3907 380 3981; x_wconf 89' lang='lat' dir='ltr'>modum,</span> <span class='ocrx_word' id='word_1_353' title='bbox 401 3914 457 3971; x_wconf 88' lang='lat' dir='ltr'>etc.</span> <span class='ocrx_word' id='word_1_354' title='bbox 479 3907 567 3969; x_wconf 89' lang='lat' dir='ltr'>Unde</span> <span class='ocrx_word' id='word_1_355' title='bbox 586 3907 662 3971; x_wconf 88' lang='lat' dir='ltr'>satis</span> <span class='ocrx_word' id='word_1_356' title='bbox 678 3915 842 3972; x_wconf 77' lang='lat' dir='ltr'>excusatur</span> <span class='ocrx_word' id='word_1_357' title='bbox 860 3909 915 3990; x_wconf 89' lang='lat' dir='ltr'>qui</span> <span class='ocrx_word' id='word_1_358' title='bbox 934 3907 1101 3990; x_wconf 87' lang='lat' dir='ltr'>prudenter</span> <span class='ocrx_word' id='word_1_359' title='bbox 1118 3907 1213 3970; x_wconf 90' lang='lat' dir='ltr'>credit</span> <span class='ocrx_word' id='word_1_360' title='bbox 1227 3908 1275 3970; x_wconf 86' lang='lat' dir='ltr'>vel</span> <span class='ocrx_word' id='word_1_361' title='bbox 1294 3907 1399 3984; x_wconf 89' lang='lat' dir='ltr'>timet,</span> <span class='ocrx_word' id='word_1_362' title='bbox 1413 3927 1453 3972; x_wconf 91' lang='lat' dir='ltr'>ne</span> <span class='ocrx_word' id='word_1_363' title='bbox 1471 3909 1510 3972; x_wconf 93' lang='lat' dir='ltr'>ob</span> <span class='ocrx_word' id='word_1_364' title='bbox 1589 3895 1590 3984; x_wconf 65' lang='grc' dir='ltr'>Ϊ</span> 
     </span>
     <span class='ocr_line' id='line_1_40' title="bbox 237 3991 1590 4078; baseline 0.004 -22"><span class='ocrx_word' id='word_1_365' title='bbox 237 3991 332 4056; x_wconf 88' lang='lat' dir='ltr'>Officii</span> <span class='ocrx_word' id='word_1_366' title='bbox 347 3995 557 4059; x_wconf 87' lang='lat' dir='ltr'>recitationem</span> <span class='ocrx_word' id='word_1_367' title='bbox 571 3995 599 4057; x_wconf 92' lang='lat' dir='ltr'>ei</span> <span class='ocrx_word' id='word_1_368' title='bbox 618 3996 761 4058; x_wconf 88' lang='lat' dir='ltr'>notabilis</span> <span class='ocrx_word' id='word_1_369' title='bbox 776 3997 904 4078; x_wconf 64' lang='lat' dir='ltr'>muodo</span> <span class='ocrx_word' id='word_1_370' title='bbox 917 3991 1041 4078; x_wconf 89' lang='lat' dir='ltr'>capitis,</span> <span class='ocrx_word' id='word_1_371' title='bbox 1058 3997 1106 4060; x_wconf 87' lang='lat' dir='ltr'>vel</span> <span class='ocrx_word' id='word_1_372' title='bbox 1119 3995 1254 4059; x_wconf 88' lang='lat' dir='ltr'>cruditas</span> <span class='ocrx_word' id='word_1_373' title='bbox 1273 3997 1421 4060; x_wconf 82' lang='lat' dir='ltr'>stomachi</span> <span class='ocrx_word' id='word_1_374' title='bbox 1434 4045 1442 4072; x_wconf 97' lang='lat'>,</span> <span class='ocrx_word' id='word_1_375' title='bbox 1455 4005 1512 4061; x_wconf 91' lang='lat' dir='ltr'>aut</span> <span class='ocrx_word' id='word_1_376' title='bbox 1589 4023 1590 4076; x_wconf 70' lang='lat'>3</span> 
     </span>
     <span class='ocr_line' id='line_1_41' title="bbox 149 4080 1590 4169; baseline 0.004 -25"><span class='ocrx_word' id='word_1_377' title='bbox 149 4089 155 4108; x_wconf 77' lang='lat'><strong>·</strong></span> <span class='ocrx_word' id='word_1_378' title='bbox 238 4080 356 4144; x_wconf 80' lang='lat' dir='ltr'>virium</span> <span class='ocrx_word' id='word_1_379' title='bbox 367 4081 531 4160; x_wconf 86' lang='lat' dir='ltr'>lassitudo,</span> <span class='ocrx_word' id='word_1_380' title='bbox 545 4089 600 4147; x_wconf 85' lang='lat' dir='ltr'>aut</span> <span class='ocrx_word' id='word_1_381' title='bbox 614 4083 698 4147; x_wconf 89' lang='lat' dir='ltr'>aliud</span> <span class='ocrx_word' id='word_1_382' title='bbox 712 4103 802 4165; x_wconf 84' lang='lat' dir='ltr'>grave</span> <span class='ocrx_word' id='word_1_383' title='bbox 816 4084 1047 4150; x_wconf 82' lang='lat' dir='ltr'>incommodum</span> <span class='ocrx_word' id='word_1_384' title='bbox 1061 4083 1131 4147; x_wconf 89' lang='lat' dir='ltr'>inde</span> <span class='ocrx_word' id='word_1_385' title='bbox 1146 4083 1356 4164; x_wconf 77' lang='grc'>0101011101-</span> <span class='ocrx_word' id='word_1_386' title='bbox 1370 4085 1407 4148; x_wconf 87' lang='lat' dir='ltr'>S.</span> <span class='ocrx_word' id='word_1_387' title='bbox 1421 4084 1510 4169; x_wconf 73' lang='lat' dir='ltr'>Lip,</span> <span class='ocrx_word' id='word_1_388' title='bbox 1589 4107 1590 4122; x_wconf 64' lang='lat'>³</span> 
     </span>
    </p>
   </div>
   <div class='ocr_carea' id='block_1_26' title="bbox 237 4171 483 4245">
    <p class='ocr_par' dir='ltr' id='par_1_27' title="bbox 237 4171 483 4245">
     <span class='ocr_line' id='line_1_42' title="bbox 237 4171 483 4245; baseline 0.008 -13"><span class='ocrx_word' id='word_1_389' title='bbox 237 4189 269 4232; x_wconf 84' lang='lat' dir='ltr'>a.</span> <span class='ocrx_word' id='word_1_390' title='bbox 283 4173 357 4245; x_wconf 74' lang='lat' dir='ltr'>tet,</span> <span class='ocrx_word' id='word_1_391' title='bbox 375 4179 438 4232; x_wconf 85' lang='lat' dir='ltr'>not.</span> <span class='ocrx_word' id='word_1_392' title='bbox 455 4171 483 4234; x_wconf 84' lang='lat' dir='ltr'>I.</span> 
     </span>
    </p>
   </div>
   <div class='ocr_carea' id='block_1_27' title="bbox 239 4257 1513 4434">
    <p class='ocr_par' dir='ltr' id='par_1_28' title="bbox 239 4231 1590 4438">
     <span class='ocr_line' id='line_1_43' title="bbox 279 4257 1513 4346; baseline 0.003 -23"><span class='ocrx_word' id='word_1_393' title='bbox 279 4263 312 4323; x_wconf 93' lang='grc'>30</span> <span class='ocrx_word' id='word_1_394' title='bbox 326 4258 542 4324; x_wconf 78' lang='grc'>(101111000010</span> <span class='ocrx_word' id='word_1_395' title='bbox 560 4281 597 4325; x_wconf 83' lang='lat' dir='ltr'>ex</span> <span class='ocrx_word' id='word_1_396' title='bbox 615 4262 701 4343; x_wconf 76' lang='lat' dir='ltr'>gravi</span> <span class='ocrx_word' id='word_1_397' title='bbox 717 4263 824 4326; x_wconf 91' lang='lat' dir='ltr'>morbo</span> <span class='ocrx_word' id='word_1_398' title='bbox 836 4281 890 4344; x_wconf 89' lang='lat' dir='ltr'>per</span> <span class='ocrx_word' id='word_1_399' title='bbox 905 4257 1022 4345; x_wconf 80' lang='lat' dir='ltr'>aliquot</span> <span class='ocrx_word' id='word_1_400' title='bbox 1039 4262 1104 4327; x_wconf 87' lang='lat' dir='ltr'>dies</span> <span class='ocrx_word' id='word_1_401' title='bbox 1117 4263 1255 4327; x_wconf 84' lang='lat' dir='ltr'>excusari</span> <span class='ocrx_word' id='word_1_402' title='bbox 1271 4270 1370 4346; x_wconf 84' lang='lat' dir='ltr'>potest</span> <span class='ocrx_word' id='word_1_403' title='bbox 1381 4264 1420 4325; x_wconf 89' lang='lat' dir='ltr'>ad</span> <span class='ocrx_word' id='word_1_404' title='bbox 1431 4263 1513 4327; x_wconf 91' lang='lat' dir='ltr'>arbi·</span> 
     </span>
     <span class='ocr_line' id='line_1_44' title="bbox 239 4346 1512 4434; baseline 0.004 -25"><span class='ocrx_word' id='word_1_405' title='bbox 239 4346 337 4411; x_wconf 91' lang='lat' dir='ltr'>trium</span> <span class='ocrx_word' id='word_1_406' title='bbox 361 4347 536 4430; x_wconf 89' lang='lat' dir='ltr'>prudentis,</span> <span class='ocrx_word' id='word_1_407' title='bbox 552 4351 646 4414; x_wconf 87' lang='lat' dir='ltr'>donec</span> <span class='ocrx_word' id='word_1_408' title='bbox 662 4351 742 4415; x_wconf 80' lang='lat' dir='ltr'>uires</span> <span class='ocrx_word' id='word_1_409' title='bbox 766 4351 951 4416; x_wconf 86' lang='lat' dir='ltr'>reficiantur.</span> <span class='ocrx_word' id='word_1_410' title='bbox 974 4355 1015 4415; x_wconf 84' lang='lat' dir='ltr'>Et</span> <span class='ocrx_word' id='word_1_411' title='bbox 1032 4351 1090 4416; x_wconf 93' lang='grc'>1100</span> <span class='ocrx_word' id='word_1_412' title='bbox 1113 4352 1237 4416; x_wconf 87' lang='lat' dir='ltr'>admitti</span> <span class='ocrx_word' id='word_1_413' title='bbox 1257 4356 1373 4434; x_wconf 90' lang='lat' dir='ltr'>potest,</span> <span class='ocrx_word' id='word_1_414' title='bbox 1387 4351 1512 4415; x_wconf 88' lang='lat' dir='ltr'>etiamsi</span> 
     </span>
    </p>
   </div>
   <div class='ocr_carea' id='block_1_28' title="bbox 238 4435 1203 4523">
    <p class='ocr_par' dir='ltr' id='par_1_29' title="bbox 238 4435 1203 4523">
     <span class='ocr_line' id='line_1_45' title="bbox 238 4435 1203 4523; baseline 0.007 -26"><span class='ocrx_word' id='word_1_415' title='bbox 238 4435 381 4500; x_wconf 88' lang='lat' dir='ltr'>infirmus</span> <span class='ocrx_word' id='word_1_416' title='bbox 395 4435 521 4499; x_wconf 84' lang='lat' dir='ltr'>Missam</span> <span class='ocrx_word' id='word_1_417' title='bbox 530 4441 598 4519; x_wconf 84' lang='lat' dir='ltr'>jam</span> <span class='ocrx_word' id='word_1_418' title='bbox 612 4440 750 4505; x_wconf 88' lang='lat' dir='ltr'>celebret.</span> <span class='ocrx_word' id='word_1_419' title='bbox 765 4476 805 4486; x_wconf 95' lang='lat'><em>-</em></span> <span class='ocrx_word' id='word_1_420' title='bbox 819 4440 855 4503; x_wconf 89' lang='lat' dir='ltr'>S.</span> <span class='ocrx_word' id='word_1_421' title='bbox 871 4441 955 4523; x_wconf 75' lang='lat' dir='ltr'>bip,</span> <span class='ocrx_word' id='word_1_422' title='bbox 973 4440 1062 4520; x_wconf 78' lang='lat' dir='ltr'>itit,</span> <span class='ocrx_word' id='word_1_423' title='bbox 1079 4451 1141 4506; x_wconf 86' lang='lat' dir='ltr'>aot.</span> <span class='ocrx_word' id='word_1_424' title='bbox 1157 4442 1203 4504; x_wconf 87' lang='lat'>11.</span> 
     </span>
    </p>
   </div>
   <div class='ocr_carea' id='block_1_29' title="bbox 278 4525 1512 4612">
    <p class='ocr_par' dir='ltr' id='par_1_30' title="bbox 278 4493 1590 4612">
     <span class='ocr_line' id='line_1_46' title="bbox 278 4525 1512 4612; baseline 0.004 -23"><span class='ocrx_word' id='word_1_425' title='bbox 278 4529 312 4589; x_wconf 84' lang='grc'>10</span> <span class='ocrx_word' id='word_1_426' title='bbox 330 4527 502 4590; x_wconf 82' lang='lat' dir='ltr'>Excusatur</span> <span class='ocrx_word' id='word_1_427' title='bbox 522 4525 617 4589; x_wconf 88' lang='lat' dir='ltr'>etiam</span> <span class='ocrx_word' id='word_1_428' title='bbox 636 4529 691 4610; x_wconf 91' lang='lat' dir='ltr'>qui</span> <span class='ocrx_word' id='word_1_429' title='bbox 712 4535 846 4612; x_wconf 84' lang='lat' dir='ltr'>tempore</span> <span class='ocrx_word' id='word_1_430' title='bbox 861 4527 1080 4612; x_wconf 89' lang='lat' dir='ltr'>persecutionis</span> <span class='ocrx_word' id='word_1_431' title='bbox 1097 4530 1204 4605; x_wconf 90' lang='lat' dir='ltr'>timet,</span> <span class='ocrx_word' id='word_1_432' title='bbox 1221 4547 1259 4592; x_wconf 91' lang='lat' dir='ltr'>ne</span> <span class='ocrx_word' id='word_1_433' title='bbox 1273 4547 1311 4592; x_wconf 84' lang='lat' dir='ltr'>ex</span> <span class='ocrx_word' id='word_1_434' title='bbox 1331 4528 1512 4594; x_wconf 87' lang='lat' dir='ltr'>recitatione</span> 
     </span>
    </p>
   </div>
   <div class='ocr_carea' id='block_1_30' title="bbox 0 0 1604 5034">
    <p class='ocr_par' dir='ltr' id='par_1_31' title="bbox 0 0 1604 5034">
     <span class='ocr_line' id='line_1_47' title="bbox 0 0 1604 5034; baseline 0 0"><span class='ocrx_word' id='word_1_435' title='bbox 0 0 1604 5034; x_wconf 95' lang='lat' dir='ltr'> </span> 
     </span>
    </p>
   </div>
  </div>
 </body>
</html>
