3224 5044
628 241 672 286 ne
692 240 919 286 uarnrnoruo
1341 229 1409 289 333

177 359 268 441 Resp.
285 362 317 419 t·
334 375 341 418 :
358 353 463 430 Quoad
477 351 662 415 validitatem
679 371 745 432 nep.
762 370 900 431 prorsns;
915 353 988 433 quia
1002 371 1166 416 consensus
1180 361 1342 433 parentum
1354 375 1410 418 nec

135 453 205 530 jure
219 443 369 520 naturali,
388 461 444 505 neo
464 441 595 522 positivo
614 437 794 520 requiritur.
811 442 853 502 Aa
873 447 905 502 t⁰
919 459 980 503 non
989 442 1064 522 jare
1082 442 1236 519 natarati;
1252 443 1326 522 quia
1340 463 1410 507 con·

141 537 294 600 trahentes
308 532 423 594 habent
436 537 616 611 potestatem
630 527 663 590 in
678 529 836 609 proprium
847 547 970 610 corpus,
985 547 1040 592 nec
1052 535 1192 610 parentes
1203 529 1317 594 habent
1329 539 1411 612 pote

138 629 250 686 statem
265 622 299 683 in
314 639 423 701 corpus
440 618 574 682 filiorum
589 635 716 680 suorum
732 617 765 678 iu
780 617 887 679 ordine
905 619 944 680 ad
958 617 1209 692 matrimonium,
1227 637 1312 681 secus
1326 620 1410 682 enim

138 709 336 776 matrimonia
350 727 457 771 eorum
470 707 593 770 irritare
607 711 744 787 possent,
766 705 831 767 sive
844 709 944 787 juste,
961 706 1025 768 sive
1042 707 1174 788 injuste,
1190 709 1271 788 quod
1285 709 1411 771 omnino

139 803 300 881 repugnat,
322 804 353 861 et
372 797 476 860 sensui
494 794 653 859 communi
666 793 830 857 hominum
846 796 1035 858 adversatur.
1055 799 1086 858 2⁰
1107 799 1165 859 Nec
1175 797 1249 877 jare
1261 801 1413 878 pe=itioo;

137 907 211 952 nam
227 889 254 950 Τ
252 888 324 966 rid,
343 907 411 950 ress.
429 888 533 959 XXIV,
550 906 577 948 c.
594 903 620 958 r,
637 883 830 946 anathemate
842 884 991 964 percussit
1004 901 1069 958 eos,
1086 883 1140 966 qui
1158 885 1235 965 {aaa
1249 885 1412 966 aspirarent

136 978 333 1042 Matrimonia
348 998 368 1037 a
385 973 599 1058 filiissamilias
617 974 682 1034 sine
707 992 848 1034 consensa
870 983 1032 1056 parentam
1050 983 1204 1035 contracta
1223 977 1316 1056 irrita
1334 995 1409 1047 esse,

137 1076 165 1128 et
178 1074 321 1149 parentes
341 1086 376 1125 ea
394 1073 465 1126 rata
485 1061 533 1124 vel
554 1063 647 1124 irrita
663 1062 762 1142 facere
777 1081 873 1144 posse.
895 1063 981 1138 Quod
1002 1061 1093 1124 silex
1112 1062 1210 1124 civilis
1230 1082 1413 1127 consensum
1492 1137 1497 1152 1

137 1159 300 1236 parentum
314 1153 446 1235 requirit
457 1153 495 1214 ad
510 1152 644 1214 valorem
658 1149 864 1224 matrimonii,
881 1153 946 1232 ejus
961 1150 1008 1212 vis
1022 1169 1084 1212 non
1100 1151 1287 1228 extenditur,
1303 1153 1364 1215 nisi
1374 1153 1412 1216 ad

138 1243 263 1306 effectus
274 1261 356 1304 mere
370 1241 483 1304 civiles.
500 1276 541 1286 -
554 1239 606 1301 Ita
618 1242 813 1301 communiter
825 1259 924 1300 omnes
942 1239 1071 1322 theologi
1079 1239 1231 1302 catholici.

176 1333 265 1408 Rerp.
278 1337 311 1394 2⁰
326 1351 333 1393 ε
348 1331 453 1408 Quoad
464 1331 624 1390 lireitatem
634 1328 751 1410 affirm.
765 1332 932 1410 pancratim
944 1327 1100 1410 loquenda.
1114 1331 1239 1392 Constat
1253 1335 1285 1391 t⁰
1299 1330 1414 1409 enjare

139 1422 290 1495 natarali,
310 1419 384 1500 quia
398 1419 454 1481 filii
465 1419 576 1481 debent
586 1416 764 1498 parentibus
773 1417 935 1492 honorem,
952 1415 1154 1481 reverentiam
1168 1425 1199 1479 et
1213 1418 1411 1498 obsequium,

137 1509 309 1590 praesertim
325 1507 359 1572 in
370 1507 410 1570 iis
427 1525 495 1588 quae
510 1507 549 1569 ad
563 1513 660 1569 totam
679 1505 830 1568 familiam
847 1511 996 1586 spectant,
1013 1505 1184 1587 cujusmodi
1196 1513 1244 1568 est
1257 1507 1413 1570 Matrimo-

139 1597 243 1671 nium,
258 1615 367 1677 exque
383 1595 551 1676 sepissime
562 1595 695 1677 pendent
707 1595 803 1656 honor
817 1601 848 1657 et
859 1614 917 1674 pax
929 1594 1135 1670 familiarum,
1149 1599 1205 1657 etc.
1216 1615 1223 1671 ;
1236 1599 1269 1658 ⁶2⁰
1282 1615 1319 1658 ex
1336 1596 1415 1658 Con-

138 1687 210 1748 cilio
230 1686 411 1748 Tridentino
426 1685 543 1766 stitit),
560 1684 669 1745 saltem
678 1685 769 1764 juxta
780 1684 944 1762 quosdam,
959 1683 1013 1762 qui
1025 1683 1089 1744 haec
1103 1683 1211 1745 verba:
1230 1684 1344 1745 Sancta
1358 1684 1415 1746 Dei

137 1775 279 1836 Ecclesia
302 1773 357 1834 illa
374 1790 489 1854 semper
509 1772 657 1832 detestata
678 1779 720 1830 est
741 1779 832 1850 atque
850 1770 1027 1851 prohibuit,
1042 1788 1103 1832 non
1122 1772 1221 1832 solum
1239 1771 1278 1832 ad
1296 1773 1416 1833 clande-

138 1861 238 1934 stina,
259 1860 311 1922 sed
329 1861 368 1922 ad
384 1859 580 1921 Matrimonia
592 1858 685 1919 etiam
701 1858 766 1918 sine
781 1875 930 1920 consensu
943 1863 1106 1938 parentum
1121 1858 1200 1920 inita
1213 1859 1357 1922 referunt.
1376 1897 1414 1904 —

139 1951 290 2012 Caeterum
304 1946 541 2010 controvertitur
555 1952 664 2008 utram
682 1945 747 2008 haec
767 1945 910 2024 obligatio
929 1947 971 2008 sit
989 1945 1090 2024 graiis
1110 1964 1212 2009 necne.
1230 1983 1269 1992 -
1283 1947 1319 2009 S.
1340 1948 1411 2029 Lip.

140 2059 170 2098 a.
188 2040 259 2102 8t9.

179 2129 250 2188 755.
264 2161 304 2171 -
317 2127 419 2201 Quae.
440 2129 473 2188 8⁰
490 2125 540 2186 An
560 2123 623 2205 fita·
638 2123 823 2204 aliquanda,
843 2126 947 2185 invitis
968 2123 1165 2205 parentibus,
1185 2123 1415 2188 Matrimonium

139 2213 318 2276 contrahere
327 2211 466 2296 possint?

179 2303 267 2384 Hesp.
281 2304 307 2364 A
312 2303 423 2384 sfirm,
441 2302 467 2364 si
482 2309 622 2382 parentes
641 2301 756 2380 injuste
774 2319 956 2364 consensum
974 2309 1123 2364 recusent.
1142 2304 1254 2364 Verum
1274 2322 1345 2366 cum
1358 2305 1416 2366 hac

139 2392 174 2455 in
188 2410 220 2455 re
232 2391 316 2454 facile
329 2390 518 2454 filiifamilias
531 2389 590 2452 sibi
600 2389 707 2452 iocum
718 2389 844 2466 iaciant,
858 2397 1024 2471 antequam
1038 2390 1163 2471 nuptias
1175 2390 1335 2465 celebrent,
1345 2411 1415 2456 con·

140 2481 238 2543 suiere
257 2481 369 2543 debent
390 2479 472 2543 viros
494 2480 659 2560 prudentes
682 2485 712 2540 et
735 2478 905 2559 praesertim
932 2479 1152 2554 confessarios,
1177 2497 1216 2542 ne
1238 2480 1273 2542 in
1294 2499 1326 2543 re
1350 2489 1415 2544 tam

140 2569 227 2648 gravi
250 2569 406 2650 tantisque
428 2569 518 2650 plena
538 2567 679 2649 perieulis
703 2567 915 2649 imprudenter
935 2573 1028 2648 agant
1053 2568 1172 2649 proprio
1188 2569 1304 2649 judicio
1323 2570 1414 2633 conii-

141 2659 257 2721 dentes.
983 2683 986 2692 ·

181 2750 251 2808 756.
267 2780 308 2791 -
321 2750 423 2820 Quae.
439 2749 472 2808 9ο
490 2745 572 2820 Quid
587 2740 735 2826 agendam
756 2746 947 2828 Confessario
969 2746 1016 2807 ael
1032 2745 1184 2819 Par-aelio,
1205 2747 1325 2826 qnando
1338 2748 1416 2827 fitti-

143 2833 294 2910 samilias,
310 2835 416 2894 inuitis
426 2831 620 2914 parentibus,
636 2834 862 2895 Matrimonium
877 2838 958 2894 inire
972 2831 1091 2894 volant?

182 2919 272 3000 lietp.
285 2924 337 2981 1⁰:
354 2921 456 2993 Quoad
469 2919 711 3000 Consessoriam,
727 2922 895 3000 generatim
906 2921 1057 3001 loquendo
1070 2925 1170 3001 partes
1184 2926 1346 3000 parentum
1362 2943 1416 3004 pro

145 3006 227 3070 virili
242 3007 323 3070 tueri
337 3007 439 3082 debet;
456 3007 531 3087 ipsis
550 3007 633 3069 enim
652 3009 821 3087 generatim
839 3008 1038 3089 presumptio
1051 3008 1150 3071 favere
1163 3017 1313 3073 censetur.
1330 3013 1417 3072 Atta·

143 3095 256 3160 mensi
271 3095 343 3171 iiiii,
360 3095 446 3176 gravi
459 3095 577 3158 ratione
591 3095 692 3170 ducti,
705 3095 853 3176 legalibus
868 3097 997 3159 serratis
1009 3096 1251 3173 conditionibus,
1267 3097 1300 3160 in
1315 3099 1417 3163 Matri-

143 3185 247 3248 monio
269 3185 405 3246 ineundo
425 3183 605 3264 persistant,
626 3182 819 3264 inquietandi
838 3204 900 3248 non
921 3185 1076 3247 videntur.
1093 3219 1134 3230 —
1153 3187 1204 3247 Ita
1220 3189 1419 3248 communiter

143 3293 214 3337 cum
230 3272 361 3336 Gaasset.

186 3363 273 3445 llesp.
291 3366 325 3424 2⁰
341 3381 349 3423 :
367 3362 471 3437 Quoad
486 3361 673 3440 Perpetem,
690 3361 886 3425 Matrimonia
900 3360 1041 3424 assistere
1060 3379 1122 3424 non
1135 3363 1224 3425 debet
1236 3362 1298 3426 nisi
1314 3362 1418 3425 adim-

144 3452 233 3532 pletis
247 3449 475 3515 oonditionihus
489 3453 562 3512 ture
577 3449 660 3513 civili
673 3449 874 3531 prescriptis,
889 3450 963 3532 quia
975 3449 1113 3512 Ecclesia
1126 3469 1188 3513 non
1201 3452 1416 3515 adversantur.

144 3575 184 3587 ·-
199 3539 335 3618 Gareatai,
349 3561 380 3601 n.
394 3543 464 3603 839.

653 3704 865 3769 ARTICULUS
885 3707 911 3766 ll

289 3877 327 3921 DE
347 3875 598 3921 rnorntrt'rnrlnus
621 3875 818 3934 utrumnum,
841 3877 970 3922 scrutur
994 3877 1030 3921 DE
1053 3877 1119 3922 EJUS
1141 3875 1273 3921 UNITATE

672 3967 709 4010 ΕΤ
730 3966 894 4014 rtntssrtra

516 4137 534 4218 ξ
551 4135 577 4202 1.
598 4135 646 4202 De
659 4139 792 4204 enitare
805 4137 1042 4206 Matrimonii.

187 4321 257 4382 rui.
273 4353 311 4364 -
326 4317 436 4382 Unitas
449 4319 639 4382 Matrimonii
653 4321 687 4382 in
699 4339 733 4384 eo
747 4321 807 4384 sita
818 4329 879 4395 est,
896 4323 977 4402 quod
992 4321 1222 4386 Matrimonium
1237 4323 1278 4385 sit
1292 4323 1419 4402 conjun-

148 4406 207 4469 ctio
220 4405 316 4470 unius
331 4405 391 4469 viri
404 4425 475 4470 cum
486 4425 550 4470 uua
562 4407 701 4472 immina.

188 4500 222 4558 i⁰
235 4498 361 4560 Certum
380 4501 441 4572 ert,
458 4495 672 4580 polyandriam
691 4515 826 4580 pugnare
841 4515 911 4562 cum
926 4499 988 4580 tege
1002 4498 1152 4574 naturali,
1167 4500 1240 4581 quia
1259 4497 1421 4581 precipuis
