<?xml version="1.0" encoding="UTF-8"?>
<!DOCTYPE html PUBLIC "-//W3C//DTD XHTML 1.0 Transitional//EN"
    "http://www.w3.org/TR/xhtml1/DTD/xhtml1-transitional.dtd">
<html xmlns="http://www.w3.org/1999/xhtml" xml:lang="en" lang="en">
 <head>
  <title>
</title>
<meta http-equiv="Content-Type" content="text/html;charset=utf-8" />
  <meta name='ocr-system' content='tesseract 3.04.00' />
  <meta name='ocr-capabilities' content='ocr_page ocr_carea ocr_par ocr_line ocrx_word'/>
</head>
<body>
  <div class='ocr_page' id='page_1' title='image "./compendiumtheol03gurygoog_0360.png"; bbox 0 0 3224 5044; ppageno 0'>
   <div class='ocr_carea' id='block_1_1' title="bbox 631 211 1412 272">
    <p class='ocr_par' dir='ltr' id='par_1_1' title="bbox 631 211 1412 272">
     <span class='ocr_line' id='line_1_1' title="bbox 631 211 1412 272; baseline 0.01 -8"><span class='ocrx_word' id='word_1_1' title='bbox 631 221 674 265; x_wconf 84' lang='lat' dir='ltr'><em>na</em></span> <span class='ocrx_word' id='word_1_2' title='bbox 693 221 923 268; x_wconf 77' lang='lat' dir='ltr'><em>uararuonro</em></span> <span class='ocrx_word' id='word_1_3' title='bbox 1346 211 1412 272; x_wconf 80' lang='lat' dir='ltr'><em>att</em></span> 
     </span>
    </p>
   </div>
   <div class='ocr_carea' id='block_1_2' title="bbox 129 330 1413 4226">
    <p class='ocr_par' dir='ltr' id='par_1_2' title="bbox 134 330 1412 503">
     <span class='ocr_line' id='line_1_2' title="bbox 176 330 1412 414; baseline 0.002 -19"><span class='ocrx_word' id='word_1_4' title='bbox 176 335 278 407; x_wconf 79' lang='lat' dir='ltr'><em>Qum.</em></span> <span class='ocrx_word' id='word_1_5' title='bbox 296 333 328 394; x_wconf 78' lang='grc' dir='ltr'><em>3ο</em></span> <span class='ocrx_word' id='word_1_6' title='bbox 340 332 392 394; x_wconf 88' lang='lat' dir='ltr'><em>An</em></span> <span class='ocrx_word' id='word_1_7' title='bbox 416 330 491 410; x_wconf 73' lang='lat' dir='ltr'><em>tepea</em></span> <span class='ocrx_word' id='word_1_8' title='bbox 510 330 659 391; x_wconf 75' lang='lat' dir='ltr'><em>Ecclesia</em></span> <span class='ocrx_word' id='word_1_9' title='bbox 678 333 891 394; x_wconf 74' lang='lat' dir='ltr'><em>constituentes</em></span> <span class='ocrx_word' id='word_1_10' title='bbox 910 332 1126 414; x_wconf 80' lang='lat' dir='ltr'><em>impedimenta</em></span> <span class='ocrx_word' id='word_1_11' title='bbox 1145 333 1337 409; x_wconf 84' lang='lat' dir='ltr'><em>dirimentia,</em></span> <span class='ocrx_word' id='word_1_12' title='bbox 1360 357 1412 397; x_wconf 89' lang='lat' dir='ltr'><em>ur-</em></span> 
     </span>
     <span class='ocr_line' id='line_1_3' title="bbox 134 420 1362 503; baseline 0.003 -21"><span class='ocrx_word' id='word_1_13' title='bbox 134 431 224 503; x_wconf 71' lang='lat' dir='ltr'><em>oeant</em></span> <span class='ocrx_word' id='word_1_14' title='bbox 240 420 329 482; x_wconf 88' lang='lat' dir='ltr'><em>etiam</em></span> <span class='ocrx_word' id='word_1_15' title='bbox 344 420 376 480; x_wconf 90' lang='lat' dir='ltr'><em>in</em></span> <span class='ocrx_word' id='word_1_16' title='bbox 392 438 464 482; x_wconf 83' lang='lat' dir='ltr'><em>casu</em></span> <span class='ocrx_word' id='word_1_17' title='bbox 477 420 652 499; x_wconf 75' lang='lat' dir='ltr'><em>pravissimi</em></span> <span class='ocrx_word' id='word_1_18' title='bbox 666 421 865 500; x_wconf 80' lang='lat' dir='ltr'><em>incommodi,</em></span> <span class='ocrx_word' id='word_1_19' title='bbox 884 442 912 482; x_wconf 88' lang='lat' dir='ltr'><em>a.</em></span> <span class='ocrx_word' id='word_1_20' title='bbox 929 442 991 503; x_wconf 75' lang='lat' dir='ltr'><em>pm,</em></span> <span class='ocrx_word' id='word_1_21' title='bbox 1003 420 1136 502; x_wconf 86' lang='lat' dir='ltr'><em>periculi</em></span> <span class='ocrx_word' id='word_1_22' title='bbox 1148 424 1269 496; x_wconf 82' lang='lat' dir='ltr'><em>mortis,</em></span> <span class='ocrx_word' id='word_1_23' title='bbox 1285 427 1362 486; x_wconf 85' lang='lat' dir='ltr'><em>eta?</em></span> 
     </span>
    </p>

    <p class='ocr_par' dir='ltr' id='par_1_3' title="bbox 133 507 1412 1032">
     <span class='ocr_line' id='line_1_4' title="bbox 177 507 1412 592; baseline 0.003 -21"><span class='ocrx_word' id='word_1_24' title='bbox 177 509 265 592; x_wconf 83' lang='lat' dir='ltr'><em>Resp.</em></span> <span class='ocrx_word' id='word_1_25' title='bbox 283 509 415 590; x_wconf 70' lang='lat' dir='ltr'><em>Affinn,</em></span> <span class='ocrx_word' id='word_1_26' title='bbox 429 507 503 590; x_wconf 82' lang='lat' dir='ltr'><em>qnia</em></span> <span class='ocrx_word' id='word_1_27' title='bbox 515 527 552 570; x_wconf 85' lang='lat' dir='ltr'><em>ex</em></span> <span class='ocrx_word' id='word_1_28' title='bbox 565 507 655 570; x_wconf 89' lang='lat' dir='ltr'><em>dictis</em></span> <span class='ocrx_word' id='word_1_29' title='bbox 669 508 853 588; x_wconf 76' lang='lat' dir='ltr'><em>ignorantia,</em></span> <span class='ocrx_word' id='word_1_30' title='bbox 868 509 1161 584; x_wconf 88' lang='lat' dir='ltr'><em>etiamomnimoda,</em></span> <span class='ocrx_word' id='word_1_31' title='bbox 1173 510 1306 573; x_wconf 85' lang='lat' dir='ltr'><em>habilem</em></span> <span class='ocrx_word' id='word_1_32' title='bbox 1317 512 1412 576; x_wconf 85' lang='lat' dir='ltr'><em>iacere</em></span> 
     </span>
     <span class='ocr_line' id='line_1_5' title="bbox 135 597 1411 680; baseline 0.003 -20"><span class='ocrx_word' id='word_1_33' title='bbox 135 599 245 677; x_wconf 87' lang='lat' dir='ltr'><em>nequit</em></span> <span class='ocrx_word' id='word_1_34' title='bbox 257 599 295 660; x_wconf 87' lang='lat' dir='ltr'><em>ad</em></span> <span class='ocrx_word' id='word_1_35' title='bbox 309 597 542 662; x_wconf 73' lang='lat' dir='ltr'><em>Matrimonium</em></span> <span class='ocrx_word' id='word_1_36' title='bbox 559 599 648 660; x_wconf 89' lang='lat' dir='ltr'><em>illum</em></span> <span class='ocrx_word' id='word_1_37' title='bbox 663 597 717 678; x_wconf 88' lang='lat' dir='ltr'><em>qni</em></span> <span class='ocrx_word' id='word_1_38' title='bbox 731 617 786 678; x_wconf 86' lang='lat' dir='ltr'><em>per</em></span> <span class='ocrx_word' id='word_1_39' title='bbox 799 599 896 678; x_wconf 84' lang='lat' dir='ltr'><em>legem</em></span> <span class='ocrx_word' id='word_1_40' title='bbox 909 598 1056 660; x_wconf 86' lang='lat' dir='ltr'><em>inhabilis</em></span> <span class='ocrx_word' id='word_1_41' title='bbox 1071 598 1206 676; x_wconf 78' lang='lat' dir='ltr'><em>exsistit3</em></span> <span class='ocrx_word' id='word_1_42' title='bbox 1227 617 1298 680; x_wconf 80' lang='lat' dir='ltr'><em>ergo</em></span> <span class='ocrx_word' id='word_1_43' title='bbox 1313 602 1411 664; x_wconf 88' lang='lat' dir='ltr'><em>multo</em></span> 
     </span>
     <span class='ocr_line' id='line_1_6' title="bbox 135 686 1409 768; baseline 0.004 -21"><span class='ocrx_word' id='word_1_44' title='bbox 135 686 241 748; x_wconf 90' lang='lat' dir='ltr'><em>minus</em></span> <span class='ocrx_word' id='word_1_45' title='bbox 265 691 367 748; x_wconf 86' lang='lat' dir='ltr'><em>matus</em></span> <span class='ocrx_word' id='word_1_46' title='bbox 391 686 513 761; x_wconf 89' lang='lat' dir='ltr'><em>damni,</em></span> <span class='ocrx_word' id='word_1_47' title='bbox 530 692 586 748; x_wconf 88' lang='lat' dir='ltr'><em>etc.</em></span> <span class='ocrx_word' id='word_1_48' title='bbox 608 687 685 748; x_wconf 89' lang='lat' dir='ltr'><em>Hinc</em></span> <span class='ocrx_word' id='word_1_49' title='bbox 706 687 732 748; x_wconf 92' lang='lat' dir='ltr'><em>si</em></span> <span class='ocrx_word' id='word_1_50' title='bbox 751 687 820 767; x_wconf 91' lang='lat' dir='ltr'><em>quis</em></span> <span class='ocrx_word' id='word_1_51' title='bbox 840 687 991 750; x_wconf 80' lang='lat' dir='ltr'><em>contraxit</em></span> <span class='ocrx_word' id='word_1_52' title='bbox 1007 687 1281 767; x_wconf 76' lang='lat' dir='ltr'><em>impedimentum,</em></span> <span class='ocrx_word' id='word_1_53' title='bbox 1302 708 1334 752; x_wconf 77' lang='lat' dir='ltr'><em>n.</em></span> <span class='ocrx_word' id='word_1_54' title='bbox 1350 708 1409 768; x_wconf 77' lang='lat' dir='ltr'><em>gn,</em></span> 
     </span>
     <span class='ocr_line' id='line_1_7' title="bbox 135 773 1410 857; baseline 0.004 -22"><span class='ocrx_word' id='word_1_55' title='bbox 135 773 295 836; x_wconf 87' lang='lat' dir='ltr'><em>affinitatis</em></span> <span class='ocrx_word' id='word_1_56' title='bbox 310 793 381 837; x_wconf 87' lang='lat' dir='ltr'><em>cum</em></span> <span class='ocrx_word' id='word_1_57' title='bbox 405 793 514 855; x_wconf 86' lang='lat' dir='ltr'><em>sponsa</em></span> <span class='ocrx_word' id='word_1_58' title='bbox 531 794 586 837; x_wconf 90' lang='lat' dir='ltr'><em>sna</em></span> <span class='ocrx_word' id='word_1_59' title='bbox 605 776 641 836; x_wconf 91' lang='lat' dir='ltr'><em>de</em></span> <span class='ocrx_word' id='word_1_60' title='bbox 655 774 758 838; x_wconf 83' lang='lat' dir='ltr'><em>fatarro</em></span> <span class='ocrx_word' id='word_1_61' title='bbox 777 776 814 838; x_wconf 90' lang='lat' dir='ltr'><em>ob</em></span> <span class='ocrx_word' id='word_1_62' title='bbox 829 775 1061 838; x_wconf 86' lang='lat' dir='ltr'><em>fornicationem</em></span> <span class='ocrx_word' id='word_1_63' title='bbox 1076 794 1147 838; x_wconf 88' lang='lat' dir='ltr'><em>curn</em></span> <span class='ocrx_word' id='word_1_64' title='bbox 1167 780 1233 857; x_wconf 86' lang='lat' dir='ltr'><em>ejus</em></span> <span class='ocrx_word' id='word_1_65' title='bbox 1250 796 1366 854; x_wconf 89' lang='lat' dir='ltr'><em>sorore,</em></span> <span class='ocrx_word' id='word_1_66' title='bbox 1380 785 1410 840; x_wconf 89' lang='lat' dir='ltr'><em>et</em></span> 
     </span>
     <span class='ocr_line' id='line_1_8' title="bbox 135 863 1411 944; baseline 0.003 -20"><span class='ocrx_word' id='word_1_67' title='bbox 135 863 308 944; x_wconf 82' lang='lat' dir='ltr'><em>Superiores</em></span> <span class='ocrx_word' id='word_1_68' title='bbox 322 865 356 925; x_wconf 93' lang='lat' dir='ltr'><em>in</em></span> <span class='ocrx_word' id='word_1_69' title='bbox 369 865 426 926; x_wconf 89' lang='lat' dir='ltr'><em>hoc</em></span> <span class='ocrx_word' id='word_1_70' title='bbox 442 863 661 944; x_wconf 83' lang='lat' dir='ltr'><em>impedimento</em></span> <span class='ocrx_word' id='word_1_71' title='bbox 675 863 849 944; x_wconf 86' lang='lat' dir='ltr'><em>dispensare</em></span> <span class='ocrx_word' id='word_1_72' title='bbox 866 865 982 940; x_wconf 88' lang='lat' dir='ltr'><em>nolint,</em></span> <span class='ocrx_word' id='word_1_73' title='bbox 997 883 1035 927; x_wconf 85' lang='lat' dir='ltr'><em>ex</em></span> <span class='ocrx_word' id='word_1_74' title='bbox 1048 865 1134 928; x_wconf 92' lang='lat' dir='ltr'><em>nulla</em></span> <span class='ocrx_word' id='word_1_75' title='bbox 1153 883 1245 928; x_wconf 87' lang='lat' dir='ltr'><em>causa</em></span> <span class='ocrx_word' id='word_1_76' title='bbox 1262 868 1310 930; x_wconf 87' lang='lat' dir='ltr'><em>vel</em></span> <span class='ocrx_word' id='word_1_77' title='bbox 1324 873 1411 930; x_wconf 91' lang='lat' dir='ltr'><em>metu</em></span> 
     </span>
     <span class='ocr_line' id='line_1_9' title="bbox 133 949 461 1032; baseline 0 -20"><span class='ocrx_word' id='word_1_78' title='bbox 133 949 219 1014; x_wconf 92' lang='lat' dir='ltr'><em>illam</em></span> <span class='ocrx_word' id='word_1_79' title='bbox 231 953 339 1014; x_wconf 88' lang='lat' dir='ltr'><em>ducere</em></span> <span class='ocrx_word' id='word_1_80' title='bbox 353 956 461 1032; x_wconf 85' lang='lat' dir='ltr'><em>potest.</em></span> 
     </span>
    </p>

    <p class='ocr_par' dir='ltr' id='par_1_4' title="bbox 133 1041 1410 1209">
     <span class='ocr_line' id='line_1_10' title="bbox 173 1041 1410 1126; baseline 0.002 -22"><span class='ocrx_word' id='word_1_81' title='bbox 173 1044 243 1104; x_wconf 82' lang='lat'>789.</span> <span class='ocrx_word' id='word_1_82' title='bbox 260 1077 301 1086; x_wconf 92' lang='lat'>-</span> <span class='ocrx_word' id='word_1_83' title='bbox 315 1043 417 1116; x_wconf 68' lang='lat' dir='ltr'><em>Quen.</em></span> <span class='ocrx_word' id='word_1_84' title='bbox 440 1047 474 1104; x_wconf 84' lang='lat' dir='ltr'><em>t⁰</em></span> <span class='ocrx_word' id='word_1_85' title='bbox 493 1041 543 1102; x_wconf 88' lang='lat' dir='ltr'><em>An</em></span> <span class='ocrx_word' id='word_1_86' title='bbox 563 1041 650 1104; x_wconf 84' lang='lat' dir='ltr'><em>liceat</em></span> <span class='ocrx_word' id='word_1_87' title='bbox 672 1042 846 1104; x_wconf 76' lang='lat' dir='ltr'><em>contrahere</em></span> <span class='ocrx_word' id='word_1_88' title='bbox 865 1043 1090 1105; x_wconf 79' lang='lat' dir='ltr'><em>Matrimonium</em></span> <span class='ocrx_word' id='word_1_89' title='bbox 1110 1063 1178 1104; x_wconf 89' lang='lat' dir='ltr'><em>cum</em></span> <span class='ocrx_word' id='word_1_90' title='bbox 1196 1043 1410 1126; x_wconf 84' lang='lat' dir='ltr'><em>impedimento</em></span> 
     </span>
     <span class='ocr_line' id='line_1_11' title="bbox 133 1128 997 1209; baseline 0.003 -20"><span class='ocrx_word' id='word_1_91' title='bbox 133 1128 240 1208; x_wconf 85' lang='lat' dir='ltr'><em>dubio,</em></span> <span class='ocrx_word' id='word_1_92' title='bbox 258 1149 307 1189; x_wconf 84' lang='lat' dir='ltr'><em>scu</em></span> <span class='ocrx_word' id='word_1_93' title='bbox 317 1129 492 1209; x_wconf 77' lang='lat' dir='ltr'><em>probabili?</em></span> <span class='ocrx_word' id='word_1_94' title='bbox 994 1171 997 1178; x_wconf 65' lang='grc'><strong><em>«</em></strong></span> 
     </span>
    </p>

    <p class='ocr_par' dir='ltr' id='par_1_5' title="bbox 131 1218 1410 1917">
     <span class='ocr_line' id='line_1_12' title="bbox 172 1218 1410 1302; baseline 0.002 -23"><span class='ocrx_word' id='word_1_95' title='bbox 172 1219 264 1299; x_wconf 76' lang='lat' dir='ltr'><em>Hesp.</em></span> <span class='ocrx_word' id='word_1_96' title='bbox 288 1223 318 1279; x_wconf 77' lang='lat'><em>1⁰</em></span> <span class='ocrx_word' id='word_1_97' title='bbox 337 1218 455 1297; x_wconf 78' lang='lat' dir='ltr'><em>Affirm.</em></span> <span class='ocrx_word' id='word_1_98' title='bbox 472 1219 664 1301; x_wconf 77' lang='lat' dir='ltr'><em>probabilius</em></span> <span class='ocrx_word' id='word_1_99' title='bbox 687 1220 721 1282; x_wconf 91' lang='lat' dir='ltr'><em>in</em></span> <span class='ocrx_word' id='word_1_100' title='bbox 741 1221 849 1296; x_wconf 88' lang='lat' dir='ltr'><em>dubio,</em></span> <span class='ocrx_word' id='word_1_101' title='bbox 871 1239 925 1284; x_wconf 87' lang='lat' dir='ltr'><em>sou</em></span> <span class='ocrx_word' id='word_1_102' title='bbox 940 1220 1160 1302; x_wconf 77' lang='lat' dir='ltr'><em>probabilitate</em></span> <span class='ocrx_word' id='word_1_103' title='bbox 1170 1220 1257 1300; x_wconf 84' lang='lat' dir='ltr'><em>juris</em></span> <span class='ocrx_word' id='word_1_104' title='bbox 1277 1219 1410 1282; x_wconf 78' lang='lat' dir='ltr'><em>ecetesia-</em></span> 
     </span>
     <span class='ocr_line' id='line_1_13' title="bbox 132 1305 1410 1390; baseline 0.004 -25"><span class='ocrx_word' id='word_1_105' title='bbox 132 1307 214 1383; x_wconf 88' lang='lat' dir='ltr'><em>stici,</em></span> <span class='ocrx_word' id='word_1_106' title='bbox 229 1305 302 1386; x_wconf 86' lang='lat' dir='ltr'><em>quia</em></span> <span class='ocrx_word' id='word_1_107' title='bbox 316 1305 341 1368; x_wconf 88' lang='lat' dir='ltr'><em>si</em></span> <span class='ocrx_word' id='word_1_108' title='bbox 356 1305 432 1369; x_wconf 88' lang='lat' dir='ltr'><em>lorte</em></span> <span class='ocrx_word' id='word_1_109' title='bbox 444 1307 699 1388; x_wconf 81' lang='lat' dir='ltr'><em>impedimentum</em></span> <span class='ocrx_word' id='word_1_110' title='bbox 713 1309 812 1389; x_wconf 88' lang='lat' dir='ltr'><em>reipsa</em></span> <span class='ocrx_word' id='word_1_111' title='bbox 826 1310 959 1384; x_wconf 87' lang='lat' dir='ltr'><em>adesset,</em></span> <span class='ocrx_word' id='word_1_112' title='bbox 975 1309 1105 1372; x_wconf 83' lang='lat' dir='ltr'><em>Ecclesia</em></span> <span class='ocrx_word' id='word_1_113' title='bbox 1118 1309 1257 1390; x_wconf 84' lang='lat' dir='ltr'><em>supplere</em></span> <span class='ocrx_word' id='word_1_114' title='bbox 1270 1316 1410 1372; x_wconf 84' lang='lat' dir='ltr'><em>censetur</em></span> 
     </span>
     <span class='ocr_line' id='line_1_14' title="bbox 132 1393 1408 1478; baseline 0.003 -23"><span class='ocrx_word' id='word_1_115' title='bbox 132 1393 283 1456; x_wconf 85' lang='lat' dir='ltr'><em>deiectum</em></span> <span class='ocrx_word' id='word_1_116' title='bbox 300 1401 473 1458; x_wconf 85' lang='lat' dir='ltr'><em>contractas</em></span> <span class='ocrx_word' id='word_1_117' title='bbox 484 1397 521 1459; x_wconf 90' lang='lat' dir='ltr'><em>de</em></span> <span class='ocrx_word' id='word_1_118' title='bbox 535 1400 608 1460; x_wconf 89' lang='lat' dir='ltr'><em>Jnre</em></span> <span class='ocrx_word' id='word_1_119' title='bbox 621 1397 765 1460; x_wconf 87' lang='lat' dir='ltr'><em>canonico</em></span> <span class='ocrx_word' id='word_1_120' title='bbox 778 1397 871 1472; x_wconf 89' lang='lat' dir='ltr'><em>irriti,</em></span> <span class='ocrx_word' id='word_1_121' title='bbox 887 1397 967 1461; x_wconf 90' lang='lat' dir='ltr'><em>sicut</em></span> <span class='ocrx_word' id='word_1_122' title='bbox 978 1403 1007 1459; x_wconf 90' lang='lat' dir='ltr'><em>et</em></span> <span class='ocrx_word' id='word_1_123' title='bbox 1017 1395 1245 1478; x_wconf 87' lang='lat' dir='ltr'><em>jurisdictionis</em></span> <span class='ocrx_word' id='word_1_124' title='bbox 1258 1397 1408 1459; x_wconf 59' lang='lat' dir='ltr'><em>ducatum</em></span> 
     </span>
     <span class='ocr_line' id='line_1_15' title="bbox 133 1483 1408 1568; baseline 0.001 -23"><span class='ocrx_word' id='word_1_125' title='bbox 133 1484 267 1564; x_wconf 87' lang='lat' dir='ltr'><em>supplet,</em></span> <span class='ocrx_word' id='word_1_126' title='bbox 282 1483 400 1562; x_wconf 89' lang='lat' dir='ltr'><em>quoties</em></span> <span class='ocrx_word' id='word_1_127' title='bbox 420 1486 625 1548; x_wconf 86' lang='lat' dir='ltr'><em>communiter</em></span> <span class='ocrx_word' id='word_1_128' title='bbox 641 1491 781 1550; x_wconf 83' lang='lat' dir='ltr'><em>Doctores</em></span> <span class='ocrx_word' id='word_1_129' title='bbox 797 1492 905 1550; x_wconf 90' lang='lat' dir='ltr'><em>tenent</em></span> <span class='ocrx_word' id='word_1_130' title='bbox 923 1505 990 1550; x_wconf 86' lang='lat' dir='ltr'><em>eam</em></span> <span class='ocrx_word' id='word_1_131' title='bbox 1009 1487 1147 1568; x_wconf 89' lang='lat' dir='ltr'><em>supplere</em></span> <span class='ocrx_word' id='word_1_132' title='bbox 1161 1485 1408 1568; x_wconf 85' lang='lat' dir='ltr'><em>jurisdictionem</em></span> 
     </span>
     <span class='ocr_line' id='line_1_16' title="bbox 131 1571 1410 1654; baseline 0.002 -22"><span class='ocrx_word' id='word_1_133' title='bbox 131 1571 166 1633; x_wconf 87' lang='lat' dir='ltr'><em>in</em></span> <span class='ocrx_word' id='word_1_134' title='bbox 190 1573 383 1635; x_wconf 79' lang='lat' dir='ltr'><em>Sacramenta</em></span> <span class='ocrx_word' id='word_1_135' title='bbox 406 1575 613 1650; x_wconf 73' lang='lat' dir='ltr'><em>Paenitentia,</em></span> <span class='ocrx_word' id='word_1_136' title='bbox 627 1575 682 1638; x_wconf 91' lang='lat' dir='ltr'><em>ubi</em></span> <span class='ocrx_word' id='word_1_137' title='bbox 707 1577 882 1639; x_wconf 88' lang='lat' dir='ltr'><em>eommunis</em></span> <span class='ocrx_word' id='word_1_138' title='bbox 900 1594 984 1638; x_wconf 88' lang='lat' dir='ltr'><em>error</em></span> <span class='ocrx_word' id='word_1_139' title='bbox 1003 1576 1177 1639; x_wconf 89' lang='lat' dir='ltr'><em>intercedit.</em></span> <span class='ocrx_word' id='word_1_140' title='bbox 1198 1579 1289 1638; x_wconf 82' lang='lat' dir='ltr'><em>Porro</em></span> <span class='ocrx_word' id='word_1_141' title='bbox 1306 1574 1410 1654; x_wconf 90' lang='lat' dir='ltr'><em>opinio</em></span> 
     </span>
     <span class='ocr_line' id='line_1_17' title="bbox 132 1661 1409 1746; baseline 0.002 -24"><span class='ocrx_word' id='word_1_142' title='bbox 132 1661 240 1722; x_wconf 90' lang='lat' dir='ltr'><em>docens</em></span> <span class='ocrx_word' id='word_1_143' title='bbox 259 1662 422 1724; x_wconf 86' lang='lat' dir='ltr'><em>Ecclesiam</em></span> <span class='ocrx_word' id='word_1_144' title='bbox 444 1665 582 1743; x_wconf 89' lang='lat' dir='ltr'><em>supplere</em></span> <span class='ocrx_word' id='word_1_145' title='bbox 604 1664 697 1726; x_wconf 89' lang='lat' dir='ltr'><em>etiam</em></span> <span class='ocrx_word' id='word_1_146' title='bbox 717 1665 751 1726; x_wconf 91' lang='lat' dir='ltr'><em>in</em></span> <span class='ocrx_word' id='word_1_147' title='bbox 770 1665 911 1746; x_wconf 79' lang='lat' dir='ltr'><em>prasenti</em></span> <span class='ocrx_word' id='word_1_148' title='bbox 926 1684 999 1727; x_wconf 87' lang='lat' dir='ltr'><em>casn</em></span> <span class='ocrx_word' id='word_1_149' title='bbox 1018 1665 1054 1725; x_wconf 90' lang='lat' dir='ltr'><em>dc</em></span> <span class='ocrx_word' id='word_1_150' title='bbox 1073 1665 1167 1726; x_wconf 89' lang='lat' dir='ltr'><em>dubia</em></span> <span class='ocrx_word' id='word_1_151' title='bbox 1187 1663 1409 1743; x_wconf 86' lang='lat' dir='ltr'><em>impedimento</em></span> 
     </span>
     <span class='ocr_line' id='line_1_18' title="bbox 132 1748 1410 1831; baseline 0.001 -21"><span class='ocrx_word' id='word_1_152' title='bbox 132 1748 310 1827; x_wconf 83' lang='lat' dir='ltr'><em>generaliter</em></span> <span class='ocrx_word' id='word_1_153' title='bbox 326 1757 364 1810; x_wconf 91' lang='lat' dir='ltr'><em>ut</em></span> <span class='ocrx_word' id='word_1_154' title='bbox 380 1750 546 1830; x_wconf 89' lang='lat' dir='ltr'><em>probabilis</em></span> <span class='ocrx_word' id='word_1_155' title='bbox 564 1759 684 1831; x_wconf 89' lang='lat' dir='ltr'><em>recepta</em></span> <span class='ocrx_word' id='word_1_156' title='bbox 702 1758 750 1814; x_wconf 88' lang='lat' dir='ltr'><em>est</em></span> <span class='ocrx_word' id='word_1_157' title='bbox 767 1754 805 1814; x_wconf 86' lang='lat' dir='ltr'><em>ab</em></span> <span class='ocrx_word' id='word_1_158' title='bbox 823 1752 998 1814; x_wconf 87' lang='lat' dir='ltr'><em>innumeris</em></span> <span class='ocrx_word' id='word_1_159' title='bbox 1017 1751 1212 1826; x_wconf 86' lang='lat' dir='ltr'><em>Doctoribus,</em></span> <span class='ocrx_word' id='word_1_160' title='bbox 1230 1751 1285 1831; x_wconf 89' lang='lat' dir='ltr'><em>qui</em></span> <span class='ocrx_word' id='word_1_161' title='bbox 1301 1751 1329 1811; x_wconf 92' lang='lat' dir='ltr'><em>ei</em></span> <span class='ocrx_word' id='word_1_162' title='bbox 1348 1749 1410 1812; x_wconf 87' lang='lat' dir='ltr'><em>sui-</em></span> 
     </span>
     <span class='ocr_line' id='line_1_19' title="bbox 131 1835 1057 1917; baseline 0.003 -21"><span class='ocrx_word' id='word_1_163' title='bbox 131 1835 304 1915; x_wconf 82' lang='lat' dir='ltr'><em>fragantur.</em></span> <span class='ocrx_word' id='word_1_164' title='bbox 320 1838 422 1898; x_wconf 89' lang='lat' dir='ltr'><em>-Ita</em></span> <span class='ocrx_word' id='word_1_165' title='bbox 436 1838 584 1917; x_wconf 80' lang='lat' dir='ltr'><em>Lacrciu,</em></span> <span class='ocrx_word' id='word_1_166' title='bbox 602 1861 633 1899; x_wconf 88' lang='lat' dir='ltr'><em>n.</em></span> <span class='ocrx_word' id='word_1_167' title='bbox 651 1844 721 1912; x_wconf 71' lang='lat'><em>527,</em></span> <span class='ocrx_word' id='word_1_168' title='bbox 736 1850 765 1900; x_wconf 86' lang='lat' dir='ltr'><em>et</em></span> <span class='ocrx_word' id='word_1_169' title='bbox 779 1841 835 1900; x_wconf 84' lang='lat' dir='ltr'><em>alii</em></span> <span class='ocrx_word' id='word_1_170' title='bbox 849 1842 1057 1901; x_wconf 84' lang='lat' dir='ltr'><em>communiter.</em></span> 
     </span>
    </p>

    <p class='ocr_par' dir='ltr' id='par_1_6' title="bbox 132 1923 1410 2362">
     <span class='ocr_line' id='line_1_20' title="bbox 173 1923 1406 2008; baseline 0.008 -25"><span class='ocrx_word' id='word_1_171' title='bbox 173 1923 265 2004; x_wconf 85' lang='lat' dir='ltr'><em>Resp.</em></span> <span class='ocrx_word' id='word_1_172' title='bbox 280 1928 313 1985; x_wconf 69' lang='lat'><em>2⁰</em></span> <span class='ocrx_word' id='word_1_173' title='bbox 326 1925 417 2006; x_wconf 67' lang='lat' dir='ltr'><em>Nep,</em></span> <span class='ocrx_word' id='word_1_174' title='bbox 431 1925 457 1986; x_wconf 88' lang='lat' dir='ltr'><em>si</em></span> <span class='ocrx_word' id='word_1_175' title='bbox 467 1933 576 2005; x_wconf 82' lang='lat' dir='ltr'><em>agatur</em></span> <span class='ocrx_word' id='word_1_176' title='bbox 588 1927 625 1988; x_wconf 91' lang='lat' dir='ltr'><em>dc</em></span> <span class='ocrx_word' id='word_1_177' title='bbox 637 1927 849 2007; x_wconf 88' lang='lat' dir='ltr'><em>probabilitate</em></span> <span class='ocrx_word' id='word_1_178' title='bbox 854 1929 939 2008; x_wconf 88' lang='lat' dir='ltr'><em>juris</em></span> <span class='ocrx_word' id='word_1_179' title='bbox 953 1928 1051 1989; x_wconf 86' lang='lat' dir='ltr'><em>diuini</em></span> <span class='ocrx_word' id='word_1_180' title='bbox 1061 1933 1117 1990; x_wconf 89' lang='lat' dir='ltr'><em>aut</em></span> <span class='ocrx_word' id='word_1_181' title='bbox 1128 1927 1289 1999; x_wconf 80' lang='lat' dir='ltr'><em>naturalia,</em></span> <span class='ocrx_word' id='word_1_182' title='bbox 1302 1945 1332 1988; x_wconf 81' lang='lat' dir='ltr'><em>v.</em></span> <span class='ocrx_word' id='word_1_183' title='bbox 1347 1943 1406 2006; x_wconf 78' lang='lat' dir='ltr'><em>gr..</em></span> 
     </span>
     <span class='ocr_line' id='line_1_21' title="bbox 132 2012 1409 2097; baseline 0.002 -25"><span class='ocrx_word' id='word_1_184' title='bbox 132 2012 167 2073; x_wconf 93' lang='lat' dir='ltr'><em>in</em></span> <span class='ocrx_word' id='word_1_185' title='bbox 190 2012 412 2091; x_wconf 88' lang='lat' dir='ltr'><em>impedimento</em></span> <span class='ocrx_word' id='word_1_186' title='bbox 435 2012 607 2093; x_wconf 82' lang='lat' dir='ltr'><em>ligaminis,</em></span> <span class='ocrx_word' id='word_1_187' title='bbox 631 2016 679 2077; x_wconf 85' lang='lat' dir='ltr'><em>vel</em></span> <span class='ocrx_word' id='word_1_188' title='bbox 701 2015 905 2097; x_wconf 66' lang='lat' dir='ltr'><em>impotentiam</em></span> <span class='ocrx_word' id='word_1_189' title='bbox 932 2016 1005 2097; x_wconf 88' lang='lat' dir='ltr'><em>quia</em></span> <span class='ocrx_word' id='word_1_190' title='bbox 1026 2021 1099 2078; x_wconf 88' lang='lat' dir='ltr'><em>tunc</em></span> <span class='ocrx_word' id='word_1_191' title='bbox 1125 2016 1257 2078; x_wconf 82' lang='lat' dir='ltr'><em>Ecclesia</em></span> <span class='ocrx_word' id='word_1_192' title='bbox 1282 2013 1409 2076; x_wconf 88' lang='lat' dir='ltr'><em>delectui</em></span> 
     </span>
     <span class='ocr_line' id='line_1_22' title="bbox 132 2099 1410 2185; baseline 0.002 -23"><span class='ocrx_word' id='word_1_193' title='bbox 132 2099 281 2179; x_wconf 81' lang='lat' dir='ltr'><em>probabili</em></span> <span class='ocrx_word' id='word_1_194' title='bbox 295 2103 432 2182; x_wconf 87' lang='lat' dir='ltr'><em>supplere</em></span> <span class='ocrx_word' id='word_1_195' title='bbox 453 2103 575 2183; x_wconf 85' lang='lat' dir='ltr'><em>nequit,</em></span> <span class='ocrx_word' id='word_1_196' title='bbox 592 2121 663 2166; x_wconf 88' lang='lat' dir='ltr'><em>oum</em></span> <span class='ocrx_word' id='word_1_197' title='bbox 681 2104 938 2185; x_wconf 88' lang='lat' dir='ltr'><em>impedimentum</em></span> <span class='ocrx_word' id='word_1_198' title='bbox 957 2105 1035 2167; x_wconf 90' lang='lat' dir='ltr'><em>illud</em></span> <span class='ocrx_word' id='word_1_199' title='bbox 1051 2103 1090 2167; x_wconf 89' lang='lat' dir='ltr'><em>ab</em></span> <span class='ocrx_word' id='word_1_200' title='bbox 1109 2105 1241 2168; x_wconf 81' lang='lat' dir='ltr'><em>Ecclesia</em></span> <span class='ocrx_word' id='word_1_201' title='bbox 1259 2122 1320 2168; x_wconf 91' lang='lat' dir='ltr'><em>non</em></span> <span class='ocrx_word' id='word_1_202' title='bbox 1337 2119 1410 2183; x_wconf 89' lang='lat' dir='ltr'><em>pen-</em></span> 
     </span>
     <span class='ocr_line' id='line_1_23' title="bbox 132 2189 1410 2273; baseline 0.002 -21"><span class='ocrx_word' id='word_1_203' title='bbox 132 2189 211 2252; x_wconf 88' lang='lat' dir='ltr'><em>deat.</em></span> <span class='ocrx_word' id='word_1_204' title='bbox 230 2189 464 2254; x_wconf 84' lang='lat' dir='ltr'><em>Matrimonium</em></span> <span class='ocrx_word' id='word_1_205' title='bbox 483 2191 582 2271; x_wconf 83' lang='lat' dir='ltr'><em>igitur</em></span> <span class='ocrx_word' id='word_1_206' title='bbox 606 2193 649 2255; x_wconf 87' lang='lat' dir='ltr'><em>sie</em></span> <span class='ocrx_word' id='word_1_207' title='bbox 666 2197 857 2256; x_wconf 87' lang='lat' dir='ltr'><em>contractum</em></span> <span class='ocrx_word' id='word_1_208' title='bbox 878 2193 1011 2256; x_wconf 90' lang='lat' dir='ltr'><em>dubium</em></span> <span class='ocrx_word' id='word_1_209' title='bbox 1029 2197 1217 2266; x_wconf 87' lang='lat' dir='ltr'><em>remaneret,</em></span> <span class='ocrx_word' id='word_1_210' title='bbox 1234 2211 1267 2256; x_wconf 86' lang='lat' dir='ltr'><em>ac</em></span> <span class='ocrx_word' id='word_1_211' title='bbox 1282 2191 1410 2273; x_wconf 87' lang='lat' dir='ltr'><em>proinde</em></span> 
     </span>
     <span class='ocr_line' id='line_1_24' title="bbox 134 2274 1284 2362; baseline 0.003 -23"><span class='ocrx_word' id='word_1_212' title='bbox 134 2278 278 2340; x_wconf 90' lang='lat' dir='ltr'><em>nonlicet</em></span> <span class='ocrx_word' id='word_1_213' title='bbox 292 2299 431 2360; x_wconf 81' lang='lat' dir='ltr'><em>unqrram</em></span> <span class='ocrx_word' id='word_1_214' title='bbox 445 2283 675 2345; x_wconf 85' lang='lat' dir='ltr'><em>Sacramentum</em></span> <span class='ocrx_word' id='word_1_215' title='bbox 690 2274 829 2344; x_wconf 80' lang='lat' dir='ltr'><em>cum&#39;tali</em></span> <span class='ocrx_word' id='word_1_216' title='bbox 842 2282 935 2344; x_wconf 90' lang='lat' dir='ltr'><em>dubio</em></span> <span class='ocrx_word' id='word_1_217' title='bbox 950 2282 1089 2362; x_wconf 89' lang='lat' dir='ltr'><em>recipere.</em></span> <span class='ocrx_word' id='word_1_218' title='bbox 1107 2285 1207 2361; x_wconf 82' lang='lat' dir='ltr'><em>Ergo,</em></span> <span class='ocrx_word' id='word_1_219' title='bbox 1227 2288 1284 2344; x_wconf 89' lang='lat' dir='ltr'><em>ete.</em></span> 
     </span>
    </p>

    <p class='ocr_par' dir='ltr' id='par_1_7' title="bbox 132 2367 1412 2800">
     <span class='ocr_line' id='line_1_25' title="bbox 172 2367 1410 2452; baseline 0 -23"><span class='ocrx_word' id='word_1_220' title='bbox 172 2367 261 2448; x_wconf 78' lang='lat' dir='ltr'><em>Hesp.</em></span> <span class='ocrx_word' id='word_1_221' title='bbox 288 2373 318 2431; x_wconf 77' lang='lat'><em>3⁰</em></span> <span class='ocrx_word' id='word_1_222' title='bbox 340 2369 430 2452; x_wconf 67' lang='lat' dir='ltr'><em>Nep,</em></span> <span class='ocrx_word' id='word_1_223' title='bbox 450 2369 544 2430; x_wconf 89' lang='lat' dir='ltr'><em>etiam</em></span> <span class='ocrx_word' id='word_1_224' title='bbox 566 2370 594 2432; x_wconf 88' lang='lat' dir='ltr'><em>si</em></span> <span class='ocrx_word' id='word_1_225' title='bbox 614 2375 722 2450; x_wconf 84' lang='lat' dir='ltr'><em>agatur</em></span> <span class='ocrx_word' id='word_1_226' title='bbox 741 2373 778 2434; x_wconf 89' lang='lat' dir='ltr'><em>de</em></span> <span class='ocrx_word' id='word_1_227' title='bbox 801 2369 1015 2452; x_wconf 88' lang='lat' dir='ltr'><em>probabilitate</em></span> <span class='ocrx_word' id='word_1_228' title='bbox 1036 2372 1125 2452; x_wconf 77' lang='lat' dir='ltr'><em>sacti.</em></span> <span class='ocrx_word' id='word_1_229' title='bbox 1145 2369 1235 2434; x_wconf 86' lang='lat' dir='ltr'><em>Ratio</em></span> <span class='ocrx_word' id='word_1_230' title='bbox 1256 2377 1321 2444; x_wconf 86' lang='lat' dir='ltr'><em>est,</em></span> <span class='ocrx_word' id='word_1_231' title='bbox 1338 2369 1410 2449; x_wconf 87' lang='lat' dir='ltr'><em>qnia</em></span> 
     </span>
     <span class='ocr_line' id='line_1_26' title="bbox 133 2455 1410 2540; baseline 0.001 -23"><span class='ocrx_word' id='word_1_232' title='bbox 133 2455 263 2518; x_wconf 91' lang='lat' dir='ltr'><em>Ecclesia</em></span> <span class='ocrx_word' id='word_1_233' title='bbox 286 2456 320 2518; x_wconf 91' lang='lat' dir='ltr'><em>in</em></span> <span class='ocrx_word' id='word_1_234' title='bbox 341 2457 520 2539; x_wconf 89' lang='lat' dir='ltr'><em>hujusmodi</em></span> <span class='ocrx_word' id='word_1_235' title='bbox 543 2459 757 2539; x_wconf 86' lang='lat' dir='ltr'><em>probabilitate</em></span> <span class='ocrx_word' id='word_1_236' title='bbox 782 2479 844 2522; x_wconf 93' lang='lat' dir='ltr'><em>non</em></span> <span class='ocrx_word' id='word_1_237' title='bbox 868 2460 1067 2540; x_wconf 75' lang='lat' dir='ltr'><em>praesumitur</em></span> <span class='ocrx_word' id='word_1_238' title='bbox 1091 2459 1275 2540; x_wconf 88' lang='lat' dir='ltr'><em>dispensare.</em></span> <span class='ocrx_word' id='word_1_239' title='bbox 1303 2457 1410 2538; x_wconf 88' lang='lat' dir='ltr'><em>Opinio</em></span> 
     </span>
     <span class='ocr_line' id='line_1_27' title="bbox 134 2545 1410 2630; baseline 0 -25"><span class='ocrx_word' id='word_1_240' title='bbox 134 2550 236 2606; x_wconf 91' lang='lat' dir='ltr'><em>antem</em></span> <span class='ocrx_word' id='word_1_241' title='bbox 248 2546 405 2608; x_wconf 87' lang='lat' dir='ltr'><em>contraria</em></span> <span class='ocrx_word' id='word_1_242' title='bbox 421 2547 626 2610; x_wconf 83' lang='lat' dir='ltr'><em>communiter</em></span> <span class='ocrx_word' id='word_1_243' title='bbox 639 2567 702 2611; x_wconf 91' lang='lat' dir='ltr'><em>non</em></span> <span class='ocrx_word' id='word_1_244' title='bbox 721 2553 767 2611; x_wconf 89' lang='lat' dir='ltr'><em>est</em></span> <span class='ocrx_word' id='word_1_245' title='bbox 785 2553 901 2629; x_wconf 87' lang='lat' dir='ltr'><em>recepta</em></span> <span class='ocrx_word' id='word_1_246' title='bbox 918 2554 953 2610; x_wconf 90' lang='lat' dir='ltr'><em>ut</em></span> <span class='ocrx_word' id='word_1_247' title='bbox 971 2547 1153 2630; x_wconf 89' lang='lat' dir='ltr'><em>probabilis;</em></span> <span class='ocrx_word' id='word_1_248' title='bbox 1169 2554 1200 2609; x_wconf 90' lang='lat' dir='ltr'><em>et</em></span> <span class='ocrx_word' id='word_1_249' title='bbox 1216 2547 1341 2610; x_wconf 86' lang='lat' dir='ltr'><em>aliunde</em></span> <span class='ocrx_word' id='word_1_250' title='bbox 1363 2545 1410 2607; x_wconf 90' lang='lat' dir='ltr'><em>ni-</em></span> 
     </span>
     <span class='ocr_line' id='line_1_28' title="bbox 133 2633 1412 2716; baseline 0.003 -22"><span class='ocrx_word' id='word_1_251' title='bbox 133 2633 196 2694; x_wconf 88' lang='lat' dir='ltr'><em>mia</em></span> <span class='ocrx_word' id='word_1_252' title='bbox 209 2641 407 2715; x_wconf 77' lang='lat' dir='ltr'><em>sequerentur</em></span> <span class='ocrx_word' id='word_1_253' title='bbox 420 2636 624 2712; x_wconf 89' lang='lat' dir='ltr'><em>incommoda,</em></span> <span class='ocrx_word' id='word_1_254' title='bbox 645 2639 671 2699; x_wconf 93' lang='lat' dir='ltr'><em>si</em></span> <span class='ocrx_word' id='word_1_255' title='bbox 685 2645 839 2700; x_wconf 87' lang='lat' dir='ltr'><em>contracto</em></span> <span class='ocrx_word' id='word_1_256' title='bbox 853 2637 1049 2703; x_wconf 85' lang='lat' dir='ltr'><em>Matrimonia</em></span> <span class='ocrx_word' id='word_1_257' title='bbox 1061 2654 1144 2699; x_wconf 89' lang='lat' dir='ltr'><em>error</em></span> <span class='ocrx_word' id='word_1_258' title='bbox 1158 2638 1360 2716; x_wconf 85' lang='lat' dir='ltr'><em>detegeretur.</em></span> <span class='ocrx_word' id='word_1_259' title='bbox 1370 2669 1412 2681; x_wconf 93' lang='lat'>—</span> 
     </span>
     <span class='ocr_line' id='line_1_29' title="bbox 132 2721 732 2800; baseline 0.007 -18"><span class='ocrx_word' id='word_1_260' title='bbox 132 2721 183 2783; x_wconf 87' lang='lat' dir='ltr'><em>Ita</em></span> <span class='ocrx_word' id='word_1_261' title='bbox 199 2728 408 2786; x_wconf 70' lang='lat' dir='ltr'><em>commenalter.</em></span> <span class='ocrx_word' id='word_1_262' title='bbox 424 2759 464 2770; x_wconf 86' lang='lat'><em>-</em></span> <span class='ocrx_word' id='word_1_263' title='bbox 478 2723 512 2785; x_wconf 81' lang='lat' dir='ltr'><em>S.</em></span> <span class='ocrx_word' id='word_1_264' title='bbox 530 2725 598 2800; x_wconf 68' lang='lat' dir='ltr'><em>Lep.</em></span> <span class='ocrx_word' id='word_1_265' title='bbox 614 2746 645 2785; x_wconf 90' lang='lat' dir='ltr'><em>n.</em></span> <span class='ocrx_word' id='word_1_266' title='bbox 662 2731 732 2789; x_wconf 70' lang='lat'>902.</span> 
     </span>
    </p>

    <p class='ocr_par' dir='ltr' id='par_1_8' title="bbox 136 2811 1411 2980">
     <span class='ocr_line' id='line_1_30' title="bbox 173 2811 1411 2894; baseline 0.001 -25"><span class='ocrx_word' id='word_1_267' title='bbox 173 2813 243 2870; x_wconf 79' lang='grc'>790.</span> <span class='ocrx_word' id='word_1_268' title='bbox 261 2843 300 2854; x_wconf 87' lang='grc'>-</span> <span class='ocrx_word' id='word_1_269' title='bbox 314 2812 414 2882; x_wconf 75' lang='lat' dir='ltr'><em>Qum.</em></span> <span class='ocrx_word' id='word_1_270' title='bbox 432 2815 464 2873; x_wconf 69' lang='lat'><em>5⁰</em></span> <span class='ocrx_word' id='word_1_271' title='bbox 485 2813 537 2872; x_wconf 87' lang='lat' dir='ltr'><em>An</em></span> <span class='ocrx_word' id='word_1_272' title='bbox 558 2812 643 2873; x_wconf 86' lang='lat' dir='ltr'><em>liceat</em></span> <span class='ocrx_word' id='word_1_273' title='bbox 664 2813 843 2894; x_wconf 72' lang='lat' dir='ltr'><em>conjupibus</em></span> <span class='ocrx_word' id='word_1_274' title='bbox 862 2817 909 2874; x_wconf 83' lang='lat' dir='ltr'><em>etti</em></span> <span class='ocrx_word' id='word_1_275' title='bbox 924 2813 1139 2888; x_wconf 87' lang='lat' dir='ltr'><em>Matrimonia,</em></span> <span class='ocrx_word' id='word_1_276' title='bbox 1156 2812 1268 2892; x_wconf 83' lang='lat' dir='ltr'><em>sipost</em></span> <span class='ocrx_word' id='word_1_277' title='bbox 1288 2811 1411 2891; x_wconf 82' lang='lat' dir='ltr'><em>nuptias</em></span> 
     </span>
     <span class='ocr_line' id='line_1_31' title="bbox 136 2894 921 2980; baseline 0.008 -25"><span class='ocrx_word' id='word_1_278' title='bbox 136 2897 227 2957; x_wconf 82' lang='lat' dir='ltr'><em>initas</em></span> <span class='ocrx_word' id='word_1_279' title='bbox 242 2894 364 2956; x_wconf 86' lang='lat' dir='ltr'><em>dubium</em></span> <span class='ocrx_word' id='word_1_280' title='bbox 378 2897 415 2958; x_wconf 86' lang='lat' dir='ltr'><em>de</em></span> <span class='ocrx_word' id='word_1_281' title='bbox 430 2897 532 2978; x_wconf 83' lang='lat' dir='ltr'><em>atiquo</em></span> <span class='ocrx_word' id='word_1_282' title='bbox 548 2899 762 2980; x_wconf 72' lang='lat' dir='ltr'><em>incpedimento</em></span> <span class='ocrx_word' id='word_1_283' title='bbox 777 2901 921 2961; x_wconf 86' lang='lat' dir='ltr'><em>oriatur?</em></span> 
     </span>
    </p>

    <p class='ocr_par' dir='ltr' id='par_1_9' title="bbox 132 2983 1413 3246">
     <span class='ocr_line' id='line_1_32' title="bbox 174 2983 1411 3068; baseline 0.002 -22"><span class='ocrx_word' id='word_1_284' title='bbox 174 2985 268 3066; x_wconf 81' lang='lat' dir='ltr'><em>Resp.</em></span> <span class='ocrx_word' id='word_1_285' title='bbox 294 2990 326 3047; x_wconf 89' lang='lat' dir='ltr'><em>l⁰</em></span> <span class='ocrx_word' id='word_1_286' title='bbox 350 2983 441 3066; x_wconf 69' lang='lat' dir='ltr'><em>Nep,</em></span> <span class='ocrx_word' id='word_1_287' title='bbox 467 2986 561 3047; x_wconf 89' lang='lat' dir='ltr'><em>donee</em></span> <span class='ocrx_word' id='word_1_288' title='bbox 580 2986 659 3049; x_wconf 88' lang='lat' dir='ltr'><em>faeta</em></span> <span class='ocrx_word' id='word_1_289' title='bbox 678 2987 771 3050; x_wconf 88' lang='lat' dir='ltr'><em>fuerit</em></span> <span class='ocrx_word' id='word_1_290' title='bbox 791 2987 952 3068; x_wconf 89' lang='lat' dir='ltr'><em>inquisitio</em></span> <span class='ocrx_word' id='word_1_291' title='bbox 978 2989 1129 3053; x_wconf 87' lang='lat' dir='ltr'><em>sufficiens</em></span> <span class='ocrx_word' id='word_1_292' title='bbox 1152 2990 1190 3051; x_wconf 91' lang='lat' dir='ltr'><em>dc</em></span> <span class='ocrx_word' id='word_1_293' title='bbox 1213 2987 1353 3052; x_wconf 75' lang='lat' dir='ltr'><em>veritate.</em></span> <span class='ocrx_word' id='word_1_294' title='bbox 1379 2987 1411 3050; x_wconf 85' lang='lat' dir='ltr'><em>si</em></span> 
     </span>
     <span class='ocr_line' id='line_1_33' title="bbox 134 3069 1413 3158; baseline -0.003 -21"><span class='ocrx_word' id='word_1_295' title='bbox 134 3082 240 3137; x_wconf 70' lang='lat' dir='ltr'><em>nmen</em></span> <span class='ocrx_word' id='word_1_296' title='bbox 259 3091 341 3136; x_wconf 81' lang='lat' dir='ltr'><em>anais</em></span> <span class='ocrx_word' id='word_1_297' title='bbox 360 3080 484 3136; x_wconf 55' lang='lat' dir='ltr'><em>&#39;tantam</em></span> <span class='ocrx_word' id='word_1_298' title='bbox 504 3075 642 3150; x_wconf 89' lang='lat' dir='ltr'><em>dubitet,</em></span> <span class='ocrx_word' id='word_1_299' title='bbox 663 3069 807 3156; x_wconf 67' lang='lat' dir='ltr'><em>mamus</em></span> <span class='ocrx_word' id='word_1_300' title='bbox 830 3095 893 3138; x_wconf 92' lang='lat' dir='ltr'><em>non</em></span> <span class='ocrx_word' id='word_1_301' title='bbox 910 3077 1007 3156; x_wconf 89' lang='lat' dir='ltr'><em>possit</em></span> <span class='ocrx_word' id='word_1_302' title='bbox 1023 3078 1163 3140; x_wconf 89' lang='lat' dir='ltr'><em>debitum</em></span> <span class='ocrx_word' id='word_1_303' title='bbox 1182 3084 1297 3158; x_wconf 86' lang='lat' dir='ltr'><em>petere,</em></span> <span class='ocrx_word' id='word_1_304' title='bbox 1323 3073 1413 3136; x_wconf 90' lang='lat' dir='ltr'><em>debet</em></span> 
     </span>
     <span class='ocr_line' id='line_1_34' title="bbox 132 3163 1245 3246; baseline 0.001 -20"><span class='ocrx_word' id='word_1_305' title='bbox 132 3167 237 3226; x_wconf 66' lang='lat' dir='ltr'><em>nmen</em></span> <span class='ocrx_word' id='word_1_306' title='bbox 251 3163 328 3226; x_wconf 91' lang='lat' dir='ltr'><em>illud</em></span> <span class='ocrx_word' id='word_1_307' title='bbox 342 3164 464 3226; x_wconf 90' lang='lat' dir='ltr'><em>reddere</em></span> <span class='ocrx_word' id='word_1_308' title='bbox 479 3164 566 3226; x_wconf 84' lang='lat' dir='ltr'><em>alteri</em></span> <span class='ocrx_word' id='word_1_309' title='bbox 578 3163 613 3226; x_wconf 94' lang='lat' dir='ltr'><em>in</em></span> <span class='ocrx_word' id='word_1_310' title='bbox 627 3165 707 3227; x_wconf 89' lang='lat' dir='ltr'><em>bona</em></span> <span class='ocrx_word' id='word_1_311' title='bbox 720 3166 779 3229; x_wconf 86' lang='lat' dir='ltr'><em>fide</em></span> <span class='ocrx_word' id='word_1_312' title='bbox 790 3165 918 3246; x_wconf 89' lang='lat' dir='ltr'><em>petenti.</em></span> <span class='ocrx_word' id='word_1_313' title='bbox 932 3202 972 3212; x_wconf 84' lang='lat'><em>-</em></span> <span class='ocrx_word' id='word_1_314' title='bbox 991 3167 1027 3228; x_wconf 85' lang='lat' dir='ltr'><em>S.</em></span> <span class='ocrx_word' id='word_1_315' title='bbox 1039 3167 1108 3245; x_wconf 74' lang='lat' dir='ltr'><em>Lip.</em></span> <span class='ocrx_word' id='word_1_316' title='bbox 1125 3188 1157 3227; x_wconf 90' lang='lat' dir='ltr'><em>n.</em></span> <span class='ocrx_word' id='word_1_317' title='bbox 1174 3171 1245 3230; x_wconf 83' lang='lat'><strong>903.</strong></span> 
     </span>
    </p>

    <p class='ocr_par' dir='ltr' id='par_1_10' title="bbox 134 3253 1413 3514">
     <span class='ocr_line' id='line_1_35' title="bbox 174 3253 1410 3336; baseline -0.002 -21"><span class='ocrx_word' id='word_1_318' title='bbox 174 3253 263 3335; x_wconf 77' lang='lat' dir='ltr'><em>desp.</em></span> <span class='ocrx_word' id='word_1_319' title='bbox 277 3257 309 3315; x_wconf 72' lang='lat'><em>2⁰</em></span> <span class='ocrx_word' id='word_1_320' title='bbox 324 3254 349 3315; x_wconf 85' lang='lat' dir='ltr'><strong><em>A</em></strong></span> <span class='ocrx_word' id='word_1_321' title='bbox 354 3253 451 3336; x_wconf 69' lang='lat' dir='ltr'><em>[firm.</em></span> <span class='ocrx_word' id='word_1_322' title='bbox 455 3301 465 3332; x_wconf 85' lang='lat'><em>,</em></span> <span class='ocrx_word' id='word_1_323' title='bbox 482 3253 508 3315; x_wconf 92' lang='lat' dir='ltr'><em>si</em></span> <span class='ocrx_word' id='word_1_324' title='bbox 529 3253 667 3316; x_wconf 87' lang='lat' dir='ltr'><em>adhibita</em></span> <span class='ocrx_word' id='word_1_325' title='bbox 685 3255 762 3316; x_wconf 90' lang='lat' dir='ltr'><em>seria</em></span> <span class='ocrx_word' id='word_1_326' title='bbox 778 3254 936 3334; x_wconf 86' lang='lat' dir='ltr'><em>diligentia</em></span> <span class='ocrx_word' id='word_1_327' title='bbox 954 3256 993 3316; x_wconf 88' lang='lat' dir='ltr'><em>ad</em></span> <span class='ocrx_word' id='word_1_328' title='bbox 1012 3255 1174 3317; x_wconf 79' lang='lat' dir='ltr'><em>veritatem</em></span> <span class='ocrx_word' id='word_1_329' title='bbox 1197 3254 1410 3332; x_wconf 81' lang='lat' dir='ltr'><em>detegendam,</em></span> 
     </span>
     <span class='ocr_line' id='line_1_36' title="bbox 134 3343 1413 3423; baseline -0.002 -19"><span class='ocrx_word' id='word_1_330' title='bbox 134 3343 266 3405; x_wconf 88' lang='lat' dir='ltr'><em>dubiam</em></span> <span class='ocrx_word' id='word_1_331' title='bbox 280 3343 380 3405; x_wconf 87' lang='lat' dir='ltr'><em>adhuc</em></span> <span class='ocrx_word' id='word_1_332' title='bbox 397 3349 568 3418; x_wconf 84' lang='lat' dir='ltr'><em>remaneat,</em></span> <span class='ocrx_word' id='word_1_333' title='bbox 585 3343 659 3423; x_wconf 87' lang='lat' dir='ltr'><em>quia</em></span> <span class='ocrx_word' id='word_1_334' title='bbox 677 3343 713 3406; x_wconf 92' lang='lat' dir='ltr'><em>in</em></span> <span class='ocrx_word' id='word_1_335' title='bbox 731 3343 826 3407; x_wconf 91' lang='lat' dir='ltr'><em>dubia</em></span> <span class='ocrx_word' id='word_1_336' title='bbox 843 3345 989 3406; x_wconf 90' lang='lat' dir='ltr'><em>standum</em></span> <span class='ocrx_word' id='word_1_337' title='bbox 1004 3349 1051 3406; x_wconf 89' lang='lat' dir='ltr'><em>est</em></span> <span class='ocrx_word' id='word_1_338' title='bbox 1069 3361 1123 3423; x_wconf 90' lang='lat' dir='ltr'><em>pro</em></span> <span class='ocrx_word' id='word_1_339' title='bbox 1143 3344 1246 3406; x_wconf 81' lang='lat' dir='ltr'><em>valore</em></span> <span class='ocrx_word' id='word_1_340' title='bbox 1260 3347 1356 3403; x_wconf 87' lang='lat' dir='ltr'><em>aetus.</em></span> <span class='ocrx_word' id='word_1_341' title='bbox 1372 3376 1413 3386; x_wconf 91' lang='lat'><strong>—</strong></span> 
     </span>
     <span class='ocr_line' id='line_1_37' title="bbox 134 3432 1050 3514; baseline -0.001 -21"><span class='ocrx_word' id='word_1_342' title='bbox 134 3432 185 3493; x_wconf 88' lang='lat' dir='ltr'><em>Ita</em></span> <span class='ocrx_word' id='word_1_343' title='bbox 199 3433 393 3493; x_wconf 86' lang='lat' dir='ltr'><em>communiter</em></span> <span class='ocrx_word' id='word_1_344' title='bbox 405 3437 509 3494; x_wconf 87' lang='lat' dir='ltr'><em>centra</em></span> <span class='ocrx_word' id='word_1_345' title='bbox 519 3451 643 3514; x_wconf 77' lang='lat' dir='ltr'><em>paitcos.</em></span> <span class='ocrx_word' id='word_1_346' title='bbox 660 3469 700 3478; x_wconf 91' lang='lat'>—</span> <span class='ocrx_word' id='word_1_347' title='bbox 713 3433 749 3494; x_wconf 92' lang='lat' dir='ltr'><em>S.</em></span> <span class='ocrx_word' id='word_1_348' title='bbox 764 3433 834 3513; x_wconf 74' lang='lat' dir='ltr'><em>Liq.</em></span> <span class='ocrx_word' id='word_1_349' title='bbox 855 3453 885 3492; x_wconf 93' lang='lat' dir='ltr'><em>n.</em></span> <span class='ocrx_word' id='word_1_350' title='bbox 901 3437 976 3507; x_wconf 70' lang='grc'><strong>904,</strong></span> <span class='ocrx_word' id='word_1_351' title='bbox 993 3440 1050 3494; x_wconf 84' lang='lat' dir='ltr'><em>eto.</em></span> 
     </span>
    </p>

    <p class='ocr_par' dir='ltr' id='par_1_11' title="bbox 129 3519 1412 3691">
     <span class='ocr_line' id='line_1_38' title="bbox 174 3519 1412 3600; baseline -0.005 -16"><span class='ocrx_word' id='word_1_352' title='bbox 174 3525 244 3584; x_wconf 77' lang='lat' dir='ltr'><em>tol.</em></span> <span class='ocrx_word' id='word_1_353' title='bbox 259 3555 298 3566; x_wconf 84' lang='lat'>-</span> <span class='ocrx_word' id='word_1_354' title='bbox 312 3525 415 3598; x_wconf 77' lang='lat' dir='ltr'><em>Quen.</em></span> <span class='ocrx_word' id='word_1_355' title='bbox 431 3525 464 3584; x_wconf 81' lang='grc' dir='ltr'><em>6ο</em></span> <span class='ocrx_word' id='word_1_356' title='bbox 479 3521 528 3583; x_wconf 85' lang='lat' dir='ltr'><em>An</em></span> <span class='ocrx_word' id='word_1_357' title='bbox 541 3521 641 3583; x_wconf 87' lang='lat' dir='ltr'><em>ualeat</em></span> <span class='ocrx_word' id='word_1_358' title='bbox 659 3522 889 3584; x_wconf 83' lang='lat' dir='ltr'><em>Matrimonium</em></span> <span class='ocrx_word' id='word_1_359' title='bbox 910 3531 1099 3584; x_wconf 86' lang='lat' dir='ltr'><em>contractum</em></span> <span class='ocrx_word' id='word_1_360' title='bbox 1118 3541 1185 3580; x_wconf 82' lang='lat' dir='ltr'><em>curn</em></span> <span class='ocrx_word' id='word_1_361' title='bbox 1203 3519 1412 3600; x_wconf 84' lang='lat' dir='ltr'><em>impedimento</em></span> 
     </span>
     <span class='ocr_line' id='line_1_39' title="bbox 129 3609 588 3691; baseline 0.007 -21"><span class='ocrx_word' id='word_1_362' title='bbox 129 3617 253 3691; x_wconf 80' lang='lat' dir='ltr'><em>putato,</em></span> <span class='ocrx_word' id='word_1_363' title='bbox 270 3609 322 3673; x_wconf 84' lang='lat' dir='ltr'><em>sed</em></span> <span class='ocrx_word' id='word_1_364' title='bbox 333 3631 393 3672; x_wconf 89' lang='lat' dir='ltr'><em>non</em></span> <span class='ocrx_word' id='word_1_365' title='bbox 406 3613 588 3674; x_wconf 76' lang='lat' dir='ltr'><em>exsistente?</em></span> 
     </span>
    </p>

    <p class='ocr_par' dir='ltr' id='par_1_12' title="bbox 133 3695 1413 4140">
     <span class='ocr_line' id='line_1_40' title="bbox 174 3695 1412 3782; baseline -0.004 -21"><span class='ocrx_word' id='word_1_366' title='bbox 174 3699 265 3782; x_wconf 83' lang='lat' dir='ltr'><em>Iteap.</em></span> <span class='ocrx_word' id='word_1_367' title='bbox 289 3706 339 3763; x_wconf 80' lang='lat'><em>1⁰:</em></span> <span class='ocrx_word' id='word_1_368' title='bbox 356 3701 387 3764; x_wconf 87' lang='lat' dir='ltr'><em>Si</em></span> <span class='ocrx_word' id='word_1_369' title='bbox 400 3701 583 3764; x_wconf 91' lang='lat' dir='ltr'><em>contrahens</em></span> <span class='ocrx_word' id='word_1_370' title='bbox 599 3721 663 3765; x_wconf 90' lang='lat' dir='ltr'><em>non</em></span> <span class='ocrx_word' id='word_1_371' title='bbox 679 3702 722 3765; x_wconf 90' lang='lat' dir='ltr'><em>sit</em></span> <span class='ocrx_word' id='word_1_372' title='bbox 732 3701 862 3764; x_wconf 90' lang='lat' dir='ltr'><em>omnino</em></span> <span class='ocrx_word' id='word_1_373' title='bbox 877 3703 977 3764; x_wconf 85' lang='lat' dir='ltr'><em>certus</em></span> <span class='ocrx_word' id='word_1_374' title='bbox 993 3701 1030 3763; x_wconf 88' lang='lat' dir='ltr'><em>de</em></span> <span class='ocrx_word' id='word_1_375' title='bbox 1042 3698 1277 3780; x_wconf 87' lang='lat' dir='ltr'><em>impedimento,</em></span> <span class='ocrx_word' id='word_1_376' title='bbox 1295 3697 1346 3758; x_wconf 90' lang='lat' dir='ltr'><em>sed</em></span> <span class='ocrx_word' id='word_1_377' title='bbox 1360 3695 1412 3758; x_wconf 89' lang='lat' dir='ltr'><em>ali-</em></span> 
     </span>
     <span class='ocr_line' id='line_1_41' title="bbox 134 3786 1413 3869; baseline -0.005 -19"><span class='ocrx_word' id='word_1_378' title='bbox 134 3807 194 3869; x_wconf 90' lang='lat' dir='ltr'><em>quo</em></span> <span class='ocrx_word' id='word_1_379' title='bbox 212 3790 301 3852; x_wconf 89' lang='lat' dir='ltr'><em>modo</em></span> <span class='ocrx_word' id='word_1_380' title='bbox 320 3790 440 3853; x_wconf 89' lang='lat' dir='ltr'><em>dubitet</em></span> <span class='ocrx_word' id='word_1_381' title='bbox 456 3791 493 3852; x_wconf 89' lang='lat' dir='ltr'><em>de</em></span> <span class='ocrx_word' id='word_1_382' title='bbox 511 3791 578 3868; x_wconf 92' lang='lat' dir='ltr'><em>illo,</em></span> <span class='ocrx_word' id='word_1_383' title='bbox 599 3791 740 3855; x_wconf 83' lang='lat' dir='ltr'><em>validum</em></span> <span class='ocrx_word' id='word_1_384' title='bbox 761 3797 807 3854; x_wconf 91' lang='lat' dir='ltr'><em>est</em></span> <span class='ocrx_word' id='word_1_385' title='bbox 823 3789 1066 3854; x_wconf 86' lang='lat' dir='ltr'><em>Matrimonium.</em></span> <span class='ocrx_word' id='word_1_386' title='bbox 1083 3823 1124 3835; x_wconf 89' lang='lat'><em>-</em></span> <span class='ocrx_word' id='word_1_387' title='bbox 1143 3789 1195 3851; x_wconf 91' lang='lat' dir='ltr'><em>Ita</em></span> <span class='ocrx_word' id='word_1_388' title='bbox 1214 3786 1413 3848; x_wconf 88' lang='lat' dir='ltr'><em>communiter</em></span> 
     </span>
     <span class='ocr_line' id='line_1_42' title="bbox 134 3873 1409 3962; baseline -0.003 -22"><span class='ocrx_word' id='word_1_389' title='bbox 134 3895 205 3940; x_wconf 88' lang='lat' dir='ltr'><em>cum</em></span> <span class='ocrx_word' id='word_1_390' title='bbox 229 3879 379 3952; x_wconf 85' lang='lat' dir='ltr'><em>Lacrcia,</em></span> <span class='ocrx_word' id='word_1_391' title='bbox 395 3901 426 3942; x_wconf 90' lang='lat' dir='ltr'><em>n.</em></span> <span class='ocrx_word' id='word_1_392' title='bbox 451 3883 521 3944; x_wconf 69' lang='lat'><em>523.</em></span> <span class='ocrx_word' id='word_1_393' title='bbox 535 3915 576 3926; x_wconf 88' lang='lat'><em>—-</em></span> <span class='ocrx_word' id='word_1_394' title='bbox 591 3881 681 3944; x_wconf 87' lang='lat' dir='ltr'><em>Ratio</em></span> <span class='ocrx_word' id='word_1_395' title='bbox 696 3888 757 3956; x_wconf 82' lang='lat' dir='ltr'><em>cst,</em></span> <span class='ocrx_word' id='word_1_396' title='bbox 783 3880 856 3962; x_wconf 86' lang='lat' dir='ltr'><em>quia</em></span> <span class='ocrx_word' id='word_1_397' title='bbox 879 3879 1032 3942; x_wconf 88' lang='lat' dir='ltr'><em>contrahit</em></span> <span class='ocrx_word' id='word_1_398' title='bbox 1056 3879 1163 3942; x_wconf 88' lang='lat' dir='ltr'><em>saltem</em></span> <span class='ocrx_word' id='word_1_399' title='bbox 1185 3873 1409 3948; x_wconf 84' lang='lat' dir='ltr'><em>conditionate,</em></span> 
     </span>
     <span class='ocr_line' id='line_1_43' title="bbox 133 3961 1409 4051; baseline -0.005 -22"><span class='ocrx_word' id='word_1_400' title='bbox 133 3982 244 4045; x_wconf 88' lang='lat' dir='ltr'><em>nempe</em></span> <span class='ocrx_word' id='word_1_401' title='bbox 260 3968 293 4027; x_wconf 88' lang='lat' dir='ltr'><em>in</em></span> <span class='ocrx_word' id='word_1_402' title='bbox 307 3979 451 4048; x_wconf 71' lang='lat' dir='ltr'><em>meantum</em></span> <span class='ocrx_word' id='word_1_403' title='bbox 469 3989 605 4050; x_wconf 82' lang='lat' dir='ltr'><em>possum,</em></span> <span class='ocrx_word' id='word_1_404' title='bbox 625 3970 769 4051; x_wconf 86' lang='lat' dir='ltr'><em>quamvis</em></span> <span class='ocrx_word' id='word_1_405' title='bbox 787 3971 826 4032; x_wconf 93' lang='lat' dir='ltr'><em>ad</em></span> <span class='ocrx_word' id='word_1_406' title='bbox 848 3968 1053 4032; x_wconf 86' lang='lat' dir='ltr'><em>conditionem</em></span> <span class='ocrx_word' id='word_1_407' title='bbox 1068 3967 1152 4030; x_wconf 87' lang='lat' dir='ltr'><em>illam</em></span> <span class='ocrx_word' id='word_1_408' title='bbox 1172 3983 1235 4026; x_wconf 92' lang='lat' dir='ltr'><em>non</em></span> <span class='ocrx_word' id='word_1_409' title='bbox 1257 3961 1409 4026; x_wconf 83' lang='lat' dir='ltr'><em>reiectat:</em></span> 
     </span>
     <span class='ocr_line' id='line_1_44' title="bbox 133 4055 1236 4140; baseline -0.001 -24"><span class='ocrx_word' id='word_1_410' title='bbox 133 4073 204 4134; x_wconf 85' lang='lat' dir='ltr'><em>orgo</em></span> <span class='ocrx_word' id='word_1_411' title='bbox 217 4071 280 4116; x_wconf 90' lang='lat' dir='ltr'><em>non</em></span> <span class='ocrx_word' id='word_1_412' title='bbox 292 4056 456 4119; x_wconf 85' lang='lat' dir='ltr'><em>exsistente</em></span> <span class='ocrx_word' id='word_1_413' title='bbox 469 4058 691 4140; x_wconf 89' lang='lat' dir='ltr'><em>impedimenta</em></span> <span class='ocrx_word' id='word_1_414' title='bbox 706 4078 872 4122; x_wconf 87' lang='lat' dir='ltr'><em>consensus</em></span> <span class='ocrx_word' id='word_1_415' title='bbox 882 4061 948 4140; x_wconf 87' lang='lat' dir='ltr'><em>jam</em></span> <span class='ocrx_word' id='word_1_416' title='bbox 964 4057 1050 4118; x_wconf 88' lang='lat' dir='ltr'><em>adest</em></span> <span class='ocrx_word' id='word_1_417' title='bbox 1066 4055 1236 4118; x_wconf 84' lang='lat' dir='ltr'><em>absolutus.</em></span> 
     </span>
    </p>

    <p class='ocr_par' dir='ltr' id='par_1_13' title="bbox 174 4142 1410 4226">
     <span class='ocr_line' id='line_1_45' title="bbox 174 4142 1410 4226; baseline -0.002 -20"><span class='ocrx_word' id='word_1_418' title='bbox 174 4143 265 4224; x_wconf 77' lang='lat' dir='ltr'><em>Hesp.</em></span> <span class='ocrx_word' id='word_1_419' title='bbox 284 4148 317 4206; x_wconf 70' lang='lat'><em>2⁰</em></span> <span class='ocrx_word' id='word_1_420' title='bbox 332 4163 338 4205; x_wconf 96' lang='lat'><strong>:</strong></span> <span class='ocrx_word' id='word_1_421' title='bbox 355 4145 388 4206; x_wconf 86' lang='lat' dir='ltr'><em>Si</em></span> <span class='ocrx_word' id='word_1_422' title='bbox 401 4148 561 4208; x_wconf 89' lang='lat' dir='ltr'><em>contrahat</em></span> <span class='ocrx_word' id='word_1_423' title='bbox 573 4165 644 4209; x_wconf 85' lang='lat' dir='ltr'><em>cunr</em></span> <span class='ocrx_word' id='word_1_424' title='bbox 655 4148 840 4210; x_wconf 86' lang='lat' dir='ltr'><em>certitudine</em></span> <span class='ocrx_word' id='word_1_425' title='bbox 853 4145 1081 4226; x_wconf 84' lang='lat' dir='ltr'><em>impedimenti,</em></span> <span class='ocrx_word' id='word_1_426' title='bbox 1093 4145 1176 4225; x_wconf 88' lang='lat' dir='ltr'><em>quod</em></span> <span class='ocrx_word' id='word_1_427' title='bbox 1189 4142 1277 4224; x_wconf 78' lang='lat' dir='ltr'><em>parvi</em></span> <span class='ocrx_word' id='word_1_428' title='bbox 1288 4143 1410 4223; x_wconf 62' lang='lat' dir='ltr'><em>penda,</em></span> 
     </span>
    </p>
   </div>
   <div class='ocr_carea' id='block_1_3' title="bbox 131 4228 1536 4312">
    <p class='ocr_par' dir='ltr' id='par_1_14' title="bbox 131 4228 1536 4312">
     <span class='ocr_line' id='line_1_46' title="bbox 131 4228 1536 4312; baseline -0.001 -16"><span class='ocrx_word' id='word_1_429' title='bbox 131 4233 178 4296; x_wconf 89' lang='lat' dir='ltr'><em>ita</em></span> <span class='ocrx_word' id='word_1_430' title='bbox 195 4239 234 4294; x_wconf 89' lang='lat' dir='ltr'><em>ut</em></span> <span class='ocrx_word' id='word_1_431' title='bbox 248 4239 365 4295; x_wconf 88' lang='lat' dir='ltr'><em>statuat</em></span> <span class='ocrx_word' id='word_1_432' title='bbox 384 4235 486 4296; x_wconf 74' lang='lat' dir='ltr'><em>maere</em></span> <span class='ocrx_word' id='word_1_433' title='bbox 510 4235 545 4296; x_wconf 92' lang='lat' dir='ltr'><em>in</em></span> <span class='ocrx_word' id='word_1_434' title='bbox 568 4237 791 4312; x_wconf 87' lang='lat' dir='ltr'><em>concubinatu,</em></span> <span class='ocrx_word' id='word_1_435' title='bbox 808 4243 927 4298; x_wconf 88' lang='lat' dir='ltr'><em>certum</em></span> <span class='ocrx_word' id='word_1_436' title='bbox 949 4240 1013 4308; x_wconf 89' lang='lat' dir='ltr'><em>est,</em></span> <span class='ocrx_word' id='word_1_437' title='bbox 1034 4232 1207 4296; x_wconf 82' lang='lat' dir='ltr'><em>invalidum</em></span> <span class='ocrx_word' id='word_1_438' title='bbox 1225 4249 1290 4295; x_wconf 89' lang='lat' dir='ltr'><em>esse</em></span> <span class='ocrx_word' id='word_1_439' title='bbox 1310 4228 1414 4294; x_wconf 87' lang='lat' dir='ltr'><em>Matri-</em></span> <span class='ocrx_word' id='word_1_440' title='bbox 1532 4299 1536 4308; x_wconf 63' lang='grc'>,</span> 
     </span>
    </p>
   </div>
   <div class='ocr_carea' id='block_1_4' title="bbox 132 4320 1413 4585">
    <p class='ocr_par' dir='ltr' id='par_1_15' title="bbox 132 4320 1413 4585">
     <span class='ocr_line' id='line_1_47' title="bbox 133 4320 1413 4424; baseline -0.004 -41"><span class='ocrx_word' id='word_1_441' title='bbox 133 4321 286 4424; x_wconf 36' lang='lat' dir='ltr'><em>monium..</em></span> <span class='ocrx_word' id='word_1_442' title='bbox 301 4323 389 4386; x_wconf 86' lang='lat' dir='ltr'><em>Ratio</em></span> <span class='ocrx_word' id='word_1_443' title='bbox 405 4325 468 4396; x_wconf 88' lang='lat' dir='ltr'><em>est,</em></span> <span class='ocrx_word' id='word_1_444' title='bbox 485 4323 559 4404; x_wconf 88' lang='lat' dir='ltr'><em>quia</em></span> <span class='ocrx_word' id='word_1_445' title='bbox 576 4331 651 4386; x_wconf 89' lang='lat' dir='ltr'><em>tuno</em></span> <span class='ocrx_word' id='word_1_446' title='bbox 667 4325 808 4387; x_wconf 80' lang='lat' dir='ltr'><em>voluntas</em></span> <span class='ocrx_word' id='word_1_447' title='bbox 823 4321 1023 4388; x_wconf 86' lang='lat' dir='ltr'><em>contrahendi</em></span> <span class='ocrx_word' id='word_1_448' title='bbox 1036 4320 1269 4385; x_wconf 85' lang='lat' dir='ltr'><em>Matrimonium</em></span> <span class='ocrx_word' id='word_1_449' title='bbox 1288 4337 1348 4382; x_wconf 88' lang='lat' dir='ltr'><em>nan</em></span> <span class='ocrx_word' id='word_1_450' title='bbox 1367 4321 1413 4380; x_wconf 83' lang='lat' dir='ltr'><em>est</em></span> 
     </span>
     <span class='ocr_line' id='line_1_48' title="bbox 132 4412 1412 4585; baseline -0.003 -22"><span class='ocrx_word' id='word_1_451' title='bbox 132 4412 385 4584; x_wconf 46' lang='grc' dir='ltr'><em>Ρΐῗίἶὲῗὲξῗέἰ</em></span> <span class='ocrx_word' id='word_1_452' title='bbox 400 4503 561 4567; x_wconf 88' lang='lat' dir='ltr'><em>contrahat</em></span> <span class='ocrx_word' id='word_1_453' title='bbox 571 4503 698 4584; x_wconf 89' lang='lat' dir='ltr'><em>quidem</em></span> <span class='ocrx_word' id='word_1_454' title='bbox 712 4521 783 4567; x_wconf 88' lang='lat' dir='ltr'><em>eam</em></span> <span class='ocrx_word' id='word_1_455' title='bbox 798 4502 982 4567; x_wconf 85' lang='lat' dir='ltr'><em>certitudine</em></span> <span class='ocrx_word' id='word_1_456' title='bbox 995 4499 1226 4585; x_wconf 84' lang='lat' dir='ltr'><em>impedimenti,</em></span> <span class='ocrx_word' id='word_1_457' title='bbox 1240 4500 1295 4564; x_wconf 79' lang='lat' dir='ltr'><em>scd</em></span> <span class='ocrx_word' id='word_1_458' title='bbox 1307 4498 1412 4562; x_wconf 75' lang='lat' dir='ltr'><em>datan</em></span> 
     </span>
    </p>
   </div>
   <div class='ocr_carea' id='block_1_5' title="bbox 0 0 1616 5044">
    <p class='ocr_par' dir='ltr' id='par_1_16' title="bbox 0 0 1616 5044">
     <span class='ocr_line' id='line_1_49' title="bbox 0 0 1616 5044; baseline 0 0"><span class='ocrx_word' id='word_1_459' title='bbox 0 0 1616 5044; x_wconf 95' lang='lat' dir='ltr'><em> </em></span> 
     </span>
    </p>
   </div>
  </div>
 </body>
</html>
