3220 5042
169 171 238 231 tuo
707 178 912 225 reserares

80 291 84 300 '
173 294 250 360 solvi
263 296 363 373 potest
375 290 512 353 etdebct
523 290 688 370 poenitens,
703 289 823 371 quotics
836 289 940 370 aliquo
952 306 1046 352 sensu
1056 288 1234 369 percipitur.
1251 323 1292 336 ·-
1304 289 1354 352 Ira
1368 311 1446 354 corn-

171 385 308 445 mum'ter
319 398 390 443 oum
402 378 436 440 S.
454 380 524 461 Lip.
541 400 573 440 rr.
589 383 659 442 429.

214 471 295 537 llinc
307 476 339 533 1⁰
352 468 557 532 absolvendus
570 473 618 530 est
631 467 682 529 ille
693 468 748 548 qui
763 467 886 531 ridetur
903 487 920 530 e
935 473 1013 531 tecto
1026 485 1127 542 ruere,
1141 465 1176 528 in
1194 466 1310 529 flumen
1324 469 1443 546 cadere,

172 563 207 624 in
231 578 317 622 mare
335 557 509 636 submergi,
531 558 642 619 saltem
656 555 684 618 si
701 575 762 618 non
783 558 887 637 procul
906 576 924 618 a
941 555 1128 620 ssonlessario
1144 554 1253 631 distem
1274 559 1309 620 2⁰
1323 556 1352 618 si
1368 560 1447 622 Gon-

172 648 318 714 lessarius
342 647 380 710 ob
408 646 581 730 periculum
605 644 795 720 infectionis,
828 651 883 707 aut
907 645 945 708 ob
971 644 1064 706 aliam
1088 661 1229 716 causam,
1261 663 1324 706 non
1352 647 1449 726 possit

173 737 351 802 cubiculum
369 734 488 798 inlinni
513 734 647 814 ingredi,
663 735 753 796 illum
771 737 897 816 ojanna
912 733 1064 796 absolvere
1084 732 1186 809 debet;
1203 737 1235 796 3ο
1254 733 1280 795 si
1294 734 1449 814 paenitens

173 827 326 890 recederet
349 844 367 886 a
387 821 576 887 confessario
597 842 659 885 non
680 824 780 886 adhuc
800 823 977 896 absolutus,
1000 840 1033 884 se
1051 821 1227 884 ahsolutum
1249 820 1448 902 existimem,

174 914 378 978 absolvendus
389 917 483 986 esset,
501 911 529 974 si
545 929 657 992 parum
677 912 796 974 distans
814 912 1013 993 aspiceretur,
1030 917 1085 972 aut
1103 915 1184 972 certo
1202 911 1332 974 sciretur
1346 912 1450 975 adesse

172 1003 259 1066 iutra
273 1001 408 1066 urinam
420 1001 560 1076 unbem
574 1003 761 1064 revocandus
772 1005 875 1063 tomen
889 1000 981 1072 loret,
997 999 1023 1061 si
1035 1000 1191 1062 commode
1206 999 1269 1061 lieri
1285 1007 1399 1080 posset.

214 1095 286 1155 tao.
306 1123 346 1135 -
364 1093 456 1166 Quen
476 1093 511 1152 6⁰
532 1089 581 1149 Aa
598 1109 658 1171 per
682 1089 775 1151 uerbo
788 1109 801 1150 .·
818 1093 863 1152 Ta
882 1105 1017 1152 tesauro
1038 1107 1059 1150 a
1080 1104 1221 1150 rncmrrs
1242 1107 1328 1166 rura,
1347 1093 1451 1170 possit

178 1179 391 1258 confessarius
405 1179 507 1240 aalide
518 1177 668 1240 absoluere
678 1180 872 1259 penitentem
888 1189 949 1238 tuna
965 1195 984 1238 u
1002 1177 1138 1237 censuris
1158 1197 1249 1258 quom
1267 1197 1285 1238 o
1299 1175 1451 1258 percutis?

216 1269 308 1350 Resp.
333 1271 356 1328 A
363 1268 475 1349 sfirm„
495 1266 569 1347 quia
586 1267 651 1329 hmo
669 1267 775 1342 verba,
797 1268 928 1330 Ateus
949 1273 977 1327 te
996 1269 1159 1347 operculis
1178 1269 1257 1344 tuis,
1284 1265 1451 1330 involvunt

177 1355 404 1419 ahsolutionem
419 1373 438 1416 a
454 1371 646 1436 quocumque
665 1356 787 1418 vinculo
806 1363 872 1418 orto
891 1374 930 1418 ex
943 1353 1087 1436 peccatis,
1103 1361 1134 1416 et
1146 1353 1226 1416 nihil
1241 1355 1358 1430 obstat,
1375 1373 1452 1436 quo-

174 1443 281 1506 minus
295 1442 502 1505 Gonfessarius
513 1443 643 1522 dirigere
654 1444 750 1525 possit
762 1445 966 1506 intentionem
978 1444 1016 1506 ad
1029 1443 1251 1505 absolutionem
1268 1450 1336 1506 tum
1350 1462 1453 1523 pecca

174 1539 290 1605 torum,
308 1538 377 1594 tum
389 1531 601 1594 censurarum.
612 1567 651 1578 -
666 1535 712 1596 lto
728 1535 934 1595 communiter.
942 1569 982 1578 -
993 1533 1029 1595 S.
1045 1533 1116 1613 Lip.
1130 1553 1161 1592 u.
1178 1537 1292 1596 430.-
1304 1532 1449 1607 Locroic,

174 1623 313 1694 adlidi,
328 1625 386 1682 etc.

212 1711 317 1785 Quen.
335 1713 366 1770 7·
377 1709 428 1770 dn
443 1710 544 1772 uolr'du
558 1711 600 1771 sit
613 1709 795 1784 Absoluta),
811 1713 839 1772 si
859 1711 1066 1793 Consesrorius
1086 1708 1222 1771 absoluat
1234 1713 1326 1791 prius
1348 1729 1368 1772 u
1384 1731 1454 1793 pcr-

175 1797 267 1874 οαίὶε,
281 1817 371 1878 quum
383 1818 403 1858 u
418 1801 571 1860 censuris?

216 1885 306 1966 resp.
333 1885 473 1968 Affirm,
494 1887 568 1968 quia
585 1905 715 1951 censura
734 1907 797 1951 non
812 1888 914 1952 obstat
928 1887 1078 1952 caliditati
1093 1886 1301 1960 Senamonti,
1315 1889 1366 1950 sed
1384 1894 1453 1950 tan-

175 1979 246 2037 tum
264 1973 355 2036 licite
375 1975 575 2056 susceptioni,
592 1977 641 2040 vel
661 1976 941 2040 administrationi.
960 1981 1100 2040 Peccaret
1112 1981 1217 2038 autem
1238 1974 1380 2054 graviter,
1395 1975 1454 2056 qni

174 2061 262 2142 prius
278 2063 448 2126 absolveret
460 2065 634 2145 operantis,
648 2083 777 2146 quama
791 2065 942 2140 censuris,
959 2065 1033 2145 quia
1048 2071 1152 2127 contra
1167 2081 1292 2145 gravem
1312 2064 1453 2128 Ecclesia

174 2149 416 2230 prohibitionem
433 2160 546 2232 ageret.
569 2153 695 2234 Excipe,
711 2153 738 2216 si
760 2173 821 2215 non
839 2158 949 2234 agatur
965 2154 1002 2215 de
1016 2151 1454 2232 excommunicaveramus

174 2243 301 2302 tantum
322 2240 360 2302 do
382 2242 630 2322 suspensionibus
650 2249 681 2304 et
702 2242 888 2318 interdicas·
903 2241 977 2322 quia
998 2240 1067 2304 istm
1085 2259 1222 2304 censure
1245 2259 1306 2304 non
1328 2241 1453 2322 privant

174 2343 228 2406 per
246 2345 278 2390 se
291 2328 462 2409 receptione
481 2329 669 2392 Sacramenti
685 2329 889 2392 Paenitentia.
906 2365 946 2373 —-
960 2329 996 2391 S.
1015 2330 1085 2412 Lip.
1104 2351 1136 2392 u.
1155 2335 1229 2394 430.
1246 2363 1287 2377 -
1299 2331 1453 2410 Lucroia,

176 2417 276 2476 etalii
288 2421 493 2478 communiter.
866 2440 872 2452 ¹

214 2504 317 2579 Quen.
331 2509 365 2568 8⁰
381 2506 490 2568 Utrum
502 2505 580 2566 stolo
594 2508 770 2588 requei-atur
783 2506 825 2568 cd
837 2505 1067 2568 Sacramentum
1084 2507 1294 2570 Punitruta'a?

214 2592 304 2674 deep.
318 2614 331 2653 .·
347 2594 413 2656 Etsi
428 2593 560 2658 Ritualis
572 2594 705 2659 Rubrica
720 2594 862 2658 rideatur
877 2613 942 2658 esse
956 2597 1106 2659 directim
1120 2603 1151 2660 et
1168 2615 1231 2660 non
1247 2601 1452 2679 percepitur,

176 2697 259 2744 saura
281 2687 385 2745 tamm
408 2683 606 2764 congregatio
631 2683 763 2748 Rituum
786 2685 825 2746 ad
850 2683 1051 2748 contusiones
1075 2685 1112 2748 in
1136 2684 1259 2748 molesia
1281 2683 1450 2750 audiendas

177 2785 272 2834 mum
286 2770 372 2832 stols
382 2770 521 2852 prorupit
532 2773 587 2854 (tl
603 2775 686 2854 Sept.
703 2775 802 2855 tatu)
816 2776 850 2833 tn
866 2773 977 2836 Parca.

719 2984 911 3046 APPENDIX

609 3140 651 3193 llll
669 3139 772 3184 Fssffl
790 3139 1014 3186 eorumdum

216 3303 287 3362 tat.
303 3333 342 3343 -
364 3295 439 3358 Dico
459 3301 493 3360 1:
509 3303 636 3363 Certum
660 3305 726 3374 est,
740 3299 874 3364 validam
897 3318 963 3364 esse
982 3301 1016 3360 in
1037 3299 1119 3360 omni
1139 3319 1209 3360 cusu
1226 3300 1452 3364 absolutionem

175 3387 233 3450 sarh
247 3385 420 3450 conditione
439 3387 477 3450 da
491 3389 695 3470 presentant
712 3392 869 3470 preterito
885 3387 1092 3469 impertitam,
1109 3389 1199 3450 ruodo
1211 3388 1316 3452 adsint
1330 3388 1390 3452 alia
1403 3407 1452 3452 ra

175 3475 291 3555 quisita
304 3475 345 3538 ad
368 3475 558 3540 Sacramcmi
579 3473 788 3540 validitatem:
805 3477 938 3540 conditio
952 3477 1036 3542 enim
1054 3475 1138 3540 nullo
1158 3477 1249 3540 modo
1264 3483 1368 3540 mutat
1381 3495 1450 3540 sen-

176 3581 245 3627 sum
271 3563 378 3628 forma
400 3564 647 3641 sacramentalis,
669 3583 764 3647 quam
790 3563 1096 3641 nullatenus·afficit;
1127 3565 1179 3628 sed
1207 3564 1299 3628 afficit
1325 3571 1452 3630 lantum

175 3650 367 3716 voluntatem
385 3653 584 3728 contremui,
603 3654 656 3732 qui
671 3671 732 3716 non
746 3653 881 3716 intendit
895 3653 1050 3717 absolvere
1060 3653 1122 3716 nisi
1134 3653 1299 3734 impleatur
1312 3654 1452 3735 apposita

176 3741 308 3804 conditio
321 3760 328 3805 :
343 3741 400 3805 hac
415 3747 521 3807 autcru
534 3742 677 3821 impleta,
693 3741 791 3804 forma
803 3741 906 3804 eradit
919 3743 1072 3818 absoluta;
1089 3749 1121 3806 et
1134 3741 1260 3822 proinde
1274 3743 1355 3805 nihil
1367 3761 1451 3824 repe-

174 3823 266 3902 nitur,
281 3831 361 3908 quod
375 3833 440 3912 ejus
456 3829 610 3895 mliditati
623 3829 739 3892 officere
755 3830 861 3910 possit.
884 3865 915 3876 -
930 3830 980 3892 Iro
998 3831 1034 3893 S.
1054 3831 1135 3912 Lr'p„
1154 3851 1186 3892 c.
1209 3835 1263 3894 tat
1277 3880 1284 3905 ,
1300 3830 1356 3894 ubi
1374 3831 1451 3896 dicit

174 3929 273 3972 omncs
286 3917 322 3976 de
335 3919 389 3979 doc
401 3922 575 3982 conueniret
590 3953 629 3963 -—
643 3917 797 3988 Biltuurc,
816 3919 886 3980 dass.
905 3937 954 3994 rr,
968 3929 1028 3980 ort.
1049 3925 1101 3995 l0,
1114 3923 1132 3999 ξ
1146 3925 1175 3994 7,
1190 3919 1243 3983 ubi
1263 3919 1374 3982 asserit
1390 3939 1450 3982 esre

175 4003 350 4062 senteutiam
370 4011 651 4070 communissimum.
672 4042 712 4051 —
735 4005 851 4082 Colla,
870 4007 906 4069 do
925 4011 1036 4089 iutepr.
1057 4012 1140 4088 cous.
1162 4011 1226 4085 §iu
1243 4044 1283 4053 —
1297 4009 1449 4084 Anteius,

175 4103 200 4146 ⁶·
214 4105 260 4160 1¹.
277 4095 334 4152 eto.
349 4126 390 4138 -
402 4097 486 4159 lnter
498 4115 609 4177 paucos
619 4095 807 4159 adversarios
819 4103 868 4158 est
881 4097 1132 4160 adnumerandus
1148 4099 1266 4172 Pontos,
1285 4095 1374 4159 uerbo
1386 4097 1449 4160 Ab·

175 4171 325 4252 ⁸⁰¹11l50sst
338 4199 387 4240 ccc
401 4185 435 4256 5,
451 4187 504 4249 scd
517 4184 627 4248 merito
640 4185 775 4264 carpitur
789 4203 807 4246 a
821 4185 918 4248 cutm
932 4187 1124 4260 adnotatam,
1141 4185 1218 4248 ibid.

192 4299 200 4358 '.
214 4263 286 4360 ⁴32·
301 4297 339 4309 ·-
354 4269 529 4336 Adversarii
538 4271 708 4354 generatim
718 4272 920 4354 distinguunt
933 4274 1015 4338 inter
1025 4274 1231 4340 conditionem
1241 4275 1329 4355 sacti,
1340 4295 1372 4337 r.
1386 4293 1455 4355 gn„

172 4351 299 4449 Qvi-t
315 4358 347 4450 sl
360 4357 565 4424 mnditiooam
571 4364 666 4445 joras,
684 4363 721 4424 de
735 4363 849 4443 quibus
860 4361 1067 4426 Gonlessarius
1075 4362 1212 4444 judicare
1223 4363 1323 4438 debet,
1340 4383 1371 4428 r.
1385 4381 1448 4444 gr„

170 4449 197 4490 u
216 4451 260 4494 su
286 4437 458 4522 dispositus.
477 4451 669 4514 Permittunt
692 4451 932 4516 conditionatum
951 4451 1174 4516 absolutionem
1193 4451 1229 4514 in
1246 4451 1341 4532 priori
1355 4469 1445 4526 raso,
