3220 5042
497 251 539 294 nn
565 248 803 293 sncnaunnro
828 249 1068 294 amvirnnrrn
1354 241 1422 300 253

148 363 254 446 quales
271 367 345 423 sunt
363 359 573 436 Benedictici,
591 359 747 436 Tbeatini,
767 357 968 440 Conpregatio
987 359 1024 420 de
1039 359 1216 439 Somaselio,
1236 361 1349 425 Clerici
1367 370 1423 426 mi-

149 453 245 512 nistri
257 449 460 531 infirmorum,
474 453 545 524 etc,
560 448 623 510 imo
635 453 665 510 et
680 447 836 509 nonnullis
851 448 1046 510 secularibus
1058 449 1358 529 Congregationibus,
1375 454 1423 516 uti

149 539 257 602 Sancti
276 537 419 620 Sabaitis,
441 537 551 599 Sancti
562 537 717 618 Spiritus,
736 541 807 610 etc,
828 535 1024 615 privilegium
1043 537 1188 618 competit
1205 537 1423 602 familiaritatis

150 649 203 710 pro
216 629 355 709 ipsorum
371 627 605 689 convictoribus.
622 625 720 706 Atqui
738 643 776 686 ex
790 623 1064 688 communicatione
1078 626 1309 706 privilegiorum
1323 629 1424 691 ceteri

149 717 276 781 Ordines
288 715 449 796 Regularcs
462 719 529 796 jam
543 715 602 776 tale
614 713 809 795 privilegium
822 720 1063 794 consequuntur.
1080 717 1174 795 Ergo,
1188 722 1245 778 etc.

191 809 261 868 Haec
272 811 377 868 autem
391 804 544 866 sententia
555 804 656 885 plures
670 807 823 867 Romanos
838 802 1006 882 theologos,
1022 809 1053 864 et
1069 803 1195 884 quidem
1210 805 1421 885 gravissimas,

150 895 242 958 babet
256 898 408 974 patronos.
425 897 483 956 Nec
495 892 595 954 obstat
607 909 699 972 supra
715 890 806 952 citata
821 890 936 953 Decisio
950 891 985 952 S.
1005 890 1116 973 Conpr.
1134 896 1165 953 in
1178 892 1350 956 Parmensi.
1366 897 1423 957 Re-

151 985 319 1065 spondetur
335 981 419 1044 enim
431 979 516 1043 illam
532 979 626 1043 fuisse
640 981 744 1043 datam
758 997 812 1060 pro
826 997 898 1041 casu
915 980 1145 1059 specialissima,
1162 1001 1229 1062 quae
1246 984 1371 1064 proinde
1385 985 1423 1046 ad

151 1091 239 1134 casus
253 1071 327 1134 alios
344 1069 474 1132 minime
487 1069 677 1132 extendenda
690 1073 745 1130 est.

192 1163 228 1222 In
241 1159 328 1240 praxi
344 1165 412 1222 tnta
426 1163 471 1221 cst
490 1159 637 1239 posterior
650 1158 715 1220 haec
730 1158 897 1232 sententia,
915 1159 1022 1221 saltem
1037 1160 1065 1222 si
1082 1160 1224 1239 Superior
1241 1161 1355 1240 collegii
1370 1179 1424 1222 seu

151 1250 308 1312 convictus
322 1249 355 1311 id
369 1248 508 1310 declaret.
524 1252 611 1310 Patet
624 1265 662 1309 ex
673 1245 810 1310 doctriua
827 1246 862 1308 S.
877 1246 998 1328 Ligarii
1008 1248 1088 1311 cirea
1097 1248 1331 1330 priuilepioram
1345 1269 1423 1311 ccm-

151 1338 394 1415 municationem,
409 1354 526 1398 necnon
536 1337 818 1418 interpretationem
822 1336 1056 1418 privilegiorum
1069 1337 1276 1418 Requlariara.
1287 1339 1421 1401 -Horn

152 1437 260 1510 apost,
279 1437 369 1488 tract.
386 1431 449 1501 XX,
466 1425 502 1487 tte
516 1424 703 1506 Pre'vilepiis.

667 1637 857 1697 APPENDIX
881 1637 908 1696 Π

492 1795 527 1837 ΒΕ
543 1795 751 1838 tnnlsmcstonn
769 1794 907 1836 RESPECTU
927 1794 1081 1836 HONULIUH

194 1961 264 2022 565.
280 1992 321 2003 —
339 1955 410 2018 Dico
424 1958 437 2017 Ι
454 1975 460 2018 :
477 1956 620 2020 Moniales
639 1974 702 2018 non
720 1961 849 2035 possunt
863 1954 998 2017 confiteri
1015 1955 1076 2016 nisi
1093 1956 1245 2018 Sacerdoti
1259 1956 1427 2036 specialiter

153 2065 207 2128 pro
225 2045 479 2127 ipsisapprobato
498 2045 536 2107 ab
555 2044 715 2124 Episcopo,
737 2044 804 2106 licet
825 2043 888 2106 sint
910 2050 1058 2124 exempta
1077 2044 1114 2106 ab
1133 2046 1269 2125 ejusdem
1288 2044 1427 2126 Episcopi

148 2134 379 2217 jurisdictione,
398 2141 429 2196 et
447 2132 648 2213 Regularibus
666 2131 782 2213 proprii
802 2131 924 2194 Ordinis
939 2132 1092 2212 subjectat.
1106 2134 1152 2196 lta
1166 2151 1204 2195 en
1217 2134 1303 2196 Bulla
1317 2137 1426 2214 Grego-

154 2223 193 2286 rii
207 2227 277 2299 XV,
292 2222 507 2300 lacrimabili,
525 2228 556 2284 et
569 2240 607 2282 cx
622 2221 690 2282 aliis
706 2218 986 2283 Constitutiouibus
1000 2223 1051 2284 SS.
1066 2221 1260 2285 Pontificum.
1274 2224 1338 2285 lmo
1350 2226 1426 2286 Gou-

152 2311 296 2375 lessarius
312 2311 496 2392 approbatus
516 2329 570 2390 pro
586 2328 648 2372 uno
660 2308 842 2372 Monasterio
856 2326 919 2370 nou
937 2314 1037 2388 potest
1051 2309 1150 2372 valide
1163 2310 1299 2392 excipere
1313 2311 1427 2374 confes-

154 2401 253 2464 siones
266 2400 448 2464 Monialium
467 2399 593 2462 alterius
609 2396 799 2472 Mouasterii,
815 2397 876 2458 uisi
891 2397 925 2458 in
938 2415 1046 2477 genere
1065 2417 1118 2478 pro
1132 2399 1315 2462 Monialibus
1334 2400 1427 2462 luerit

153 2491 348 2570 approbatus.
362 2491 432 2552 Hac
446 2487 639 2551 confirmavit
651 2487 789 2550 Clemens
803 2490 845 2561 X,
860 2503 911 2547 an.
924 2489 1013 2562 1670,
1030 2487 1117 2551 Bulla
1130 2487 1285 2570 Saperoa.
1301 2525 1340 2534 —
1357 2489 1423 2550 Vid.

155 2578 191 2641 S.
208 2580 292 2660 Lep,
307 2599 337 2640 ri.
355 2582 423 2641 576.

194 2671 240 2730 En
253 2671 374 2730 Decreta
388 2673 493 2729 autem
505 2665 529 2727 S
534 2712 540 2724 .
559 2665 672 2747 Caapr.
688 2665 917 2746 Episcoporam
930 2664 978 2727 die
987 2669 1028 2728 20
1042 2665 1227 2746 Septembris
1242 2671 1336 2742 tcta,
1352 2671 1428 2730 Gou-

155 2754 299 2817 lessarius
315 2753 488 2816 ordinarius
502 2753 682 2818 Monialium
696 2772 758 2815 non
772 2758 871 2832 potest
881 2753 1043 2833 approbari
1057 2754 1119 2815 nisi
1132 2773 1187 2835 pro
1201 2755 1349 2831 triennio;
1366 2775 1426 2836 quo

155 2844 270 2920 elapsa,
288 2861 349 2904 non
370 2845 468 2920 potest
486 2842 618 2921 amplius
636 2841 742 2903 audire
760 2839 961 2902 confessiones
982 2841 1015 2903 in
1036 2843 1141 2904 ecdem
1163 2842 1345 2906 blonasterio
1360 2843 1426 2906 sine

155 2928 279 2992 licentia
291 2928 327 2990 S.
345 2927 458 3010 Conpr.
470 2963 510 2974 —
522 2929 599 2991 Vide
613 2928 648 2990 S.
661 2929 745 3008 Lip,
761 2949 794 2988 rs.
810 2932 881 2990 ari.
896 2963 936 2996 τ-
950 2929 1007 2990 Sed
1020 2929 1197 3009 huJusmodi
1210 2929 1376 3005 restrictio,
1390 2940 1427 2994 ut

155 3017 289 3082 advertit
300 3017 444 3094 Baaaier,
461 3033 521 3078 non
536 3017 651 3096 ubique
669 3022 820 3092 servatur,
836 3022 867 3079 et
879 3021 953 3078 tunc
967 3017 1142 3098 approbatio
1157 3018 1236 3082 valet
1253 3019 1426 3098 usquedum

156 3106 257 3170 verbis
270 3111 325 3169 aut
340 3105 417 3167 lacto
431 3110 597 3167 revocetur.

195 3201 287 3258 Porro
293 3193 500 3258 confessarius
508 3199 631 3255 tenetur
640 3194 776 3256 accedere
789 3194 828 3256 ad
842 3193 1009 3257 audiendas
1018 3195 1199 3259 Monialium
1209 3197 1424 3273 confessiones,

158 3284 245 3348 toties
258 3282 377 3364 quotics
391 3288 517 3344 vocatus
533 3281 637 3344 luerit.
656 3281 682 3343 S
686 3328 692 3340 .
711 3281 825 3362 Caapr.
843 3283 922 3364 Ep,
937 3287 1027 3345 4705.
1040 3318 1081 3329 —
1094 3288 1245 3348 ceterum
1258 3291 1375 3362 caveat,
1389 3305 1427 3348 ne

156 3393 187 3435 se
207 3379 357 3453 tauquam
376 3369 567 3452 Superiorem
587 3369 763 3434 Mouasterii
783 3375 881 3448 gerat,
904 3387 975 3432 omn
994 3370 1053 3450 ipsi
1071 3372 1141 3434 talis
1159 3374 1325 3438 auctoritas
1343 3375 1427 3437 nullo

155 3462 244 3524 modo
259 3466 419 3542 competat.
434 3458 537 3521 -Sic
550 3458 585 3521 S.
604 3457 718 3540 Congo.
734 3457 768 3518 E
764 3478 814 3540 p.,
831 3462 848 3520 'l
865 3460 943 3538 Sept.
960 3462 1051 3521 1797.
1066 3495 1106 3506 --
1127 3459 1160 3524 V.
1176 3461 1325 3524 Analecta
1340 3463 1427 3524 luris

156 3551 263 3628 Parit„
279 3554 368 3624 1859,
383 3570 417 3631 p.
432 3553 525 3624 13222,
544 3553 633 3612 last.

197 3643 266 3703 566.
287 3677 326 3686 —
346 3640 462 3701 Dicoll
484 3659 492 3702 :
514 3637 652 3719 Episcopi
676 3645 707 3700 et
727 3636 779 3698 alii
798 3635 976 3700 Monialium
995 3638 1184 3717 Superiores,
1199 3639 1244 3701 illi
1263 3657 1372 3721 nempe
1390 3641 1428 3703 ad

156 3745 233 3808 quos
246 3728 380 3809 pertinet
392 3726 574 3792 Conlessarii
588 3725 692 3788 electio
706 3730 736 3788 et
749 3724 921 3805 deputatio,
940 3731 1085 3787 tenentur
1098 3725 1147 3788 bis
1160 3733 1216 3788 aut
1231 3733 1276 3790 ter
1288 3728 1322 3791 in
1334 3747 1425 3803 anno,

156 3816 231 3897 ipsis
252 3817 345 3879 etiam
367 3816 513 3892 Novitiis,
536 3815 678 3878 exhibere
699 3813 923 3878 confessarium
943 3814 1231 3878 extraordinarium.
1254 3817 1301 3878 Sic
1319 3817 1429 3880 statuit

156 3905 272 3968 Concil.
292 3905 389 3984 Tria,
409 3924 475 3966 sess.
499 3907 591 3980 XXV,
612 3904 648 3965 de
668 3903 861 3986 regularibus
885 3903 1085 3982 Martialibus,
1108 3924 1134 3965 e.
1157 3923 1191 3978 x,
1213 3904 1267 3967 ubi
1289 3905 1425 3972 dicitur:

154 3995 277 4056 Proeter
287 3993 478 4054 ordinarium
491 4001 590 4054 autem
603 3991 831 4073 Confessart'um
839 4039 847 4069 ,
860 3993 939 4053 alius
949 3993 1214 4054 extraordinarius
1225 3993 1263 4054 ab
1274 3995 1428 4079 Episcopo

156 4092 184 4142 et
196 4083 266 4144 aliis
280 4082 499 4165 Superioribus
513 4080 557 4142 tis
568 4090 623 4142 aut
637 4090 682 4141 ter
697 4082 728 4141 ia
743 4101 823 4142 anna
837 4083 996 4161 offeratur,
1014 4081 1067 4161 qui
1082 4082 1214 4142 amnium
1228 4085 1428 4163 consessiones

156 4169 263 4233 audire
278 4171 393 4233 debeat.
408 4205 448 4217 -
462 4172 531 4231 llaec
550 4174 667 4231 statuta
685 4169 907 4232 confirmarunt
924 4169 977 4231 alii
997 4173 1049 4232 SS.
1067 4169 1239 4244 Pontifices,
1260 4173 1429 4252 praesertim

156 4261 266 4322 Reum
281 4261 349 4322 XIV
363 4259 397 4321 in
415 4258 502 4322 Bulla
516 4257 699 4334 Pastoralis,
720 4258 802 4320 edita
818 4256 985 4336 anagasti
1002 4261 1089 4321 1748.
1111 4258 1203 4322 Debet
1220 4259 1347 4340 insuper
1359 4278 1429 4322 con-

155 4347 222 4411 cedi
234 4347 441 4412 confessarius
455 4345 648 4427 particularis
661 4345 845 4409 Monialibus
859 4345 895 4407 in
908 4345 1034 4408 articulo
1051 4347 1176 4424 mortis,
1190 4347 1217 4410 si
1229 4355 1352 4429 petant,
1366 4349 1430 4410 imo

156 4436 251 4500 etiam
267 4437 430 4518 abquando
444 4435 478 4498 in
493 4434 558 4498 vita
568 4482 575 4509 ,
587 4434 614 4496 si
623 4433 726 4514 aliqua
739 4433 878 4498 Monialis
890 4432 923 4496 id
936 4435 1083 4514 postulet,
1097 4443 1152 4499 aut
1165 4443 1282 4501 recuset
1294 4435 1430 4500 confiteri

156 4525 325 4604 ordinario;
342 4525 394 4589 sed
409 4531 483 4588 tunc
499 4541 554 4605 pro
568 4522 659 4586 certis
674 4529 798 4586 tanturn
812 4521 931 4586 vicibus
948 4523 1208 4616 entraordinarius
1224 4524 1430 4590 confessarius
