3224 5044
197 214 263 275 341
724 217 933 262 111111111

237 341 271 400 50
282 334 313 397 Si
325 335 402 396 alter
415 335 527 414 conjux
541 330 701 403 moriatur,
718 328 756 390 ad
771 346 866 391 novas
883 327 1007 408 nuptias
1024 327 1183 389 convolare
1196 329 1321 408 nequit,
1338 329 1400 392 nisi
1415 331 1482 394 dis-

197 424 409 508 pensationem
426 441 443 483 a
457 424 526 483 voto
541 438 596 482 suo
613 418 706 480 otiam
725 418 764 478 ad
783 417 867 478 hunc
881 417 1024 478 effectum
1038 416 1259 495 impetraverit.
1277 453 1316 462 -—
1330 419 1478 492 Lceroa‘a,

201 515 221 577 t.
238 518 279 577 ΙΙΙ
312 535 342 574 a.
361 516 430 576 561.

238 565 308 668 181.
320 639 359 646 -
373 602 409 662 ll.
432 599 540 660 Votum
554 617 613 658 noa
628 595 775 668 nubendi,
790 614 840 655 seu
856 603 958 655 cotum
970 593 1171 674 virginitatis.

240 698 272 755 10
286 691 344 766 Qui
359 695 429 752 voto
444 689 504 750 isto
516 687 628 749 emisso
642 683 877 750 Matrimonium
891 683 1059 756 contrahit,
1077 683 1212 762 graviter
1223 689 1339 765 peccat,
1356 694 1393 749 ut
1408 706 1478 750 ma-

199 779 348 844 nifestum
363 784 419 840 est.

239 875 273 932 2⁰
287 872 447 932 Contracta
470 864 684 940 matrimonio,
699 864 824 926 reddere
844 868 936 942 atquo
957 861 1052 923 etiam
1073 867 1174 941 petere
1195 868 1296 941 potest
1319 863 1477 943 debitum,

202 958 349 1039 quiajam
365 953 564 1035 impossibilis
580 953 657 1016 lacta
668 957 713 1016 est
724 951 788 1014 voti
804 951 983 1013 observatio.

242 1052 275 1110 3⁰
289 1046 332 1108 Oh
352 1044 490 1106 eamdem
511 1042 664 1105 rationem
686 1047 808 1104 mortuo
826 1041 953 1119 conjuge
972 1056 1088 1101 novum
1112 1039 1347 1102 Matrimonium
1369 1044 1479 1105 saltem

201 1134 399 1216 probabiliter
413 1133 590 1196 contrahere
604 1137 713 1212 potest.

240 1227 276 1286 In
298 1221 387 1303 praxi
412 1221 543 1283 dubium
566 1228 612 1282 est
631 1221 823 1300 quaudoque,
841 1217 969 1298 anquis
984 1217 1196 1296 virginitatem
1216 1235 1270 1280 seu
1285 1219 1478 1297 caelibatum,

201 1312 250 1375 vel
268 1312 370 1391 potius
394 1310 566 1371 castitatem
587 1308 714 1370 voverit.
733 1307 969 1386 Interrogandus
989 1305 1048 1368 erit
1069 1305 1237 1386 poenitens,
1252 1325 1292 1368 an
1306 1306 1479 1373 intentione

202 1419 233 1462 se
247 1401 284 1460 ab
298 1398 439 1460 oneribus
453 1396 641 1460 Matrimonii
656 1396 806 1458 liberandi
821 1395 1018 1476 sanctiusque
1037 1397 1095 1456 Deo
1115 1395 1268 1458 serviendi
1282 1396 1391 1458 duetus
1408 1398 1479 1460 lue-

201 1489 254 1562 rit,
272 1489 319 1549 vel
336 1491 423 1548 unice
436 1507 535 1547 amore
550 1495 579 1547 et
592 1486 701 1566 affectu
716 1487 884 1567 puritatis:
895 1485 930 1546 in
947 1483 1047 1563 primo
1066 1502 1137 1546 casu
1152 1484 1325 1547 caelibatum
1338 1492 1369 1547 et
1384 1487 1480 1566 virgi-

201 1575 340 1650 nitatem,
358 1576 391 1636 in
413 1576 544 1638 seeundo
565 1581 669 1637 autem
685 1593 754 1640 vere
778 1573 950 1636 castitatem
965 1571 1083 1636 vovisse
1101 1573 1269 1635 censendus
1291 1581 1348 1638 est.
1363 1611 1403 1620 —
1419 1576 1479 1637 Le·

202 1668 299 1742 croix,
316 1686 347 1724 a.
363 1669 432 1728 35¹1.

242 1757 312 1818 782.
329 1789 368 1798 -
383 1755 434 1815 Ill.
458 1752 565 1814 Votum
580 1752 769 1832 ingrediendi
782 1752 977 1833 Relipionem.

243 1843 348 1917 100111
369 1842 426 1904 tale
441 1849 549 1904 votum
569 1842 688 1916 emisit,
709 1849 811 1922 peccat
830 1840 962 1921 graviter
980 1840 1215 1903 Matrimonium
1235 1840 1385 1916 ineundo,
1408 1847 1474 1904 trun

202 1930 275 2010 quia
289 1931 421 1994 alterrun
435 1931 566 2011 decepit,
584 1935 651 1992 tum
666 1929 739 2012 quia
753 1949 784 1992 se
801 1929 925 2010 exponit
937 1928 1069 2008 periculo
1084 1934 1193 1991 vottun
1208 1929 1354 1992 violandi.

241 2024 274 2082 10
287 2021 368 2082 Ante
382 2019 571 2082 Matrimonii
585 2020 885 2082 consummationem
899 2021 1021 2080 tenetur
1035 2017 1224 2097 Religionem
1239 2017 1357 2097 ingredi
1370 2038 1378 2094 ;
1395 2019 1476 2080 ideo·

203 2126 262 2188 que
288 2107 458 2170 mortaliter
481 2114 599 2188 peccat,
627 2109 749 2188 quando
773 2107 874 2188 prima
900 2105 978 2180 vice,
1003 2106 1067 2168 sive
1087 2107 1217 2185 petendo
1241 2106 1305 2169 sive
1327 2108 1476 2170 reddendo

203 2194 353 2270 debitum,
370 2196 604 2258 Matrimonium
619 2202 828 2271 consummat;
848 2196 921 2276 quia
936 2201 1044 2258 votum
1059 2195 1226 2275 adimplere
1240 2197 1338 2266 debet,
1354 2197 1478 2276 quando

203 2288 311 2365 potest.
332 2284 409 2346 lllud
433 2292 537 2346 autem
557 2285 721 2366 adimplere
740 2291 839 2366 potest
859 2303 919 2346 non
936 2285 1181 2346 consummando
1198 2284 1431 2348 Matrimonium
1446 2285 1480 2348 in

203 2372 304 2453 primo
325 2371 484 2446 bimestri,
499 2391 571 2434 oum
586 2379 658 2435 tunc
674 2392 713 2434 ex
728 2372 886 2453 privilegio
906 2372 1012 2434 divino
1032 2371 1127 2452 possit
1147 2371 1278 2453 quilibet
1291 2374 1480 2454 Religionem

203 2460 332 2537 ingredi,
351 2467 383 2521 et
396 2461 491 2521 altera
502 2480 582 2539 pars,
600 2465 725 2540 conjuge
738 2460 914 2522 solemniter
926 2461 1101 2540 profitente,
1116 2479 1133 2524 a
1147 2461 1270 2524 vinculo
1286 2463 1479 2526 Matrimonii

203 2547 359 2619 liberetur,
372 2550 464 2627 juxta
478 2549 617 2627 superius
633 2549 759 2610 ellstan.
777 2553 846 2611 759.

245 2641 278 2699 3⁰
291 2639 361 2698 Post
375 2643 626 2699 consummatum
647 2637 882 2700 Matrimonium
902 2645 1000 2719 potest
1020 2644 1119 2720 petere
1138 2645 1168 2702 et
1181 2639 1298 2700 reddere
1312 2637 1475 2714 debitum,

204 2724 279 2805 quia
293 2725 446 2788 exsecutio
461 2725 525 2788 voti
540 2725 615 2788 lacta
627 2733 675 2788 est
687 2726 899 2807 impossibilis,
910 2732 940 2789 et
955 2727 1063 2807 petitio
1079 2734 1165 2790 actus
1177 2725 1337 2807 conjugalis
1350 2743 1415 2786 non
1428 2732 1481 2789 est

205 2818 308 2875 eontra
322 2815 405 2877 illius
418 2821 539 2890 votum,
557 2833 627 2878 oum
642 2835 704 2879 non
719 2816 837 2880 voverit
849 2817 1033 2890 castitatem,
1050 2819 1102 2878 sed
1120 2817 1317 2895 Religionem.

245 2907 279 2963 10
293 2902 396 2966 Etiam
419 2909 628 2967 consummato
652 2906 848 2968 Matrimonia
864 2924 918 2986 per
937 2924 968 2968 se
993 2893 1116 2967 tenetur
1137 2905 1325 2984 Religionem
1344 2903 1478 2983 ingredi,

207 2990 325 3069 quoties
348 2990 440 3052 illaeso
459 2995 624 3070 compartis
641 2995 710 3074 jure
730 2994 763 3056 id
774 2999 891 3073 potest,
910 3013 941 3056 v.
961 3011 1019 3072 gn,
1037 2993 1063 3055 si
1077 2995 1151 3056 alter
1165 2992 1352 3066 consentiat,
1370 2992 1418 3054 vel
1428 2995 1479 3072 pus

206 3078 329 3158 petendi
344 3078 483 3140 debitum
508 3080 633 3143 amittat
651 3083 685 3144 in
702 3087 903 3162 perpetuum,
927 3089 983 3144 aut
997 3081 1021 3144 si
1038 3080 1270 3147 Matrimonium
1285 3100 1338 3162 per
1351 3087 1482 3142 mortem

208 3166 357 3242 solvatur;
381 3166 454 3247 quia
477 3167 621 3248 obligatio
643 3171 706 3232 roti
730 3188 849 3251 semper
871 3169 1025 3233 subsistit.
1048 3172 1082 3231 ln
1105 3169 1192 3251 praxi
1217 3177 1323 3233 antem
1346 3169 1379 3230 in
1401 3168 1482 3230 bisce

207 3253 327 3316 casibus
344 3255 440 3335 magis
451 3258 587 3336 expedit,
602 3265 638 3320 nt
652 3260 691 3320 ad
705 3259 963 3339 dispensationem
977 3263 1163 3322 recurratur.

247 3346 317 3405 783.
332 3381 371 3388 —
383 3347 434 3406 lV.
459 3346 564 3406 Votum
580 3349 766 3428 suscipiendi
782 3347 922 3409 Ordines.

249 3435 280 3492 10
294 3431 352 3506 Qui
366 3439 475 3495 votum
489 3433 566 3496 illud
581 3435 699 3511 emisit,
713 3443 815 3516 peceat
830 3436 964 3517 graviter
978 3435 1214 3498 Matrimonium
1234 3435 1377 3508 inemrdo,
1393 3439 1430 3495 ut
1446 3433 1487 3497 in

208 3527 426 3600 compertoost.

248 3614 280 3671 10
303 3613 438 3672 Tenetur
456 3613 583 3675 Ordines
607 3615 773 3695 suscipere,
792 3615 817 3676 si
838 3616 947 3695 possit,
965 3635 994 3678 v.
1018 3634 1077 3695 gr.,
1098 3615 1124 3676 si
1144 3615 1282 3677 obtineat
1300 3630 1488 3675 consensum

207 3698 343 3760 alterins.
360 3703 454 3761 Juxta
468 3701 568 3780 plures
583 3707 706 3765 tenetur
722 3703 909 3783 Religionem
921 3704 1040 3783 ingredi
1052 3710 1123 3766 ante
1137 3702 1326 3766 Matrimonii
1340 3717 1490 3764 consum-

208 3786 392 3936 ptptionem,
408 3787 502 3849 etiam
516 3788 616 3852 invito
630 3791 739 3865 altere,
756 3798 791 3853 ut
805 3798 914 3854 votum
932 3792 1099 3872 adimplere
1113 3792 1221 3872 possit.
1236 3791 1294 3853 Sed
1308 3789 1363 3852 alii
1375 3789 1491 3872 proda-

228 3875 240 3934 1·
253 3876 299 3936 ies
312 3877 368 3940 hoc
382 3883 505 3957 negant.

229 3967 282 4110 130
296 3965 376 4027 Inito
390 3965 597 4040 Matrimonio,
614 3973 713 4047 potest
732 3968 810 4032 illud
825 3987 1054 4045 consummare,
1069 3970 1096 4032 si
1114 3976 1223 4033 votum
1239 3968 1374 4049 anaplius
1388 3969 1490 4032 adim-

209 4067 229 4128 p
241 4067 290 4111 erc
302 4062 441 4132 nequeat.

332 4188 526 4265 (anaante.

210 4320 323 4465 d'm'b
340 4352 383 4452 -?
400 4318 500 4392 Qunn.
520 4327 553 4383 10
579 4321 708 4397 Quietem
732 4324 909 4406 dispensare
932 4324 1053 4389 voleurit
1079 4327 1111 4386 in
1140 4323 1365 4406 impedimentis
1394 4325 1497 4407 irnpe-

233 4414 304 4464 aente
327 4427 374 4468 ua.

251 4491 339 4574 Resp.
356 4501 405 4558 1οι
421 4499 531 4574 Nemo,
548 4503 657 4578 prater
670 4507 835 4568 Summum
851 4506 1044 4582 Pontificem,
1066 4505 1242 4586 dispensare
1261 4507 1364 4584 potest
1376 4501 1418 4564 ab
1432 4503 1499 4567 im·
