3220 5042
220 245 288 306 208
749 257 955 302 rnunrrrus

237 443 292 536 51.
310 445 357 511 De
371 443 564 512 necessitate
579 443 788 531 intepritatis
798 465 811 506 :
827 443 860 508 1ο
871 442 912 508 in
924 462 1066 530 qenere;
1081 442 1115 508 2ο
1127 441 1167 509 tte
1180 444 1325 528 peccatis
1339 443 1471 524 dubiis·

339 541 372 608 3⁰
387 541 427 608 de
445 541 714 610 circumstantiis
728 549 962 628 peccatorum
983 538 1017 604 4⁰
1031 537 1072 606 de
1086 539 1231 626 peccatis
1243 539 1369 608 oblitus.

706 757 715 776 ι
766 702 906 748 inscruit
926 703 937 746 1

561 826 600 882 [te
614 822 785 881 necessitate
799 821 975 894 integritatis
987 822 1018 878 in
1032 837 1145 893 genere.

258 981 419 1044 tou-1.
437 977 547 1043 Omnia
566 982 687 1059 pensate
704 975 847 1040 mortalia
862 981 932 1057 post
949 975 1144 1056 Baptismum
1162 977 1280 1056 petreis
1302 978 1436 1040 accusari
1450 981 1488 1042 de

215 1070 285 1151 jure
298 1066 404 1132 divino
415 1067 544 1141 dehent,
557 1072 711 1147 quantum
725 1064 881 1127 moraliter
895 1064 960 1128 lieri
977 1067 1084 1144 potest.

256 1160 383 1223 Constet
400 1162 431 1218 l⁰
446 1173 484 1218 ex
497 1154 598 1218 verbis
612 1154 687 1234 ipsis
698 1151 905 1216 institutionis
919 1151 1108 1216 sacramenti
1122 1151 1329 1231 Pmnitentiee;
1344 1156 1387 1218 sio
1403 1156 1486 1220 enim

217 1247 356 1312 Christus
369 1242 532 1318 DominuS,
546 1245 633 1306 loen.
648 1261 705 1317 xx,
718 1247 776 1305 22:
795 1242 923 1318 Quorum
940 1241 1117 1302 remiseritis
1133 1251 1274 1323 peccato,
1289 1247 1487 1306 remittuntur

216 1335 276 1411 eis‚·
298 1343 328 1396 et
350 1351 476 1414 quorum
499 1331 700 1409 retinueritis,
720 1340 840 1392 retenta
860 1339 940 1392 sunt.
957 1330 1044 1392 Unde
1062 1329 1129 1392 sie:
1148 1328 1203 1391 His
1222 1330 1323 1393 verbis
1345 1331 1486 1395 Christus

214 1429 286 1487 tum
303 1419 468 1502 Apostolis,
481 1427 552 1482 tum
572 1437 679 1483 eorum
700 1417 922 1481 successoribus
939 1416 1137 1499 judiciarium
1155 1418 1286 1480 eontulit
1304 1419 1485 1500 potestatem

215 1510 295 1576 eirea
305 1513 425 1592 pessula
439 1507 634 1571 remittenda.
650 1507 747 1588 Atqui
766 1505 920 1569 inutiliter
937 1505 1016 1568 hano
1033 1510 1214 1587 potestatem
1232 1506 1276 1568 eis
1290 1508 1481 1582 contulisset,

214 1598 276 1664 nisi
290 1596 395 1662 omnia
407 1605 529 1680 peceato
541 1595 721 1677 singillatim
739 1595 814 1677 ipsis
830 1593 962 1658 fuissent
980 1594 1169 1658 deelsrends.
1185 1596 1283 1658 ludex
1299 1595 1385 1659 enim
1402 1600 1483 1679 ejus-

214 1687 299 1752 modi
317 1691 499 1769 poteslutem
520 1704 657 1749 exercere
677 1685 853 1748 nullatenus
872 1689 985 1764 potest,
1004 1701 1095 1746 eausa
1114 1681 1282 1764 incognite,
1299 1703 1354 1748 neu
1373 1685 1482 1750 disser-

214 1796 297 1852 nere‚
313 1776 499 1839 remittenda
514 1793 554 1838 ne
572 1775 652 1848 sint,
672 1791 713 1836 an
727 1773 886 1835 retinenda
904 1777 1034 1853 pecuale.
1052 1775 1130 1852 Ergo
1147 1790 1184 1834 ex
1201 1772 1269 1853 ipsa
1286 1773 1481 1838 confessionis

211 1865 411 1930 institutione
426 1883 480 1946 per
496 1863 628 1926 formam
644 1861 757 1944 judici,
776 1861 917 1942 sequitur
935 1859 1070 1941 rigorose
1087 1859 1231 1942 obligatio
1245 1861 1351 1924 omniu
1364 1869 1483 1942 petente

211 1954 356 2018 mortalis
369 1954 470 2035 quoad
483 1969 649 2016 numerum
661 1957 693 2015 et
707 1950 837 2031 speeiem
849 1948 1030 2013 declarandi.

251 2045 488 2108 consuleres
508 2040 609 2104 verbis
634 2039 732 2116 Trici,
754 2059 825 2101 sess.
847 2041 922 2114 XIV,
941 2058 967 2100 c.
986 2057 1027 2102 r:
1047 2037 1195 2100 Universa
1212 2037 1350 2100 Ecclesia
1366 2059 1483 2122 semper

212 2133 366 2195 intellexit
380 2132 549 2192 institutam
563 2149 624 2190 csse
644 2150 662 2189 a
680 2128 808 2189 Domino
825 2132 975 2210 integram
989 2137 1185 2208 peccatorum
1203 2127 1437 2208 consessionem,
1454 2139 1485 2192 et

213 2220 349 2283 erunibus
360 2227 431 2301 past
445 2217 637 2299 Baptismum
652 2221 788 2297 praviter
803 2216 898 2298 lapsis
913 2217 981 2295 iure
994 2215 1097 2277 diuino
1111 2219 1310 2278 necessarium
1324 2220 1466 2281 exsistere
1469 2243 1483 2290 ,-

212 2310 287 2392 quia
303 2307 449 2370 Dominus
464 2315 567 2366 noster
580 2305 664 2366 lesus
679 2301 832 2381 Christus,
849 2303 885 2365 de
901 2306 992 2364 terris
1009 2324 1182 2366 ascensurus
1199 2304 1240 2366 ad
1252 2306 1352 2385 calos,
1370 2307 1480 2368 sincer-

213 2397 296 2459 dotes
313 2396 362 2458 sui
383 2396 478 2476 ipsius
502 2394 630 2455 nicecius
649 2392 790 2474 reliquit,
817 2401 961 2474 tanquam
978 2391 1121 2474 presides
1148 2403 1176 2454 et
1187 2393 1322 2474 judices,
1348 2397 1389 2457 ad
1408 2415 1482 2478 quos

212 2486 315 2547 omnia
328 2480 472 2544 mortalia
485 2482 615 2543 crimina
628 2481 818 2562 defanatur,
835 2483 867 2542 in
881 2499 949 2562 quer
964 2480 1080 2542 Christi
1092 2481 1193 2560 fideles
1206 2483 1386 2544 ceciderint:
1401 2504 1480 2565 quo,

209 2591 269 2656 pro
284 2579 434 2656 potestate
450 2569 599 2650 clavium,
619 2569 805 2631 remissionis
823 2579 878 2630 aut
897 2569 1075 2632 retentionis
1090 2581 1283 2652 peccatorum
1302 2575 1483 2636 sententium

207 2661 415 2746 pronuntient.
425 2658 548 2723 Constat
558 2662 636 2720 caim
645 2657 820 2720 Sacerdotes
826 2659 980 2740 judiciam
991 2657 1056 2732 doc,
1071 2659 1219 2742 incopnite
1232 2678 1483 2737 commeassem

209 2771 272 2813 non
282 2753 431 2833 potuisse,
445 2751 473 2810 si
486 2749 520 2810 in
532 2767 642 2830 genere
658 2748 827 2826 dumtaxat,
844 2759 873 2808 et
889 2767 944 2808 non
954 2748 1053 2829 patius
1067 2751 1100 2809 in
1110 2751 1221 2831 specie,
1236 2769 1271 2810 nc
1280 2749 1479 2830 siuqillatim,

209 2859 263 2904 sua
284 2839 344 2922 ipsi
360 2847 484 2920 peccata
502 2836 713 2899 declarassent.
737 2837 791 2898 Ee
812 2836 860 2896 liis
879 2835 1047 2918 colligitur,
1070 2847 1205 2918 oportere
1226 2856 1246 2898 a
1265 2839 1482 2919 penitentibus

209 2928 312 2993 amnia
323 2935 445 3008 peccata
459 2926 614 3003 mortalia,
632 2942 764 3006 quorum
772 2935 844 3007 post
858 2923 1032 3005 diligentem
1046 2928 1095 2985 sui
1106 2925 1316 2988 discussionem
1325 2927 1480 2990 eonscien-

209 3017 287 3082 tium
300 3016 425 3091 hebent,
440 3016 472 3076 in
485 3015 669 3094 confessione
679 3016 841 3082 recenseri,
856 3014 974 3074 etiamsi
989 3015 1186 3076 occultissimo
1198 3016 1271 3076 sint.
1280 3049 1317 3061 -
1326 3018 1366 3077 Et
1380 3035 1446 3076 can.
1460 3021 1480 3079 'l

208 3106 253 3172 sie
262 3103 416 3170 definivit:
429 3103 468 3167 Si
480 3105 545 3186 quis
555 3103 670 3164 deluerit
681 3105 712 3162 in
723 3103 922 3165 Sacramenta
933 3103 1130 3181 Psanitentiae,
1145 3103 1187 3164 ad
1195 3105 1400 3166 remissionem
1414 3123 1484 3186 pec-

209 3204 344 3258 catorum
356 3194 549 3256 necessarium
561 3211 621 3252 non
635 3211 695 3254 esse
709 3191 825 3273 dejure
839 3191 944 3253 diuino
961 3191 1101 3273 confiteri
1113 3195 1216 3254 omnia
1229 3203 1258 3254 ct
1275 3194 1396 3274 sinpula
1406 3213 1481 3275 pee-

209 3294 275 3347 cata
295 3282 461 3358 mortalia,
485 3300 612 3364 quarum
633 3282 777 3342 memoria
798 3300 836 3342 eu
864 3281 968 3342 delita
993 3291 1023 3341 ct
1050 3280 1193 3362 dilipenti
1212 3281 1483 3363 prcemcdc'tutians

208 3372 343 3451 habetur,
368 3370 458 3434 etiam
483 3371 600 3432 occulta
617 3381 645 3430 et
664 3390 731 3451 quse
750 3383 820 3431 sunt
832 3380 940 3432 contra
955 3369 1012 3430 duo
1030 3370 1137 3431 ultima
1153 3371 1300 3453 Decolapi
1308 3380 1479 3452 precepta,

209 3463 489 3525 eteircumstantias
504 3479 571 3542 que
582 3459 706 3539 speciem
718 3462 833 3540 pcccati
848 3469 984 3532 mutant,
999 3458 1163 3534 anntlerua
1172 3461 1222 3522 sit.

247 3551 411 3616 tro-11.
427 3547 590 3628 Integritns
605 3547 772 3611 materialis
787 3567 848 3611 non
863 3565 982 3628 semper
995 3548 1164 3612 necessaria
1176 3555 1222 3612 est
1235 3549 1273 3614 ed
1283 3547 1482 3612 validitatem

207 3646 240 3706 et
252 3637 388 3702 iruoturn
400 3635 616 3700 confessionis:
632 3637 790 3698 interdurn
807 3636 890 3699 enim
905 3642 951 3698 est
964 3637 1088 3720 physice
1102 3638 1149 3700 vel
1167 3638 1321 3701 moraliter
1334 3637 1480 3718 impossi-

199 3727 290 3803 uilis,
315 3747 346 3791 v.
368 3745 429 3808 gr„
449 3723 485 3787 in
502 3729 603 3799 muto,
626 3725 732 3799 surdo,
747 3725 945 3798 moribundo,
960 3733 1016 3789 eut
1036 3726 1070 3787 in
1088 3743 1122 3789 eo
1142 3727 1197 3807 qui
1215 3733 1334 3789 certum
1353 3726 1479 3808 aliquod

206 3821 366 3899 peceatum
380 3831 520 3878 soeusere
532 3831 592 3876 non
607 3818 706 3894 potest
716 3813 782 3876 sine
795 3813 880 3894 gravi
893 3815 1004 3877 dumne
1018 3815 1138 3896 proprio
1152 3816 1199 3878 vel
1211 3814 1321 3878 edens.

246 3907 298 3968 lll.
317 3905 365 3967 Ad
385 3901 594 3985 integritatem
620 3901 817 3964 confessionis
837 3901 1070 3984 prerequiritur
1089 3893 1218 3984 diligens
1239 3923 1293 3985 pro
1313 3905 1479 3986 oupsoitete

206 3992 387 4074 penitentis
400 4009 531 4054 examen
552 3992 588 4052 de
605 3990 733 4071 peccatis
753 3991 790 4054 ab
814 3991 926 4054 ultima
941 3991 1125 4056 confessione
1143 3993 1244 4056 valide
1260 3994 1405 4074 petratis;
1421 3993 1481 4075 qui

207 4079 292 4144 enim
307 4087 429 4144 tenetur
442 4080 480 4143 ad
494 4078 603 4156 finem,
618 4085 738 4143 tenetur
751 4079 845 4143 etism
860 4081 898 4142 od
912 4079 1012 4144 media
1025 4082 1249 4144 necessarie-
1271 4082 1476 4165 VideAppen·

208 4168 304 4232 dicem
318 4169 355 4231 de
368 4173 506 4232 curamine
517 4173 721 4248 conscientiis,
735 4169 836 4250 infra,
852 4190 883 4231 n.
899 4175 971 4234 507.

329 4315 543 4382 Resolves.

247 4451 300 4511 ill
310 4494 317 4507 .
329 4481 369 4491 -
382 4451 414 4508 l⁰
427 4447 583 4508 Tenemur
596 4447 630 4508 in
643 4445 828 4509 confessione
841 4445 1020 4510 mortalium
1034 4465 1174 4510 accusem
1190 4465 1251 4511 non
1266 4453 1391 4510 tuntum
1407 4465 1477 4528 spe-

206 4535 266 4602 cies
279 4535 432 4618 generioss
446 4541 652 4614 pecutnum,
668 4537 720 4599 sed
734 4533 956 4628 etiamuspeeies
969 4535 1110 4614 infimus;
1126 4555 1169 4600 ere
1185 4536 1339 4618 siquidem
1350 4537 1476 4620 proprie
