3220 5042
455 217 498 263 ns
519 217 757 264 sacraucnro
777 215 1020 265 occurrentum
1308 209 1369 272 ΞΗ

222 377 419 457 Quaeslta.

140 528 209 588 tlt.
226 559 265 569 -
279 525 380 598 Qunu.
400 528 433 586 1⁰
453 521 506 584 An
526 521 691 584 cocomario
712 521 882 585 ocdccnda
899 525 961 585 rint
979 531 1102 604 peccota
1122 525 1267 589 mortalia
1286 527 1375 594 dubie

102 611 276 676 commissa?

141 701 230 784 Resp.
247 697 324 782 Nep.
338 699 544 782 probabilius,
557 699 600 774 si,
615 697 783 780 prehabito
800 697 940 779 diligenti
957 700 1113 776 examine,
1130 701 1262 766 dubium
1276 723 1376 785 perse-

105 797 204 854 veret:
221 796 252 852 et
263 789 319 852 hoc
333 787 423 864 valet,
440 788 563 852 etiamsi
577 787 709 850 dubium
722 787 763 850 sit
775 805 845 850 rere
857 785 1036 868 positivum,
1053 807 1108 852 seu
1119 809 1190 854 vera
1205 793 1295 856 detur
1306 813 1378 875 pro-

101 878 245 942 babilitas
258 879 295 941 de
307 877 470 940 commisso
483 883 614 958 peccato.
631 876 720 941 Ratio
735 881 791 950 est,
806 875 880 956 quia
890 876 941 939 hic
954 877 1055 956 agitur
1067 879 1104 942 de
1116 880 1180 960 lege
1194 881 1378 964 dubiaque

101 973 320 1049 consequenter
333 983 398 1028 non
411 965 536 1046 obligat.
548 967 589 1028 Et
602 983 675 1028 sane
689 983 727 1028 ex
745 963 883 1027 Tridcot.
893 966 1028 1029 accusari
1038 967 1153 1030 debent
1163 973 1283 1048 peccata
1296 989 1379 1036 mor-

101 1055 175 1118 talia
189 1073 321 1138 quornm
337 1053 467 1117 babetur
487 1054 669 1117 conscientia
680 1074 693 1116 :
704 1053 792 1135 atqui
811 1071 874 1116 non
893 1053 1024 1117 habetur
1042 1056 1225 1120 conscientia
1244 1067 1379 1140 peccato

100 1161 174 1206 mm
189 1143 371 1219 dubiorum
386 1143 499 1206 habere
517 1142 601 1208 enim
622 1141 841 1206 conscientiam
858 1142 1005 1223 importat
1023 1143 1168 1208 notitiam
1185 1150 1298 1210 certam
1312 1165 1379 1229 poc-

98 1231 178 1307 cati,
197 1251 268 1296 cum
285 1231 471 1296 canscientia
492 1231 571 1298 nihil
587 1231 671 1294 aliud
686 1231 743 1306 sit,
759 1249 854 1313 quam
871 1229 971 1294 cordis
993 1232 1120 1296 scientia
1131 1239 1164 1296 et
1174 1235 1329 1316 judicium
1342 1238 1380 1301 de

100 1327 221 1402 peccato
235 1321 410 1384 commisso.
426 1323 515 1402 Ergo.
530 1355 570 1368 ·—
587 1319 623 1382 S.
643 1319 728 1402 Lip,
745 1340 776 1381 a.
793 1323 864 1384 l'l3.
878 1355 919 1367 -·
931 1318 1060 1402 Sporor,
1074 1342 1106 1383 n.
1122 1327 1192 1388 389.
1207 1359 1249 1371 --
1264 1325 1381 1388 licaeo-

101 1408 182 1490 plr'o,
201 1427 226 1472 o.
247 1427 287 1488 11,
314 1409 349 1472 de
369 1408 486 1492 integr.
506 1407 713 1491 consessionis,
741 1417 846 1492 quoest.
871 1413 900 1472 7.
921 1443 962 1455 -
983 1409 1104 1490 licerer,
1126 1431 1158 1472 n.
1182 1415 1256 1489 305,
1275 1422 1305 1477 et
1324 1414 1384 1478 olii

101 1497 202 1560 multi.

140 1585 364 1650 Contradiount
386 1591 491 1649 tamen
511 1585 581 1662 alii;
605 1585 680 1668 quia
703 1585 757 1667 (ut
775 1584 881 1666 aiunt)
903 1585 1056 1664 colligitur
1074 1605 1113 1648 ex
1128 1587 1230 1650 verbis
1245 1588 1383 1652 Consilii

101 1673 258 1751 Trident,
274 1673 379 1736 omnia
392 1673 535 1736 mortalia
549 1691 614 1736 esse
628 1674 797 1736 accusanda
815 1679 908 1752 prout
924 1683 994 1733 caat
1010 1675 1043 1733 ia
1059 1678 1255 1747 conscientia,-
1268 1684 1299 1740 et
1313 1695 1383 1758 pro-

96 1760 174 1824 inde
187 1759 215 1822 si
227 1760 322 1822 dubia
334 1760 443 1823 sintin
454 1759 647 1836 conscientia,
664 1766 738 1823 sunt
750 1761 844 1822 etiam
856 1765 892 1821 ut
907 1760 1001 1822 dubia
1012 1761 1237 1825 confitenda-
1243 1765 1286 1826 At
1299 1765 1384 1828 enim

96 1847 352 1928 respondendum
370 1853 429 1922 est,
449 1853 483 1910 in
504 1847 640 1911 Concilio
658 1847 758 1927 Trid,
775 1866 837 1910 uon
854 1847 930 1922 dici,
947 1865 1012 1911 esse
1030 1851 1199 1912 accusanda
1214 1857 1335 1932 peccata
1345 1861 1384 1914 ut

97 1943 176 1997 sunt
187 1939 221 1996 in
235 1936 432 2014 conscientia,
450 1935 502 1999 sed
517 1955 643 2020 quorum
656 1936 871 1999 conscientiam
884 1935 1036 1999 babonis.
1055 1938 1091 1999 In
1106 1938 1195 2019 praxi
1208 1946 1314 2003 tamen
1324 1940 1384 2004 hu-

93 2023 238 2106 jusmodi
253 2023 406 2087 accusatio
420 2025 606 2088 consulenda
618 2030 680 2100 est,
695 2023 741 2087 ait
753 2023 789 2088 S.
806 2023 889 2106 Lip,
902 2045 934 2086 n.
950 2029 1022 2090 cru.

139 2111 277 2189 Quidam
294 2111 425 2193 theologi
443 2113 551 2176 docent
569 2112 738 2176 accusanda
760 2131 825 2176 esse
842 2119 962 2193 peccata
981 2118 1119 2196 negative
1134 2115 1244 2188 dubim
1259 2117 1311 2181 scd
1328 2118 1385 2182 hoo

97 2202 218 2265 falsum
233 2207 294 2277 est;
309 2201 417 2282 nequit
435 2200 520 2264 euim
539 2201 605 2265 dari
626 2201 771 2282 obligatio
794 2200 957 2265 confitendi
979 2207 1100 2283 peccata
1118 2209 1258 2286 negative
1272 2205 1382 2284 dubia,

99 2285 177 2353 cnm
201 2289 383 2371 hujusmodi
399 2289 532 2352 dubium
552 2289 638 2353 nullo
662 2289 756 2353 solido
779 2289 980 2354 irmdamento
997 2291 1164 2368 innitatur,
1182 2311 1237 2358 nec
1254 2295 1384 2372 oriatur,

96 2377 164 2443 nisi
179 2377 320 2441 exinani
336 2378 521 2460 suspicione,
539 2396 594 2442 scu
612 2377 723 2448 timore
745 2379 859 2460 peccati
879 2378 1052 2455 commissi,
1068 2388 1107 2443 ut
1120 2382 1385 2464 commacinam

96 2467 298 2530 conscientie
316 2465 471 2530 timoratis
484 2466 661 2550 fremienter
675 2466 836 2548 contingit.

138 2560 214 2621 ltu.
229 2591 269 2601 -
281 2556 383 2632 Quae.
400 2561 434 2620 2⁰
448 2556 498 2617 An
512 2557 575 2618 εἰπε
589 2555 758 2620 accusanda
765 2565 889 2638 percolo
903 2557 991 2620 dubie
1004 2560 1133 2640 procia?

139 2645 240 2726 llesp.
252 2643 329 2724 Nep.
344 2643 533 2726 probabilius
540 2663 599 2729 per
612 2663 655 2722 se,
669 2645 778 2708 saltem
790 2645 984 2726 speculative,
1000 2646 1094 2709 etiam
1108 2648 1179 2710 data
1193 2665 1264 2710 vera
1277 2650 1385 2730 proba-

96 2731 223 2796 bilitate
238 2732 275 2792 de
291 2732 404 2811 peceati
423 2732 583 2812 gravitate.
600 2733 689 2797 Ratio
710 2733 815 2795 eadem
829 2741 892 2808 est,
909 2751 943 2796 ac
963 2753 1018 2814 pro
1029 2735 1162 2816 quesita
1175 2737 1383 2816 precedente:

94 2818 274 2885 nonenim
290 2823 410 2881 constat
423 2822 460 2882 de
477 2826 598 2900 peccato
619 2821 706 2901 gravi
727 2821 905 2896 commisso;
922 2839 977 2883 nec
999 2823 1125 2903 proinde
1146 2825 1183 2886 de
1204 2823 1386 2904 obligatione

93 2905 305 2972 confessionis
319 2913 456 2970 constare
471 2914 580 2989 potest.
598 2943 637 2954 -
651 2907 701 2970 Ito
715 2909 806 2971 iidem
820 2916 927 2972 contm
941 2911 1067 2973 eosdem.

136 3001 176 3062 ln
189 2994 284 3079 praxi
299 3000 403 3058 autem
416 2995 529 3076 duplex
540 2996 646 3076 regula
659 2998 813 3077 sequenda
825 3003 871 3060 est
885 3017 893 3059 τ

139 3087 174 3150 1⁶
191 3083 322 3161 Reputo.
339 3085 375 3146 In
389 3082 483 3146 dubio
495 3100 536 3146 an
549 3083 679 3146 materia
692 3085 806 3164 peccati
820 3085 863 3148 sit
874 3085 986 3166 gravis,
1000 3087 1185 3168 poenitentes
1199 3089 1291 3152 rudes
1302 3090 1385 3153 ordi-

95 3175 189 3238 narie
202 3171 319 3237 debent
332 3169 427 3234 dubia
437 3189 588 3247 accusare,
602 3177 635 3232 1⁰
649 3171 722 3254 quia
734 3171 794 3235 iere
811 3191 874 3235 non
887 3181 1017 3253 possunt
1035 3193 1088 3256 per
1104 3177 1218 3258 seipsos
1232 3177 1385 3241 conscien-

100 3264 180 3327 tiam
197 3261 377 3336 cffcrmare;
391 3263 424 3324 2⁰
438 3259 512 3342 qnia
524 3259 705 3342 plerumque
721 3279 783 3322 non
798 3267 913 3323 nomnt
926 3261 1115 3342 distinguere
1130 3265 1262 3328 remalia
1273 3284 1291 3328 a
1304 3283 1386 3330 mor·

98 3351 231 3416 talibus.
248 3349 362 3431 Excipe
374 3355 478 3412 tamen
490 3347 691 3428 scrupulosos,
706 3347 760 3430 qui
774 3349 916 3412 mortalia
930 3351 1121 3415 committere
1134 3351 1309 3433 frementes
1321 3373 1384 3418 non

98 3441 214 3504 solent.
231 3438 423 3501 Poemtentes
434 3456 506 3500 vero
520 3435 665 3500 instructi
680 3455 741 3499 non
754 3442 901 3500 tenentur
914 3437 1006 3500 dubie
1020 3439 1124 3520 gravia
1138 3459 1294 3515 accusare,
1309 3443 1385 3524 quia

95 3547 152 3610 per
173 3528 297 3608 seipsos
316 3525 535 3590 conscientiam
558 3525 716 3589 efformare
736 3531 880 3606 passure
895 3523 1099 3589 nihilominus
1121 3529 1160 3591 ad
1178 3529 1243 3592 heo
1256 3547 1381 3613 quoque

95 3616 294 3690 accusanda,
309 3615 463 3678 ordinarie
475 3615 614 3678 suaviter
625 3613 772 3678 hortmdi
787 3619 871 3677 sunt.

141 3705 193 3770 Il·
213 3703 345 3785 Reputo.
356 3702 497 3766 indubio
509 3703 546 3766 de
559 3721 708 3766 consensu
722 3703 811 3784 pleno
824 3706 879 3765 aut
892 3703 1084 3767 advertentis
1095 3705 1225 3788 perfecta
1239 3711 1271 3770 {⁰
1285 3707 1386 3790 sipoe-

97 3795 243 3858 nitentes
257 3791 322 3856 siut
333 3791 483 3854 timorate
497 3790 700 3867 conscientiae,
713 3810 770 3854 nec
783 3791 899 3854 soleant
913 3792 1047 3874 graviter
1059 3812 1189 3874 peccare,
1200 3793 1284 3858 nullo
1295 3797 1385 3858 modo

97 3888 255 3947 tenentur
269 3887 390 3962 peccata
402 3880 498 3943 dubia
511 3879 659 3956 confiteri,
676 3880 749 3962 quia
760 3879 836 3961 ipsis
847 3879 928 3944 iavet
943 3882 1151 3963 presumptio,
1166 3901 1235 3965 quar
1247 3903 1285 3946 es
1299 3886 1384 3946 ordi-

98 3976 191 4036 narie
204 3968 452 4050 contingentibus
465 3967 596 4031 hahetur
604 3989 611 4044 ;
620 3969 684 4032 imo
696 3987 774 4050 slepe
782 3974 856 4032 sunt
868 3970 906 4031 ab
916 3969 973 4032 hac
982 3971 1173 4034 accusatione
1183 3970 1382 4052 impediendi,

98 4061 125 4124 si
141 4061 183 4124 ad
199 4059 363 4138 scrupulos
377 4055 519 4138 propensi
533 4056 712 4133 videantur;
726 4061 760 4120 2⁰
775 4056 802 4119 si
819 4057 1003 4140 poenitcntes
1018 4057 1154 4122 mediam
1169 4058 1252 4122 nam
1264 4068 1387 4125 servent

96 4150 185 4214 inter
205 4147 391 4212 timoratam
411 4151 443 4207 et
460 4145 562 4208 laxam
581 4144 815 4220 conscientiam,
831 4163 893 4208 non
912 4151 987 4208 sunt
1003 4145 1129 4226 quiidem
1146 4147 1316 4230 obligandi,
1334 4152 1385 4213 scd

97 4238 216 4320 utique
228 4232 398 4298 inducendi
412 4233 450 4295 ad
462 4250 645 4296 consensum
658 4232 788 4298 dubium
801 4234 1028 4308 declarandum,
1036 4233 1110 4316 quia
1121 4235 1198 4300 illud
1207 4239 1332 4318 prodest
1347 4239 1387 4302 ad

97 4322 306 4391 conscientiae
326 4319 599 4409 tanquiluutem,
613 4327 684 4398 etc.;
701 4325 732 4386 3ο
747 4321 773 4384 si
795 4320 978 4403 poenitentes
998 4321 1062 4384 sint
1082 4323 1157 4388 laxe
1176 4325 1384 4401 mnsoientie,

98 4411 282 4498 generatim
296 4417 416 4492 peccata
427 4407 522 4472 dubia
544 4410 693 4472 declarare
710 4409 832 4486 debent,
848 4408 922 4490 quia
940 4408 1017 4492 ipsis
1030 4413 1229 4496 presumptio
1242 4415 1384 4480 adversa-

97 4510 165 4570 tur.
181 4537 228 4551 -
245 4497 325 4563 Vide
338 4497 371 4561 S.
389 4497 473 4581 Lip,
488 4517 519 4559 n.
536 4501 606 4562 4¹16.
