3206 5042
600 263 643 307 na
664 263 891 306 naanruonm
1314 247 1381 309 389

148 384 242 465 Resp.
255 383 332 463 Nep.
347 383 480 462 Apparet
496 399 533 442 ex
553 380 639 462 praxi
656 381 794 443 Ecclesia
808 388 839 442 ct
858 382 1010 444 sententia
1024 381 1197 456 communi,
1213 381 1251 443 ob
1265 384 1380 445 incom-

109 474 200 535 moda
215 471 381 545 nimirum,
398 487 467 552 quae
484 488 521 532 ex
536 469 588 532 illa
600 468 783 548 obligatione
796 476 1005 550 sequerentur.

614 671 830 735 ARTICULUS
849 671 874 732 11

148 821 184 865 nr
205 819 446 864 aaaraoroarronn
468 818 653 864 unrmuonu
675 818 767 864 nuum
788 819 826 862 oa
846 817 1000 864 carnorum
1021 817 1128 864 ronna
1149 819 1342 864 enasunnua

152 982 222 1042 892.
237 1013 279 1025 —
293 981 316 1040 Ι.
332 981 459 1042 Certum
474 981 535 1050 ast,
552 975 786 1040 Matrimonium
800 975 977 1039 invalidum
996 975 1114 1038 ratione
1129 977 1385 1044 clandestinitatis'

112 1067 286 1131 ineundum
300 1085 365 1129 esse
379 1083 481 1128 coram
496 1065 627 1128 Parocho
641 1069 672 1126 et
688 1063 833 1137 testibus,
848 1064 909 1126 nisi
922 1063 1098 1126 obtineatur
1109 1083 1127 1126 a
1139 1069 1267 1128 Summo
1281 1065 1384 1130 Ponti-

112 1156 165 1220 fioe
177 1155 364 1236 dispensatio
377 1173 395 1216 a
408 1155 471 1233 lege
484 1152 577 1216 Couc.
593 1152 671 1214 Trici
675 1199 694 1231 .,
711 1171 780 1232 quae
795 1151 933 1234 alioquin
944 1169 1012 1214 raro
1026 1152 1211 1216 conceditur.
1227 1157 1290 1215 Lex
1301 1155 1385 1216 enim

111 1245 164 1307 illa
179 1244 300 1306 tamdiu
314 1243 443 1323 obligat,
460 1241 610 1324 quamdiu
624 1240 763 1304 nonfuit
782 1240 920 1320 impleta,
940 1259 1011 1303 cnm
1031 1240 1072 1302 sit
1089 1241 1220 1305 conditio
1242 1243 1307 1304 sine
1327 1262 1385 1323 qua

113 1330 501 1413 uon,req11isitainomni
520 1349 592 1392 casu
611 1330 649 1393 ad
666 1329 854 1394 Matrimonii
874 1328 1081 1403 validitatem,
1102 1329 1164 1391 nisi
1185 1349 1326 1393 recursus
1348 1332 1386 1394 ad

114 1421 282 1484 Parachum
297 1421 338 1483 sit
349 1418 564 1500 impossibilis,
582 1423 737 1500 utsupra,
755 1419 810 1482 ubi
825 1419 862 1480 de
881 1417 1103 1498 impedimento
1118 1417 1383 1492 clandestinitatis‚

113 1509 296 1573 dictumest.

152 1601 188 1660 11.
205 1599 238 1663 si
257 1598 346 1661 ambo
365 1600 507 1680 conjuges
523 1617 586 1661 11011
607 1605 739 1661 renuant
758 1617 789 1661 se
809 1597 914 1660 sistere
933 1615 1034 1660 coram
1057 1598 1203 1672 parocho,
1228 1613 1328 1660 noram
1352 1615 1386 1659 eo

112 1687 345 1750 revalidandum
359 1687 418 1749 erit
431 1687 664 1752 Matrimonium
679 1688 726 1748 vel
739 1687 859 1767 publice
871 1686 919 1747 rel
933 1686 1061 1758 occulte,
1077 1691 1167 1765 prout
1185 1686 1311 1747 nullitas
1324 1689 1386 1747 Ma-

112 1775 252 1840 trimonii
266 1775 387 1854 publica
404 1779 459 1836 aut
477 1775 592 1836 occulta
605 1772 707 1835 fuerit.
723 1773 811 1837 Ratio
830 1777 892 1845 est,
909 1772 982 1851 quia
1001 1771 1035 1833 in
1046 1775 1152 1854 priori
1171 1791 1244 1834 casu
1260 1773 1387 1833 scanda-

111 1865 179 1926 lum
194 1867 240 1923 est
251 1861 487 1934 removendum,
509 1860 544 1922 in
559 1861 724 1942 posteriori
739 1878 810 1923 vero
829 1860 1060 1938 praecavendum
1081 1859 1158 1922 illud
1176 1865 1236 1933 est,
1258 1857 1387 1920 etfama

112 1968 297 2032 sponsorum
310 1949 470 2012 servanda,

153 2039 360 2103 Confirmatur
381 2037 507 2118 insuper
529 2055 567 2100 ex
587 2036 792 2100 declaratione
813 2035 906 2099 θανά.
931 2037 1069 2119 Copraro
1093 2037 1182 2118 legati
1201 2057 1221 2100 a
1243 2035 1335 2098 latere
1353 2036 1387 2098 in

113 2128 229 2201 Galliis,
243 2127 277 2188 in
287 2126 490 2189 instructione
501 2127 538 2189 de
549 2125 817 2191 Matrimoniorum
829 2125 988 2188 irritorum
998 2125 1224 2189 revalidatione.
1241 2126 1289 2188 Sic
1303 2125 1387 2188 enim

114 2217 164 2280 ille
181 2237 188 2278 :
205 2221 238 2279 6⁰
250 2216 291 2278 Si
306 2214 433 2277 nullitas
447 2215 642 2276 Matrimonii
658 2215 772 2276 occulta
788 2217 843 2289 sit,
859 2235 910 2278 seu
924 2219 1122 2278 communiter
1134 2218 1306 2298 iquoretur,
1323 2213 1388 2276 Mo-

115 2306 291 2367 trimonium
306 2324 405 2367 coram
418 2307 550 2387 proprio
563 2303 722 2382 Paroria,
744 2303 890 2368 adhibitis
904 2304 1011 2366 saltem
1029 2303 1140 2367 duobus
1156 2305 1279 2366 testibus
1294 2301 1388 2384 confi-

113 2393 269 2473 dentibus,
291 2402 401 2456 secrcto
415 2393 457 2453 cci
471 2390 598 2454 uitanda
613 2390 759 2453 scandala
777 2393 1010 2455 contradendum
1031 2401 1092 2469 est,·
1112 2393 1261 2454 adnotata
1280 2391 1388 2453 deinde

112 2482 269 2564 particula
288 2487 320 2544 in
338 2491 519 2544 secretorum
539 2479 807 2544 Matrirnouiorum
828 2482 915 2542 libro.
937 2485 968 2544 7⁰
987 2479 1027 2544 Si
1050 2481 1176 2544 nullitus
1196 2481 1390 2545 Matrimonii

109 2571 315 2653 publicarit,
340 2572 381 2634 ad
403 2569 579 2632 scandulum
604 2571 811 2632 removendum
844 2569 1075 2632 Matrimonium
1101 2569 1240 2653 publice,
1269 2578 1389 2632 servata

112 2661 212 2740 forma
235 2665 325 2724 Conc.
352 2659 450 2734 reid,
476 2658 685 2721 celebrandum
714 2669 767 2720 ert.
794 2659 929 2734 Quodsi
953 2659 1135 2721 ordinarius
1162 2659 1197 2719 ob
1224 2659 1389 2740 peculiares

111 2749 355 2810 circumstantias
371 2747 559 2825 judicaverit
583 2747 724 2826 expedire
745 2757 779 2805 ut
799 2756 910 2807 secreto
933 2765 1036 2806 coram
1055 2748 1183 2830 proprio
1202 2745 1341 2805 Purocdo
1360 2755 1388 2806 et

110 2835 224 2897 duobus
244 2833 367 2893 testibus
386 2836 492 2912 potius
514 2831 696 2906 celebretur,
718 2843 829 2893 secreto
848 2833 996 2894 celebrari
1013 2836 1143 2916 poterit,
1165 2831 1322 2892 dummodo
1344 2841 1388 2894 la-

111 2943 180 2985 men
192 2921 347 3003 pullicum
362 2917 537 2994 scandalum
551 2918 613 2980 alia
631 2921 751 2980 ratione
765 2923 916 2983 renzoocri
930 2922 1042 3004 possit,
1060 2932 1089 2984 et
1104 2921 1325 3005 quamprimum
1340 2939 1387 2983 re-

111 3021 274 3074 moveatur.

151 3100 250 3162 Variae
264 3105 369 3161 autem
383 3104 548 3160 occurrunt
563 3096 770 3172 difficultates,
783 3095 809 3160 si
824 3117 968 3180 unapars
981 3101 1152 3164 consentiat
1164 3098 1387 3164 adcontrahen·

110 3191 187 3252 dum
208 3206 310 3252 coram
328 3185 459 3250 Parocho
481 3189 511 3248 ct
533 3186 626 3248 altera
647 3191 771 3261 renuat,
793 3187 841 3250 vel
866 3187 891 3250 si
916 3188 1014 3250 amba
1040 3188 1104 3251 sint
1122 3191 1201 3251 male
1221 3187 1383 3268 dispositae.

111 3278 189 3341 Hinc

234 3406 429 3483 Quaesita.

151 3555 220 3615 893.
237 3586 276 3596 —
288 3551 388 3626 Quae.
402 3557 433 3613 1⁰
449 3549 530 3628 Quid
541 3548 707 3632 apendum,
728 3553 755 3612 si
773 3569 836 3611 uria
849 3569 922 3632 pars
946 3550 994 3612 uel
1014 3559 1142 3633 utraque
1162 3551 1330 3611 consentiat
1346 3547 1387 3610 nd

109 3660 280 3703 consensum
294 3660 393 3702 coram
409 3639 543 3702 Paroclro
556 3640 777 3719 renovandum,
791 3639 844 3701 ced
854 3647 964 3701 renuat
974 3659 1100 3721 perpere
1113 3639 1155 3701 ud
1166 3635 1345 3700 ecclesium?

149 3730 238 3814 Hesp.
255 3748 268 3792 :
286 3728 495 3811 Conjungendi
515 3735 589 3792 sunt
612 3728 646 3792 in
671 3747 726 3792 sua
744 3728 882 3810 ipsorum
901 3729 992 3791 domo
1013 3729 1060 3791 vel
1080 3728 1139 3791 alio
1160 3728 1223 3790 loco
1249 3726 1286 3789 ab
1310 3725 1385 3806 ipsis

109 3819 216 3892 electo,
232 3819 400 3882 dnmmodo
414 3817 518 3881 adsint
539 3821 629 3879 testes
641 3835 762 3898 graves,
782 3835 914 3898 quorum
929 3835 983 3898 ope
998 3815 1198 3881 mnralidatio
1212 3817 1306 3896 hujus
1322 3817 1385 3878 Ma·

112 3905 250 3968 trimonii
260 3905 326 3968 lieri
337 3907 433 3986 possit
446 3906 578 3987 publica,
589 3905 615 3968 si
627 3906 684 3969 hoc
693 3907 730 3970 ad
743 3907 913 3970 tollendum
924 3907 1102 3970 scandalum
1113 3906 1155 3968 sit
1166 3903 1381 3978 necessarium,

111 3993 223 4056 scilicet
237 3993 263 4055 si
278 3994 455 4057 invaliditas
469 3995 579 4075 prioris
593 3995 816 4077 conjunctionis
833 3995 873 4058 sit
889 3996 1019 4058 notoria.

151 4085 251 4157 Qnmn.
266 4085 298 4143 2⁰
314 4081 395 4157 Ouid
407 4083 566 4165 apcrrclum,
583 4083 609 4145 si
623 4105 702 4145 uicus
717 4093 825 4146 renuat
837 4083 1012 4146 contradere
1026 4103 1127 4146 coram
1141 4081 1299 4146 Paroclco?

152 4169 242 4252 desp.
259 4189 271 4232 .·
286 4169 334 4232 Sic
345 4171 505 4251 respondet
519 4171 613 4234 Cerci.
631 4171 813 4254 Capreroin
825 4173 1027 4236 instructione
1042 4173 1156 4236 citata:
1173 4173 1213 4236 Si
1225 4171 1385 4234 renuentia

110 4259 227 4320 oriatur
238 4279 277 4321 ear
291 4259 467 4340 ipnorautia
481 4259 529 4320 vel
538 4259 640 4340 aliquo
654 4279 758 4322 errore
772 4271 879 4323 contra
893 4261 969 4344 lepcs
984 4271 1038 4322 aut
1050 4261 1221 4323 doctrinam
1237 4259 1385 4324 Ecclesiae

111 4351 192 4410 circa
202 4347 418 4430 impedimenta
431 4347 663 4410 illacrimonium
681 4351 856 4428 inritantia,
873 4370 1000 4413 renuens
1014 4350 1116 4413 debita
1130 4371 1196 4412 cum
1214 4348 1384 4432 prudentia

110 4447 139 4498 et
154 4435 187 4498 in
204 4438 331 4499 caritate
343 4436 526 4498 instruatur.
540 4435 587 4498 Et
601 4446 749 4519 quatenus
764 4437 862 4500 adduc
880 4447 990 4501 renuat
1004 4440 1238 4502 Matrimonium
1252 4438 1383 4499 suumin

110 4525 189 4606 socie
200 4525 345 4592 Ecclesia
355 4523 557 4598 convalidare,
569 4535 639 4588 tunc
652 4525 851 4610 satapcndum
862 4537 918 4608 est,
934 4538 969 4589 ut
981 4529 1142 4612 specialem
1153 4537 1384 4612 procuratorem
