3180 5040
463 217 506 260 on
527 216 784 262 innunonnrrrs
804 217 846 262 ar
867 215 1022 263 tuniano
1309 205 1374 266 501

146 327 236 410 Resp.
252 347 263 388 .·
273 326 425 408 Applicari
441 335 569 407 possunt
582 328 783 409 Indulgentiae
802 328 991 409 quibuslibet
1009 327 1101 392 rebus
1115 329 1235 402 solidis,
1249 347 1288 393 ne
1302 330 1379 395 lerro

106 415 231 499 quidem
246 418 293 479 vel
306 417 388 496 ligno
399 417 546 498 exceptis,
561 423 598 480 ut
609 417 694 480 olim.
710 417 812 480 Etiam
827 436 935 480 corona
949 417 1030 480 vitro
1045 417 1139 480 solido
1156 418 1289 482 conlecta
1307 438 1378 482 cum

106 506 252 587 appositis
268 505 467 585 indulgentiis
482 506 618 569 benedici
633 513 741 588 potest.
759 507 833 570 Solae
846 507 942 586 igitur
956 525 1014 582 res,
1030 525 1099 588 quae
1113 506 1197 570 facile
1211 507 1310 590 frangi
1325 515 1379 571 ant

106 595 228 658 lacerari
249 601 392 675 possunt,
416 601 452 658 ut
473 613 622 676 papyrus,
639 595 755 658 vitrum
776 596 985 669 insufflatum,
1002 602 1071 667 etc,
1088 596 1272 677 excipienda
1291 601 1376 660 sunt.

106 687 231 747 Constat
248 701 286 746 ex
304 682 417 746 recenti
436 683 590 747 Decisione
605 684 641 746 S.
660 683 813 766 Conprep.
830 684 866 746 de
884 683 1100 766 lodulpeottis.
1122 689 1154 748 P.
1176 687 1305 762 ltlaurel,
1323 704 1375 768 op.

106 775 170 851 cit,
179 792 256 853 pop.
272 776 340 836 l8l.

226 901 436 967 ResolveS.

144 1035 233 1095 llot.
251 1067 289 1076 -
303 1037 334 1094 ιο
348 1030 513 1111 Episcopus
531 1036 631 1111 potest
649 1030 807 1094 concedere
825 1027 1034 1110 indulgentias
1053 1029 1118 1093 suis
1137 1029 1270 1094 subditis
1291 1037 1379 1096 extra

105 1137 193 1184 suam
208 1119 363 1182 dioecesim
378 1120 580 1194 versantibus
598 1119 671 1199 quia
681 1118 929 1201 jurisdictionem
942 1116 1036 1182 habet
1049 1119 1237 1199 personalem
1248 1120 1281 1182 in
1298 1121 1375 1184 illos.

103 1213 235 1272 Possunt
250 1226 320 1271 vero
335 1207 474 1290 Episcopi
491 1209 650 1270 concedere
664 1208 873 1288 indulgentias
888 1208 987 1270 solum
1003 1225 1056 1288 per
1073 1208 1201 1269 modum
1216 1208 1377 1270 absolutio-

103 1298 165 1376 nis,
181 1297 309 1378 ideoque
322 1315 376 1378 pro
388 1297 459 1359 solis
472 1296 562 1360 vivis
578 1295 680 1358 -Ito
697 1297 902 1358 communiter.

144 1391 175 1448 ιο
189 1389 292 1449 Posset
311 1385 435 1466 quidem
459 1385 598 1449 Pontifex
619 1386 776 1448 conmdere
797 1385 972 1448 facvvltatem
992 1385 1130 1447 lucrandi
1150 1385 1377 1465 Indulgentiam

103 1493 155 1555 pro
171 1475 380 1556 alioquolibet
400 1475 573 1537 Christiano
587 1475 726 1549 vivente,
741 1475 831 1536 modo
845 1481 924 1535 esset
942 1473 992 1536 ille
1009 1473 1042 1536 in
1062 1477 1143 1536 statu
1161 1473 1281 1552 gratiae,
1297 1475 1378 1537 sicut

104 1570 133 1625 et
146 1563 261 1626 multas
276 1563 412 1626 concedit
424 1564 586 1626 lucrandas
598 1582 653 1643 pro
666 1562 827 1627 defunctis.
841 1563 875 1625 ld
890 1569 993 1624 tamon
1008 1563 1046 1625 ab
1059 1566 1124 1644 ejus
1137 1562 1294 1626 voluntate
1305 1583 1378 1644 pen·

104 1653 167 1727 det,
194 1652 243 1713 cui
268 1658 331 1714 tota
357 1652 543 1731 dispensatio
563 1651 697 1715 thesauri
722 1651 860 1714 Ecclesiae
884 1652 1048 1714 commissa
1069 1656 1124 1712 est.
1147 1653 1306 1726 tumuere,
1332 1653 1377 1715 ait

104 1741 197 1805 θανά.
214 1740 249 1802 de
261 1741 364 1822 Lupo,
380 1743 577 1802 communiter
594 1760 655 1801 non
666 1739 838 1802 conceditur
855 1740 990 1820 facultas
1012 1740 1151 1802 lwcnda'
1165 1739 1376 1821 Indulgentiae

99 1849 157 1911 pro
172 1829 242 1891 aliis
257 1829 425 1890 uincentibus
436 1849 449 1892 .·
464 1830 552 1911 quio,
570 1849 636 1890 eum
657 1830 717 1910 ipsi
730 1832 851 1911 possint
873 1829 934 1890 sida'
952 1829 1041 1890 etiam
1059 1828 1231 1898 subvenire,
1249 1847 1309 1890 non
1324 1848 1376 1891 ese-

101 1918 301 2002 paterfacere
315 1937 416 1979 eorum
430 1919 587 2000 pipritiooc
595 1965 604 1996 ,
619 1927 654 1979 ut
671 1935 766 2000 neque
782 1917 974 1998 satisfacere,
991 1937 1084 1999 neque
1103 1921 1194 1978 etiem
1211 1916 1378 1998 Iradulpen·

103 2012 162 2068 tias
183 2027 241 2090 pro
260 2027 291 2069 se
309 2007 424 2070 lucrari
448 2017 564 2069 curent.
589 2007 692 2088 (Disp.
711 2024 811 2081 invvu,
828 2028 858 2068 o.
877 2007 942 2089 77).
959 2043 998 2052 —
1016 2005 1161 2076 Laeron,
1185 2027 1216 2068 o.
1234 2009 1323 2070 1328.
1337 2043 1378 2053 -
1461 2075 1465 2080 ,

104 2097 236 2173 Suarez,
251 2102 308 2158 etc.

142 2191 174 2250 3⁰
188 2187 253 2247 Non
267 2184 479 2247 admittuntur
497 2185 698 2265 indulgentia
718 2184 763 2247 rei
782 2184 873 2246 alicui
888 2203 1030 2259 annexas,
1045 2183 1107 2247 nisi
1124 2201 1171 2246 res
1186 2183 1238 2246 illa
1250 2183 1376 2247 omnino

103 2279 221 2338 mutata
233 2274 338 2350 luerit,
355 2273 399 2336 ite
413 2280 448 2337 ut
461 2293 508 2337 rcs
520 2275 626 2337 eadem
638 2274 770 2356 amplius
782 2273 843 2336 dici
856 2278 1000 2354 nequeat,
1014 2293 1044 2337 v.
1060 2292 1118 2353 gn,
1135 2273 1161 2334 si
1176 2273 1298 2336 ecclesia
1311 2292 1376 2335 om-

103 2363 175 2427 nino
191 2369 246 2426 aut
259 2362 320 2426 fere
332 2382 369 2424 ex
383 2363 499 2444 integro
511 2370 591 2426 essct
610 2363 728 2438 diruta,
745 2362 946 2442 Indulgentiae
963 2363 991 2424 ei
1009 2363 1193 2425 inbaerentes
1211 2367 1371 2424 cessarent.

102 2455 203 2534 Neque
218 2451 418 2527 amittuntur,
434 2453 461 2516 si
475 2471 529 2534 per
543 2452 727 2516 successivas
740 2451 945 2532 reparationes
964 2450 1094 2514 totaliter
1110 2457 1318 2524 renovaretur,
1334 2451 1373 2513 si-

101 2541 226 2622 quidem
237 2541 341 2604 eadem
351 2541 508 2604 moraliter
522 2540 839 2605 remaneretProinde
853 2559 907 2603 nec
919 2539 1257 2620 amittitlndulgentias
1266 2557 1375 2602 corona

101 2649 168 2712 quae
183 2630 351 2693 successive
364 2637 533 2710 reparatur,
549 2632 618 2693 licet
632 2631 745 2710 globuli
764 2648 802 2692 ex
820 2629 938 2710 integro
956 2647 1010 2710 per
1023 2635 1124 2708 partes
1143 2627 1274 2691 subinde
1287 2647 1375 2691 reno·

100 2719 163 2780 vati
176 2717 302 2779 luerint.
321 2753 360 2760 -
376 2717 499 2777 Goasset
507 2764 516 2795 ‚
533 2739 563 2780 n.
577 2722 648 2781 905.

139 2811 171 2867 t·
186 2804 389 2882 Indulgentiae
409 2822 469 2866 non
489 2805 647 2884 exspirant
670 2810 768 2865 morte
790 2803 995 2877 concedentiS,
1012 2820 1084 2866 eum
1101 2801 1165 2864 sint
1184 2803 1304 2882 gratiae,
1321 2823 1376 2866 nec

98 2899 169 2956 ante
187 2891 331 2954 notitiam
346 2893 556 2955 revocationis.
573 2892 775 2973 Indulgentiae
796 2891 976 2972 accipiendae
1000 2897 1088 2966 suut,
1108 2895 1144 2954 ut
1160 2897 1285 2966 sonant;
1302 2911 1374 2956 cum

98 2990 201 3044 menen
214 2981 278 3043 sint
292 2979 408 3061 gratia,
418 2980 499 3060 large
514 2988 588 3044 sunt
602 2980 848 3061 interpretandae,
859 2985 979 3044 servata
990 2979 1194 3044 nibilominus
1209 2981 1372 3043 verborum

98 3070 290 3152 proprietate.
307 3070 392 3134 Unde
408 3071 564 3132 censendae
584 3076 658 3132 sunt
669 3076 837 3152 perpetua,
854 3069 880 3132 si
895 3070 973 3132 data
987 3068 1051 3133 sint
1065 3070 1131 3133 sine
1148 3069 1293 3150 temporis
1307 3087 1371 3133 res-

98 3159 247 3222 trictione.
263 3195 304 3204 —
318 3157 352 3220 S.
372 3158 441 3240 Le'q.
456 3179 487 3219 η.
504 3163 575 3222 534.

138 3253 227 3313 1108.
243 3247 539 3328 —501ndnlgentia
553 3245 869 3329 proartieulomcrtis
883 3265 1037 3323 concessa,
1055 3267 1090 3310 ea
1106 3253 1230 3327 excepta
1242 3264 1311 3326 quae
1327 3265 1371 3308 so

98 3338 230 3400 lemnius
245 3355 317 3400 curn
334 3337 543 3400 benedictione
559 3335 730 3418 Apostolica
744 3337 932 3417 impertitur,
950 3343 979 3400 et
994 3340 1082 3417 cujus
1094 3335 1227 3398 habetur
1240 3335 1373 3398 formula

97 3427 161 3489 sive
175 3426 210 3488 in
223 3426 339 3490 Rituali
354 3429 502 3500 Romano,
512 3427 577 3490 sive
591 3427 629 3490 ad
643 3426 736 3489 finem
752 3425 910 3500 breviarii,
921 3444 983 3489 non
995 3425 1126 3506 requirit
1140 3423 1371 3505 applicationem

96 3515 276 3578 Confessarii
291 3521 347 3577 aut
361 3515 572 3579 ministerium
592 3515 729 3580 alterius.
747 3515 876 3596 Expedit
895 3521 1013 3590 tamen,
1032 3514 1231 3577 moribundos
1245 3512 1372 3575 nomina

95 3604 168 3665 lesu
182 3610 213 3666 et
227 3603 334 3666 Morta
349 3605 461 3686 sapius
482 3604 639 3681 invocare,
655 3606 686 3668 et
707 3603 782 3685 ipsis
802 3603 836 3667 in
858 3610 995 3667 mentem
1015 3603 1194 3666 lucrandam
1207 3602 1371 3680 Indulgen-

97 3693 172 3756 tiam
187 3711 335 3756 revocare.

135 3787 167 3846 6ο
181 3783 212 3845 Si
227 3782 432 3846 moribundus
446 3782 557 3846 babeat
570 3783 672 3864 plures
685 3783 846 3863 imagines,
859 3785 978 3856 Cruces,
990 3782 1197 3856 Numismata,
1209 3785 1264 3842 aut
1278 3783 1369 3843 Rosa-

95 3871 141 3934 ria
155 3871 324 3947 benedicta,
342 3877 441 3952 potest
459 3891 496 3934 ex
515 3871 645 3936 diversis
665 3871 727 3935 illis
749 3871 849 3934 titulis
870 3871 1007 3934 diversas
1031 3871 1140 3933 lucrari
1161 3867 1369 3947 indulgentias

94 3960 185 4023 toties
199 3961 318 4041 quoties
332 3978 445 4022 nonren
456 3965 528 4024 Jesu
541 3959 705 4042 repetierit,
718 3961 765 4025 vel
774 3959 952 4041 praestiterit
961 3977 1036 4040 opus
1050 3958 1235 4040 requisitum
1248 3956 1368 4038 (saltem

93 4049 306 4130 probabilius),
324 4047 389 4111 sive
403 4049 604 4130 Indulgentiae
618 4069 657 4112 ex
674 4049 778 4112 eadem
796 4047 1000 4124 concessione,
1016 4048 1080 4111 sive
1099 4065 1137 4110 ex
1152 4044 1281 4109 diversis
1300 4063 1369 4124 pro-

92 4137 229 4200 veniant.
242 4135 358 4199 Sufficit
372 4143 474 4198 tamen
490 4139 592 4201 adeas
607 4138 767 4200 lucrandas
780 4136 910 4220 quodvis
926 4143 1057 4217 tempus,
1072 4135 1105 4198 in
1120 4153 1180 4217 quo
1195 4133 1368 4197 verificatur

91 4225 202 4288 mortis
216 4224 375 4298 articulus,
389 4225 450 4308 etsi
465 4226 605 4305 pluribus
619 4227 727 4289 diebus
742 4231 865 4289 tantum
880 4232 984 4306 postea
998 4243 1080 4288 mors
1095 4229 1252 4306 sequatur.
1269 4257 1309 4266 -
1324 4225 1369 4282 Ιιυ

90 4313 126 4376 S.
139 4314 221 4394 Lip„
238 4313 312 4375 ibid.
328 4347 368 4357 —
381 4311 511 4392 Saorez,
526 4321 582 4377 etc.
601 4318 731 4378 Possunt
745 4314 859 4396 pariter
878 4314 1057 4377 moribundi
1074 4315 1177 4395 plures
1192 4309 1304 4374 lucrari
1318 4311 1366 4370 ln-

90 4401 264 4482 dulgentias
281 4401 370 4464 titulo
384 4401 541 4466 variarum
555 4403 864 4480 confraternitatum,
881 4402 1003 4467 etiarnsi
1017 4421 1067 4465 aas
1082 4403 1238 4484 ignorent,
1255 4401 1308 4461 aut
1330 4399 1367 4460 de

89 4491 131 4555 iis
145 4510 207 4555 non
219 4491 421 4556 recordentur.
438 4527 478 4538 -
495 4493 530 4558 S.
546 4493 631 4578 Lep,
646 4493 721 4558 ibid.
