3206 5042
212 261 281 320 aaa
742 261 951 308 abaciacus

251 389 352 460 Quen.
368 387 401 444 2⁰
419 380 499 456 Ouid
510 378 681 460 siqnificent
697 374 759 436 boec
773 373 864 434 verba
876 391 956 434 ausu
967 372 1152 434 temerario?

252 475 342 554 lirsp.
356 491 367 531 .·
384 473 429 532 Ex
443 468 647 532 Instructione
669 468 699 528 S.
717 461 812 527 Officii
835 468 849 523 1
873 461 946 523 Feb.
965 467 1055 536 1811,
1073 465 1139 542 jam
1154 464 1270 544 pluries
1287 466 1404 542 citata,
1424 471 1513 536 illius
1585 544 1586 547 Ἴ

211 562 361 626 rationem
376 559 483 639 agendi
499 555 689 636 significant,
705 551 809 633 period
824 549 894 610 aliis
910 549 1036 610 minime
1050 563 1187 631 coactus,
1204 556 1347 635 pruriens
1363 578 1401 619 nc
1412 562 1511 624 sciens

212 652 429 713 imrrrnnitotem
445 649 523 728 aspii
534 644 731 706 ecclesiastici
743 651 796 701 oui
811 640 926 700 uictore
935 641 1039 721 jubet,
1058 653 1112 700 out
1126 645 1316 724 exsequendo
1333 647 1448 711 violat.
1469 687 1510 696 -

213 741 290 805 Hinc
305 745 401 819 patet,
419 755 517 815 neque
537 733 735 812 magistratus
751 729 913 792 catholicos
935 729 1112 792 necessitate
1138 750 1169 793 se
1190 732 1410 798 conformandi
1424 757 1506 818 prae-

213 830 324 908 scripto
340 827 413 905 legis
428 824 527 886 civilis
537 823 667 892 adactos,
686 837 784 898 neque
796 817 908 879 milites
923 827 979 879 aut
994 819 1136 897 gubernii
1151 839 1255 884 servos
1270 826 1425 888 mandata
1441 828 1503 891 sibi

212 917 355 996 imposita
369 913 586 991 adimplentes
603 906 912 970 excommunicationi
927 906 1073 970 obnoxios
1087 926 1164 970 esse.

829 1071 868 1125 vt

247 1193 395 1250 violantes
412 1190 574 1246 clausuram
591 1186 771 1253 hiemalium,
788 1185 994 1256 cujuscumque
1007 1188 1121 1255 generis
1134 1189 1185 1244 aut
1198 1191 1390 1261 conditionis,
1408 1213 1496 1252 scrius
1586 1215 1587 1218 ¹

212 1275 256 1330 rel
273 1275 366 1330 catalis
382 1271 501 1336 suerint,
520 1271 549 1324 in
571 1285 667 1323 earum
687 1265 858 1322 lionastecia
877 1265 986 1336 absque
1005 1265 1136 1336 legitima
1154 1268 1272 1328 licentia
1288 1273 1494 1344 ingrediendo:

212 1357 374 1428 pariterque
385 1368 433 1406 eos
445 1349 657 1406 introducentes
675 1347 719 1402 iel
734 1347 935 1414 admittentes3
951 1347 1076 1417 itemque
1087 1350 1227 1406 bloniales
1238 1352 1275 1408 eb
1288 1354 1337 1410 illa
1350 1364 1493 1411 exeuntes
1586 1409 1587 1430 2

211 1439 291 1490 extre
306 1449 389 1487 casus
406 1447 439 1486 ae
459 1434 576 1485 sormam
594 1446 610 1484 a
629 1431 657 1484 S.
680 1429 726 1481 l‘o
742 1429 762 1482 V
778 1428 805 1481 in
820 1428 915 1482 Consi.
934 1427 1041 1482 Decori
1058 1431 1261 1502 praescriptam.
1273 1433 1322 1504 ilii
1340 1435 1494 1490 violantes
1586 1431 1587 1504 i

211 1513 397 1578 adnisurum,
416 1528 456 1564 ccc
476 1509 563 1566 Batia
583 1506 724 1574 Greuorii
738 1507 829 1571 Xiii,
847 1507 900 1562 Ubi
923 1507 1037 1576 gratiae,
1056 1507 1089 1562 13
1103 1509 1177 1564 dun.
1194 1511 1271 1574 1575;
1288 1518 1314 1564 ci
1330 1514 1427 1566 Pauli
1446 1516 1485 1578 V,

210 1590 442 1742 {offiiuffiipiss
455 1589 518 1646 Jot.
533 1589 611 1644 tote.
626 1619 660 1629 —
673 1589 709 1642 ln
721 1584 869 1641 Martiales
881 1593 1041 1652 cerauniae,
1054 1604 1095 1642 eac
1109 1587 1192 1644 Balla
1204 1589 1232 1644 S.
1248 1588 1300 1644 Pii
1314 1589 1347 1657 V,
1360 1593 1483 1663 liconti,

251 1797 339 1857 10113.
352 1827 389 1836 -
399 1789 569 1852 becisiones
580 1793 668 1851 Rom.
685 1785 867 1848 Pontificum
881 1795 1075 1865 praecesserat
1087 1790 1239 1851 decretum
1248 1788 1484 1868 tridentinum,

211 1903 282 1944 sess.
301 1883 392 1952 XXV,
410 1901 435 1938 c.
461 1898 489 1955 r,
509 1878 543 1938 cie
561 1877 648 1957 itep,
666 1875 747 1955 quod
766 1875 799 1936 in
819 1875 1024 1953 ingredientes
1047 1877 1228 1941 blonasteria
1245 1879 1288 1940 ita
1308 1882 1484 1943 statuebat:

210 1971 339 2050 Inprecii
353 1971 435 2028 inira
447 1978 529 2047 septe
545 1966 722 2026 dionostcrii
739 1965 852 2024 rcemini
870 1966 956 2024 liceat
980 1965 1191 2048 cap'uscaanqnc
1206 1971 1326 2048 pencris
1345 1981 1400 2029 orit
1416 1991 1486 2031 con-

211 2061 354 2126 ditionis,
377 2077 464 2116 sceris
485 2057 531 2116 uei
548 2060 646 2116 cetariis
661 2055 772 2132 jeci-ic,
790 2054 853 2112 sine
873 2053 1023 2134 Episcopi
1042 2055 1089 2115 arei
1105 2055 1287 2136 Superioris
1302 2059 1439 2135 licentio,
1456 2063 1484 2120 in

212 2151 336 2228 scriptis
357 2147 490 2213 odiente,
511 2145 565 2203 sub
585 2143 900 2204 eacuminunicationis
917 2162 1022 2223 peno,
1040 2146 1106 2224 ipso
1129 2144 1213 2225 sacto
1236 2151 1431 2208 lacuniara.
1451 2151 1485 2209 lu

211 2235 354 2301 blonialcs
368 2241 472 2295 autem
489 2233 698 2296 eblouosterio
715 2239 861 2292 exeuntes
875 2231 939 2292 haec
958 2232 1157 2311 injungebat:
1175 2235 1301 2296 Nemini
1314 2237 1487 2298 Soractinae-

211 2326 337 2385 niaiium
357 2325 443 2382 liccat
452 2333 524 2404 posi
534 2324 750 2401 profecissem
766 2324 848 2380 reare
862 2340 877 2379 e
889 2319 1081 2397 Monosterio,
1096 2325 1186 2382 ctae'crnr
1202 2323 1246 2383 ad
1256 2325 1342 2386 brecc
1356 2335 1484 2408 tempas,

210 2433 394 2495 quacumque
405 2421 570 2490 praetecta,
581 2412 642 2468 nisi
650 2429 687 2468 ee
695 2409 800 2488 alique
810 2410 944 2488 lepitimo
954 2429 1052 2479 conse,
1061 2409 1098 2469 ab
1108 2411 1263 2492 Episcopo
1272 2415 1483 2494 approbanda.

331 2537 523 2611 Quaesitae.

250 2671 391 2730 10111-
415 2667 515 2738 Quen.
540 2664 639 2725 101111
663 2664 716 2724 snb
738 2665 795 2725 boc
811 2685 937 2726 conscire
956 2663 1244 2746 comprehendentur
1266 2665 1421 2728 Martiales
1449 2674 1487 2730 in

210 2747 312 2819 Getica
328 2753 523 2816 eremicolas?
920 2785 921 2788 ¹

251 2847 340 2926 Hesp.
352 2845 429 2924 Nep.
447 2862 516 2905 cum
530 2842 574 2903 ibi
590 2861 651 2903 non
667 2843 730 2905 sint
744 2842 899 2922 Religiosae
915 2843 1020 2906 stricto
1037 2861 1140 2916 sensu,
1157 2861 1211 2904 seu
1225 2844 1404 2907 solemniter
1415 2851 1486 2910 Pro

209 2933 699 2996 111111-111101111111111.-
715 2933 919 2994 Confirmatur
929 2933 1111 2994 resolutione
1122 2932 1256 2994 dataaS.
1265 2937 1374 3014 Gongr.
1384 2936 1480 3014 Epise.

209 3031 239 3085 et
252 3028 338 3102 Bag„
358 3029 365 3082 1
382 3025 459 3098 bug.
479 3023 564 3082 1839.
579 3020 742 3100 Propositis
757 3020 840 3081 enim
855 3021 975 3083 duobus
991 3022 1103 3094 dubiis,
1116 3031 1382 3102 quaesequuntur:

252 3137 266 3166 «
288 3113 311 3170 l.
331 3115 440 3173 Utrum
456 3108 481 3170 si
497 3127 558 3170 non
576 3109 640 3170 sint
659 3109 806 3170 solemnia
825 3114 913 3183 vota,
930 3111 1074 3174 Moniales
1097 3111 1301 3174 nibilominus
1321 3120 1482 3175 teneantur

210 3225 224 3256 «
248 3202 286 3262 ad
308 3200 479 3261 clausuram
506 3199 701 3270 servandam,
721 3217 814 3278 quam
838 3206 908 3261 voto
933 3199 1065 3280 simplici
1087 3207 1214 3274 vovent,
1236 3201 1293 3262 sub
1316 3201 1481 3264 censurisa

210 3315 224 3344 a
248 3287 429 3350 Tridentina
464 3289 584 3369 synodo
607 3287 729 3359 edictis,
757 3287 810 3349 ubi
839 3287 1005 3368 Episcopus
1033 3290 1206 3352 clausuram
1235 3291 1413 3352 restituerit.
1444 3327 1482 3338 -

210 3403 224 3433 a
248 3381 283 3440 ll.
301 3381 412 3440 Utrum
432 3378 526 3439 etiam
543 3376 869 3439 excommunicationis
887 3377 1025 3440 incurret
1044 3395 1182 3457 paenam,
1200 3378 1252 3460 qui
1271 3379 1335 3440 sine
1352 3378 1482 3440 licentia

210 3492 224 3522 «
248 3466 439 3548 ingrediatur
454 3474 538 3546 septa
552 3465 741 3540 blonasterii,
758 3466 812 3527 ubi
826 3467 967 3528 clausura
981 3468 1019 3528 ab
1036 3467 1180 3548 Episcopo
1194 3465 1446 3530 restitutaiuerit.
1462 3490 1478 3524 u

250 3583 262 3610 o
288 3563 317 3618 S.
335 3555 530 3634 Giingregatio
547 3554 715 3634 respondit:
733 3579 746 3609 a
762 3557 808 3616 Ad
823 3557 850 3630 1,
865 3555 1027 3636 nepetae,
1047 3557 1149 3637 quood
1160 3559 1366 3638 poerrassacris
1384 3554 1483 3618 taire

211 3667 224 3698 i
249 3645 337 3704 aitrus
353 3655 380 3702 ct
397 3644 576 3720 apostolicis
596 3643 866 3704 concitationibus
877 3647 1075 3725 prescriptos
1086 3665 1098 3704 .·
1115 3645 1315 3728 affirmative,
1333 3646 1430 3705 relate
1445 3645 1483 3705 od

213 3755 228 3790 a
249 3753 391 3793 censuros
407 3732 443 3790 eb
458 3734 613 3812 Episcopo
629 3734 758 3811 fiirtnssa
775 3734 939 3814 impositas.

251 3847 265 3878 «
289 3822 390 3894 1111,
410 3824 431 3880 Α
438 3821 606 3900 (firmative
617 3822 642 3880 si
655 3821 692 3880 ab
709 3823 865 3902 Episcopo
882 3821 1003 3882 decreto
1020 3823 1127 3901 suerii.
1146 3846 1160 3879 »

248 3911 358 3990 Excipe
374 3909 517 3972 Moniales
533 3909 691 3970 Sabaardire
711 3915 741 3970 et
759 3909 929 3972 Comitatus
950 3910 1121 3982 Niceensis‚
1139 3929 1208 3991 quae
1228 3915 1299 3972 ante
1314 3912 1480 3991 provincia-

208 4001 421 4060 rumiliacum
447 3998 648 4061 adnexionem
673 3998 819 4060 solemnia
837 4007 908 4060 vota
926 4001 1119 4061 emittebant.
1142 4003 1183 4061 De
1205 3999 1255 4061 bis
1275 4000 1361 4062 enim
1381 4001 1480 4070 eadem

209 4087 240 4149 S.
256 4087 363 4162 Gorrgr.
385 4092 438 4167 Ep.
455 4094 484 4149 ct
498 4093 582 4167 Bag„
597 4093 632 4150 31
650 4088 710 4148 lul.
729 4091 821 4162 1861,
838 4089 1013 4168 respondit:
1028 4089 1134 4163 Quoad
1146 4087 1282 4170 prescia
1299 4089 1480 4150 ¹iterrastcria

209 4173 287 4235 nibil
310 4191 484 4236 renouatum
504 4197 578 4247 csse,
601 4186 626 4236 ct
643 4177 899 4238 Sriiactimonieics
912 4180 1021 4240 eisdem
1039 4177 1177 4238 omnibus
1197 4177 1435 4256 odiipationibas
1458 4187 1481 4236 ct

208 4263 409 4324 cerdania-is
425 4263 538 4344 lepidus
553 4265 701 4340 ›arbjo-tas
715 4286 788 4330 esse.
808 4267 913 4344 cluibus·
927 4280 1018 4328 orrico
1032 4269 1221 4328 teniehontur.

248 4357 349 4427 Quen.
366 4357 397 4414 ⁹2⁰
417 4354 544 4428 (lainam
562 4374 599 4412 ee
615 4353 690 4413 dure
706 4356 858 4415 licentiam
877 4356 1006 4416 indicat
1023 4355 1217 4438 inpreiiicndi
1232 4355 1440 4433 Monostcria,
1460 4363 1486 4413 rt

207 4458 226 4496 o
241 4460 370 4518 puericia
387 4443 511 4501 debcant
524 4442 609 4500 iilum
625 4443 759 4502 obtinere
769 4445 822 4524 qui
834 4463 898 4504 ceni
913 4465 950 4504 ec
965 4447 1041 4506 iure
1060 4465 1120 4505 non
1137 4443 1275 4506 liabent?

248 4527 339 4600 terp.
363 4533 412 4585 lv:
431 4533 561 4587 Possunt
579 4529 695 4605 ingredi
718 4533 898 4596 monasteria
919 4539 950 4595 1ο
969 4533 1111 4614 Episcopi
1130 4534 1166 4596 in
1185 4551 1256 4596 casu
1272 4533 1483 4606 necessitatis,
