3220 5042
497 277 535 323 DE
557 275 797 324 SACRAHNTO
817 278 1057 324 emmenum
1346 263 1414 325 21¹1

146 387 268 471 pietatis
279 387 451 452 naculum.
467 387 545 452 Hinc
563 389 780 452 declarandum
799 390 967 452 estodium
988 407 1077 470 grave
1096 388 1130 451 in
1147 395 1303 470 parentes,
1320 389 1413 467 filios,

146 495 231 554 avos,
243 483 381 558 nepotes,
398 475 502 540 affines
516 475 664 559 inprime
679 478 786 560 gradm
797 476 832 540 in
846 476 998 558 patrinos,
1014 477 1050 540 in
1061 476 1181 552 filiolos,
1198 475 1233 540 in
1243 480 1412 559 conjugem,

145 573 176 630 et
186 565 219 629 in
232 565 352 628 iratres.
366 601 407 611 -
422 566 522 648 Lupo,
539 565 621 648 disp.
638 584 707 640 xvr,
723 587 754 627 0.
769 570 828 630 303
842 577 871 628 04
883 585 957 648 sep,
973 577 1003 628 et
1015 565 1073 627 atti
1083 565 1286 627 communiter.

183 655 277 736 Resp.
293 659 326 718 2⁰
343 653 420 737 Nep.
436 673 507 718 vero
517 653 723 736 probabilius,
743 655 769 717 si
783 656 892 735 agatur
905 656 943 718 de
956 653 1184 736 propinquitate
1196 659 1323 730 remota,
1335 654 1417 718 inter

144 749 266 808 eeteros
279 761 389 824 nempe
402 743 641 824 consanguineos
655 748 709 806 aut
720 741 835 807 affines.
848 750 887 790 -’-
897 743 984 827 ano
990 790 999 822 ,
1014 743 1080 804 ibid
1085 789 1105 821 .,
1114 752 1144 805 et
1156 742 1214 803 clii
1227 748 1332 806 contra
1342 743 1416 807 abes

144 831 198 914 qui
222 831 432 895 declarandam
452 835 565 912 putant
590 831 854 895 circumstantiam
875 830 1112 914 propinquitatis
1134 830 1228 894 etiam
1246 830 1281 895 in
1306 839 1416 914 quarto

143 921 240 1002 gradu
254 919 540 1001 consanguinitatis.

683 1077 823 1122 naamon
845 1077 878 1122 lv

629 1199 670 1253 De
682 1197 808 1271 peccatis
821 1195 930 1253 oblitis.

184 1354 255 1413 494.
270 1371 309 1395 -ι
319 1351 443 1412 Peccata
455 1348 598 1412 mortalia
610 1367 647 1412 ex
661 1349 813 1413 oblivione
826 1349 1004 1431 inculpabili
1017 1349 1131 1412 omissa
1144 1349 1278 1412 accusari
1291 1348 1414 1426 debent,

144 1436 172 1500 si
190 1438 223 1500 in
238 1436 418 1520 penitentis
436 1437 618 1501 memoriam
631 1439 768 1502 redeunt.
786 1442 833 1500 Ex
849 1445 997 1519 precepto
1010 1439 1093 1501 enim
1112 1437 1219 1502 divino
1231 1437 1336 1502 omnia
1350 1456 1416 1518 pec

144 1533 212 1589 0040
225 1525 366 1590 mortalia
377 1532 445 1608 post
459 1526 651 1609 Baptismmn
666 1527 829 1592 commissa
847 1527 881 1590 in
899 1525 1083 1590 confessione
1096 1527 1306 1590 sacramentali
1320 1527 1416 1590 decla·

143 1615 240 1678 00040
255 1621 343 1691 sunt;
355 1633 410 1677 nec
423 1633 557 1696 presens
568 1615 705 1678 oblivioa
715 1621 802 1678 40040
813 1613 995 1696 obligatione
1009 1632 1153 1678 excusare
1166 1615 1260 1678 etiam
1274 1614 1308 1676 in
1319 1621 1416 1696 poste-

143 1721 215 1766 rum
227 1707 336 1784 potest.
348 1706 475 1766 Constat
488 1721 526 1766 ex
545 1722 629 1785 prop.
647 1709 699 1766 tr
715 1705 753 1766 ab
770 1703 943 1765 Alexandro
960 1705 1014 1766 vll
1028 1704 1188 1777 damnata,
1208 1701 1289 1765 inira
1305 1723 1335 1764 n.
1356 1705 1415 1766 497

144 1790 309 1853 referenda.

269 1935 467 2013 Quaestus.

184 2067 255 2128 494.
271 2100 312 2110 -
329 2067 431 2140 Quae.
453 2071 484 2128 1⁰
504 2064 554 2126 An
571 2073 697 2147 peccata
717 2084 754 2128 en
772 2063 923 2126 oblivione
943 2073 998 2126 aut
1015 2063 1078 2127 alic
1093 2063 1182 2145 justa
1199 2083 1288 2127 causo
1308 2065 1418 2126 omissa

144 2171 346 2222 00400οι000
362 2153 533 2216 accusanda
549 2152 633 2216 sint?

185 2241 276 2324 Hesp.
298 2239 378 2324 Nep.
396 2240 598 2325 probabilem.
617 2243 802 2324 Hujusmodi
817 2241 902 2305 enim
916 2241 1060 2322 obligatio
1073 2241 1231 2304 moraliter
1246 2240 1418 2322 accipienda

144 2337 207 2404 est,
219 2348 290 2393 cum
303 2329 475 2411 presertim
485 2330 550 2394 hac
559 2329 679 2412 peccata
684 2333 749 2412 jam
759 2331 941 2406 deletasint,
953 2348 1009 2394 nec
1020 2331 1147 2411 proinde
1156 2329 1238 2395 adsit
1247 2330 1417 2412 periculum

144 2417 256 2482 animae
270 2419 304 2481 in
320 2439 415 2481 mora.
431 2455 472 2465 -
485 2419 537 2482 Ila
548 2423 741 2498 communius,
754 2455 794 2468 -
809 2419 939 2502 Sporer,
955 2455 994 2464 —
1006 2419 1181 2501 Laymnnn,
1194 2425 1251 2482 etc.

184 2509 249 2571 Imo
267 2509 358 2587 juxta
378 2509 481 2590 plures
500 2525 605 2589 gaves
624 2508 777 2589 theologos
795 2507 948 2590 poenitens
964 2507 1086 2571 differre
1102 2507 1303 2590 probabiliter
1320 2512 1418 2590 potest

144 2594 362 2660 confessionem
377 2595 490 2660 horum
508 2603 713 2678 peccatorum,
730 2598 824 2660 donec
841 2608 878 2659 ex
900 2600 930 2659 oi
947 2597 1073 2660 alterins
1090 2596 1286 2679 oblipationis
1303 2595 1419 2658 itemm

144 2683 281 2746 confiteri
295 2689 446 2748 teneatur.
459 2685 507 2748 Sic
521 2686 559 2748 ad
573 2687 673 2750 varios
689 2703 825 2762 menses,
841 2691 871 2748 et
883 2684 977 2748 etiam
992 2686 1030 2748 ad
1042 2691 1166 2766 tempus
1179 2703 1290 2748 annuae
1304 2683 1418 2748 maies-

143 2770 385 2845 sionis,differ1i
401 2780 512 2853 posset.
526 2773 632 2835 —Ito
645 2772 818 2848 Rauenna,
832 2773 868 2836 de
885 2773 1066 2855 integritate
1080 2773 1177 2854 cons„
1190 2779 1260 2835 sect.
1276 2775 1313 2846 2,
1327 2773 1365 2854 tp.
1381 2775 1416 2846 4,

144 2879 176 2920 0.
194 2862 244 2922 32.
260 2859 404 2922 Attamen
417 2861 502 2922 nulla
515 2861 575 2923 alia
588 2861 747 2936 confessio,
762 2861 802 2924 iis
816 2861 954 2936 omissis,
969 2861 1124 2942 interponi
1137 2865 1246 2942 potest.
1261 2858 1351 2924 Ratio
1361 2862 1416 2934 est,

145 2945 221 3028 quia
236 2945 276 3008 ad
293 2945 501 3026 integritatem
515 2948 711 3012 confessionis
729 2949 862 3031 pertinet
880 2950 1029 3012 declarare
1048 2949 1082 3010 in
1101 2948 1212 3012 actuali
1230 2944 1419 3010 accusatione

145 3033 252 3099 omnia
270 3041 390 3114 peecata
407 3035 547 3098 mortalia
568 3038 708 3100 nondum
726 3043 883 3111 accusata,
901 3056 969 3119 que
991 3035 1148 3100 memoriae
1166 3039 1344 3108 occurrunt,
1365 3052 1420 3097 seu

145 3143 276 3208 qnorum
298 3121 425 3186 babetur
444 3125 637 3199 conscientia,
657 3132 695 3188 ut
713 3125 788 3189 (licit
809 3125 908 3206 Tn'd„
928 3145 996 3189 0000.
1017 3127 1095 3202 XIV,
1114 3146 1140 3188 0.
1161 3145 1192 3188 v.
1208 3130 1315 3200 Porro,
1329 3125 1420 3204 juxta

144 3211 274 3284 Suarez,
297 3212 333 3274 de
353 3210 475 3288 Pente,
496 3213 576 3294 disp.
598 3231 676 3286 xxrr,
699 3225 769 3276 sect.
792 3219 821 3288 4,
843 3234 874 3274 0.
895 3219 925 3288 4,
946 3232 981 3277 00
993 3223 1120 3296 peceato
1135 3224 1205 3275 eunt
1226 3215 1259 3274 in
1276 3212 1420 3294 praesenti

146 3301 342 3378 conscientia,
361 3319 441 3382 qua,
467 3301 621 3363 commissa
641 3311 708 3384 post
727 3301 931 3383 Bregetionem,
947 3320 1006 3384 per
1019 3303 1113 3366 aliam
1127 3301 1341 3382 confessionem
1360 3317 1419 3360 non

145 3401 217 3453 sunt
229 3391 288 3452 rita
301 3389 435 3452 clavibus
448 3390 592 3472 subjecta.

186 3482 289 3556 Quae.
305 3481 339 3541 2⁰
350 3481 403 3541 An
412 3489 538 3561 petente
556 3499 594 3541 00
610 3477 759 3541 oblatione
775 3481 882 3541 0004000
897 3482 1035 3539 accusari
1051 3477 1178 3541 debeant
1191 3487 1261 3540 ante
1278 3475 1420 3540 Commu·

147 3570 282 3646 aionem,
296 3569 422 3649 sipritus
436 3571 529 3630 menti
538 3566 725 3629 mcurrnnt?

185 3657 278 3739 Hesp.
302 3655 380 3740 Nep.
400 3656 608 3739 probabilius,
629 3656 751 3719 etiamsi
769 3654 922 3738 poenitens
940 3655 1054 3736 absque
1071 3655 1263 3719 incommodo
1283 3651 1420 3716 confiteri

146 3745 251 3826 possit.
265 3781 305 3792 -
317 3746 424 3807 Recole
436 3745 518 3808 dicta
532 3747 563 3808 in
579 3755 668 3808 tract.
685 3745 720 3808 de
734 3743 850 3819 Ecob,
866 3765 897 3806 n.
915 3747 984 3810 326.

187 3837 291 3912 Quae.
315 3839 346 3899 3ο
368 3834 417 3896 An
439 3836 600 3917 paenitens,
626 3835 681 3918 pai
700 3833 880 3896 recordatur
899 3834 1021 3915 peccati
1040 3832 1142 3908 obliti,
1167 3849 1221 3894 nee
1235 3839 1332 3914 poten
1349 3829 1422 3911 (004

148 3943 209 3985 non
226 3923 304 4006 cult)
324 3923 477 4005 confiteri,
499 3935 569 3987 unte
590 3925 832 3988 Communionem
849 3923 892 3984 ad
907 3931 1006 3985 aetum
1024 3923 1217 3984 contritionis
1241 3918 1420 3982 eliciendum

149 4011 307 4076 teneatur?

187 4101 281 4181 Hesp.
297 4101 375 4182 Nep.
391 4119 463 4164 oum
477 4101 513 4164 S.
532 4101 617 4182 Lip,
635 4121 666 4162 n.
683 4104 753 4176 457,
771 4135 809 4148 -
825 4099 922 4182 Lupo,
943 4097 1109 4173 04014004,
1126 4097 1203 4180 disp.
1216 4115 1281 4172 mv,
1294 4117 1324 4158 n.
1343 4099 1417 4174 122,

148 4196 179 4252 et
191 4190 261 4254 clit's
276 4193 471 4252 communiter
482 4195 587 4252 eontra
605 4191 754 4270 quosdam
773 4188 857 4252 alios.
876 4187 965 4252 Ratio
984 4192 1045 4262 est,
1064 4186 1277 4267 quianullum
1295 4189 1419 4268 apparet

149 4275 401 4353 undamentum,
418 4295 473 4341 cur
487 4276 548 4340 ista
563 4276 704 4340 contritio
723 4277 908 4358 requiratur.
929 4279 996 4339 Non
1013 4273 1099 4338 enim
1112 4273 1329 4357 requiritur-ex
1343 4290 1419 4355 pra·

149 4374 248 4447 cepto,
264 4367 338 4448 quia
351 4365 407 4430 hoc
419 4365 530 4429 nullibi
544 4365 755 4447 praescriptam
774 4363 940 4445 reperitur;
956 4381 1055 4444 neque
1068 4382 1105 4426 ex
1120 4362 1300 4428 necessitate
1311 4361 1418 4443 proba-

150 4454 257 4529 tionis,
271 4454 344 4537 quia
358 4461 514 4535 peceatum
524 4456 590 4535 jam
604 4471 657 4534 per
665 4455 884 4534 praecedentem
898 4448 1114 4515 contessionem
1125 4451 1272 4516 indirecte
1284 4450 1417 4512 deletum

149 4547 208 4618 est,
221 4549 253 4606 et
263 4543 389 4625 proinde
397 4541 577 4606 remissione
590 4560 652 4606 000
665 4542 793 4622 indiget.
