3198 5034
264 247 308 309 68
795 253 1005 300 ιιιιιιιιι

263 373 455 436 voluntatem
472 368 585 432 scilicet
597 372 628 430 et
645 367 833 429 intellectum
849 365 954 446 ipsum
969 370 1028 428 Deo
1043 365 1165 440 offerat,
1183 370 1215 426 et
1232 364 1360 427 omnino
1373 372 1534 428 consecret.

262 461 341 524 Hinc
360 459 474 522 dicitur
498 461 510 520 l
533 463 605 537 Reg.
631 475 683 528 xv,
710 458 750 518 ιι
775 474 783 515 :
810 453 920 516 Melior
942 463 986 516 eat
1009 453 1194 533 obedientia,
1219 472 1307 535 quom
1328 453 1468 517 victimae.
1497 457 1535 516 Et

261 554 349 613 Prov.
364 567 415 610 xxi
426 597 434 622 ,
447 550 487 610 ιιι
504 565 512 607 :
537 546 591 609 Vir·
604 543 738 607 obediens
754 543 891 625 loquetur
906 543 1074 606 victoriam.

384 708 606 790 Principia.

303 862 372 922 168.
389 892 429 902 -
439 859 464 918 l.
479 854 648 934 Religiosus
662 871 700 914 ex
713 857 783 914 voto
794 851 975 914 obedientia
987 855 1109 914 tenetur
1122 851 1162 912 ad
1175 849 1293 925 omnia,
1309 868 1378 930 quae
1393 852 1535 932 Superior

262 945 401 1030 praecipit
410 944 579 1008 secundum
591 942 709 1021 regulas
719 947 751 1002 et
760 939 994 1002 constitutiones
1002 938 1136 1014 Ordinis,
1149 937 1214 1002 sive
1223 937 1334 1001 directe
1343 946 1375 1002 ιι
1383 958 1533 1021 expresse,

262 1037 328 1100 sive
342 1034 490 1097 indirecte
504 1038 535 1094 et
552 1029 709 1110 implicite.
726 1065 765 1074 -
785 1027 822 1090 S.
838 1029 908 1109 ιιι.
925 1049 957 1090 n.
974 1033 1024 1092 38.
1039 1064 1080 1074 —
1095 1029 1243 1090 Attamen
1264 1035 1301 1090 ut
1320 1027 1362 1090 sit
1379 1037 1534 1108 peccatum

262 1132 367 1188 contra
381 1128 506 1194 votum,
521 1118 691 1201 requiritur
703 1125 739 1180 ιιι
753 1117 896 1196 Superior
913 1135 983 1181 vere
1001 1118 1175 1199 precipiat,
1193 1121 1224 1177 et
1243 1135 1305 1179 non
1321 1122 1445 1180 tantum
1467 1138 1535 1181 sua-

262 1215 347 1288 deat;
363 1212 446 1293 quod
467 1209 592 1289 quidem
613 1226 651 1270 ex
670 1206 785 1279 verbis,
806 1206 896 1268 modo
919 1205 1062 1286 loquendi
1082 1203 1235 1284 variisque
1257 1223 1361 1270 rerum
1382 1206 1535 1287 adJunctis

262 1301 389 1384 patebit.

302 1393 340 1452 ll.
361 1387 504 1469 Superior
513 1389 566 1467 jus
577 1384 670 1447 habet
684 1383 876 1464 praecipiendi
895 1401 958 1445 non
971 1401 1007 1444 ea
1020 1383 1120 1444 solum
1132 1401 1201 1464 quai
1219 1381 1360 1463 explicite
1381 1383 1534 1448 habentur

261 1480 296 1542 in
317 1478 422 1558 regula
442 1476 490 1538 vel
508 1471 795 1546 constitutionibus,
816 1476 854 1532 ut
873 1476 948 1533 sunt
968 1470 1171 1546 abstinentia,
1192 1470 1365 1546 silentium,
1390 1480 1464 1550 etc,
1486 1475 1534 1537 sed

261 1569 357 1632 etiam
370 1581 571 1646 quacumque
584 1560 732 1642 implicite
745 1559 835 1622 ineis
849 1559 1054 1632 continentur,
1069 1566 1106 1621 ut
1120 1577 1224 1639 poenas
1236 1559 1270 1622 iu
1282 1566 1532 1641 transgressores,

261 1663 292 1718 et
317 1653 470 1736 quidquid
492 1651 625 1733 pertinet
650 1649 688 1712 ad
712 1647 807 1711 officia
827 1647 1068 1710 communitatis
1086 1647 1145 1710 rite
1164 1648 1319 1725 obeunda,
1334 1655 1389 1712 aut
1409 1651 1449 1712 ad
1473 1654 1534 1732 ejus

261 1751 377 1808 rectam
397 1739 709 1805 administrationem.
729 1736 818 1801 Ratio
841 1743 905 1812 est,
926 1735 1000 1816 quia
1018 1735 1151 1798 officium
1166 1736 1277 1800 habere
1295 1738 1404 1818 nequit
1417 1757 1535 1820 promo

261 1832 353 1897 vendi
378 1849 433 1894 sua
457 1828 637 1892 auctoritate
652 1825 828 1907 regularum
844 1824 1087 1900 observantiam,
1106 1824 1182 1904 quin
1197 1828 1250 1906 jus
1270 1825 1381 1888 habeat
1396 1827 1533 1891 subditos

261 1919 415 2002 obligandi
427 1920 466 1982 ad
480 1937 515 1980 ea
531 1916 650 1991 omnia,
666 1933 735 1995 quae
749 1912 885 1976 adhunc
899 1912 991 1976 finem
1004 1914 1251 1994 consequendum
1267 1914 1420 1995 sapienter
1437 1916 1532 1979 statui

261 2011 309 2074 vel
320 2008 442 2091 praccipi
457 2011 597 2088 possunt·

300 2101 352 2161 lll.
367 2131 408 2143 —
421 2095 589 2175 Religiosus
606 2092 638 2154 vi
656 2091 704 2153 sui
722 2090 784 2152 voti
799 2109 861 2153 non
874 2095 995 2153 tenetur
1012 2089 1132 2154 obedire
1146 2091 1299 2172 Superiori
1315 2109 1381 2154 rem
1394 2092 1534 2174 impossi-
1586 2139 1587 2144 ι

259 2187 369 2260 bilem,
396 2191 451 2246 aut
469 2183 624 2246 evidenter
645 2178 800 2253 illicitam,
823 2182 877 2240 aut
896 2178 1029 2259 graviter
1046 2179 1107 2241 sibi
1129 2179 1254 2242 noxiam
1272 2180 1475 2261 praecipienti.
1495 2217 1531 2232 ·-
1586 2194 1587 2232 Ξ

261 2276 298 2339 S.
314 2276 383 2356 Lip.
398 2293 430 2333 n.
446 2269 496 2346 tl,
512 2277 568 2332 etc.
581 2271 620 2330 Et
634 2286 705 2330 sane
717 2286 780 2330 non
791 2266 894 2347 potuit
905 2265 1077 2346 seobligare
1086 2270 1125 2330 ad
1137 2286 1203 2330 rem
1214 2267 1451 2350 impossibilem,
1465 2290 1531 2335 cum

259 2357 592 2440 nemoadimpossibile
601 2362 758 2432 teneatur;
772 2356 916 2435 nequead
927 2373 993 2417 rem
1004 2361 1085 2418 certo
1094 2355 1250 2432 illicitam,
1261 2357 1413 2438 siquidem
1426 2369 1532 2424 votum
1586 2375 1587 2392 ³

259 2450 369 2531 nequit
385 2467 449 2512 esse
462 2446 624 2510 vinculum
642 2444 834 2524 iniquitatis;
851 2461 950 2524 neque
963 2443 1093 2522 demum
1113 2445 1151 2508 ad
1170 2463 1236 2508 rem
1258 2445 1391 2526 graviter
1407 2447 1471 2511 sibi
1483 2467 1534 2512 no·

156 2573 169 2602 .
259 2538 363 2612 niam,
377 2535 451 2618 quia
464 2536 521 2598 boc
532 2553 551 2596 a
561 2537 663 2596 mente
675 2532 840 2612 Religionis
856 2531 993 2594 alienum
1005 2536 1067 2607 est,
1080 2537 1110 2595 et
1120 2539 1206 2596 actus
1221 2533 1334 2597 heroici
1347 2553 1410 2598 uon
1421 2539 1535 2602 cadunt

259 2627 459 2690 communiter
480 2627 511 2686 et
531 2621 678 2704 implicite
700 2621 758 2683 suh
779 2627 902 2698 votum,
926 2620 1007 2684 sicut
1028 2639 1092 2684 nan
1116 2623 1230 2686 cadunt
1257 2622 1314 2685 sub
1336 2633 1533 2705 preceptum.

259 2715 371 2797 Excipe
385 2721 505 2786 tamen,
520 2711 547 2773 si
556 2719 666 2791 agatur
674 2710 712 2772 de
721 2708 825 2772 officiis
840 2709 925 2772 intra
935 2708 1050 2772 limites
1060 2709 1134 2773 vitas
1144 2709 1301 2790 Religiosac
1317 2711 1532 2793 adimplendis,

260 2825 290 2868 v.
307 2824 366 2886 gr,
383 2804 420 2866 de
435 2800 578 2865 curandis
593 2798 751 2878 Religiosis
766 2797 977 2861 consodalibus
989 2797 1154 2878 pestiferis,
1170 2805 1228 2862 ιιι.
1585 2807 1586 2844 ³

298 2893 378 2956 Hinc
398 2911 461 2955 nou
480 2895 603 2952 tenetur
625 2887 768 2950 subditus
789 2887 910 2949 obedire
932 2887 1059 2950 Praelato
1078 2887 1216 2969 jubenti,
1241 2893 1277 2952 ut
1300 2888 1419 2952 incedat
1443 2910 1533 2973 super

259 3001 370 3064 aquas,
384 2987 460 3054 etc.;
474 2978 500 3040 si
513 2982 616 3040 autem
626 2975 796 3038 referantur
807 2974 958 3055 exempla,
971 2974 1085 3056 quibus
1097 2981 1216 3038 constat
1225 2977 1317 3039 talem
1327 2977 1532 3042 obedientiam

259 3074 319 3134 Deo
328 3069 488 3151 probatam
500 3072 531 3128 et
545 3063 701 3126 miraculis
712 3063 924 3126 confirmatam
932 3061 1041 3138 luisse,
1053 3062 1217 3127 dicendum
1228 3071 1285 3141 est,
1303 3072 1377 3129 tunc
1387 3065 1532 3131 divinum

259 3156 484 3239 beneplacitum
502 3152 650 3232 singulari
664 3170 699 3214 ac
718 3169 848 3232 superno
863 3151 1063 3214 luminatum
1077 3151 1278 3233 praecipienti,
1291 3159 1362 3216 tum
1379 3154 1533 3218 obedienti

259 3245 353 3310 fuisse
366 3243 611 3308 manifestatum.

383 3405 578 3485 Quaeslta.

300 3558 369 3618 169.
384 3589 423 3598 -
436 3553 537 3703 (ξιιιι.
553 3555 584 3612 l⁰
601 3545 757 3625 Quodnam
774 3547 932 3609 tziotmen
947 3545 1117 3608 intercedat
1134 3547 1211 3608 inter
1229 3548 1369 3610 virtatem
1387 3558 1417 3609 et
1434 3561 1532 3612 votum

260 3643 434 3706 obedientior
1584 3623 1585 3705 l

300 3733 389 3813 Resp.
406 3751 418 3792 .·
432 3730 531 3802 Idem,
547 3727 628 3807 quod
647 3725 787 3806 superius
805 3743 837 3786 ιι.
858 3729 917 3788 155
935 3722 995 3786 luit
1013 3722 1184 3787 indicatum
1203 3727 1240 3788 de
1257 3733 1460 3807 paupertate:
1477 3728 1532 3790 sci-

260 3820 329 3883 licet
343 3820 496 3901 objectum
513 3816 577 3879 voti
597 3820 643 3877 est
663 3812 812 3876 exsecutio
833 3819 959 3874 externa
977 3811 1117 3874 mandati
1135 3814 1320 3895 Superioris,
1337 3815 1415 3878 dum
1433 3815 1533 3878 virtus

260 3925 357 4060 ἑιέιιιιι
372 3909 409 3970 ad
422 3907 577 3969 internam
590 3900 827 3964 submissionem
837 3899 994 3980 pertingit,
1006 3903 1036 3961 et
1043 3899 1204 3981 perlectam
1216 3903 1316 3984 ipsam
1328 3903 1533 3967 obedientiam

308 3995 360 4058 cit.

301 4086 328 4146 A
340 4081 490 4163 Religioso
504 4085 607 4144 autem
622 4078 725 4141 sedulo
738 4076 864 4140 vitanda
882 4083 956 4164 saint
970 4095 1032 4140 non
1044 4079 1143 4142 solum
1157 4087 1277 4160 peccata
1289 4087 1395 4144 contra
1409 4088 1533 4156 votum,

261 4173 313 4236 sed
326 4169 420 4233 etiam
434 4177 539 4233 contra
551 4168 712 4242 virtutem,
725 4184 793 4248 qua
802 4165 927 4246 quidem
941 4164 1132 4247 frequentius
1145 4168 1215 4231 laedi
1228 4170 1313 4235 solet.
1324 4169 1537 4233 Acciditenim
1583 4165 1584 4224 ἶ

260 4259 400 4344 (utinam
419 4257 569 4336 rariusl),
595 4261 632 4321 ut
652 4255 796 4318 subditus
818 4253 933 4316 Praelati
957 4255 1103 4318 mandato
1125 4255 1243 4320 actione
1261 4258 1387 4340 quidem
1409 4263 1536 4321 externa
1583 4241 1584 4317 ι

259 4349 379 4430 integre
399 4347 592 4427 obsequatur,
617 4345 668 4408 sed
690 4345 871 4416 reluctante,
894 4349 1005 4406 moesta
1024 4349 1054 4407 et
1075 4363 1154 4426 aegra
1170 4345 1336 4410 voluntate.
1357 4350 1444 4409 Tunc
1463 4364 1535 4410 vero

260 4437 330 4501 licet
342 4443 413 4501 voto
423 4435 601 4511 satisfaciat,
617 4433 762 4496 avictute
776 4439 881 4494 tamen
895 4431 982 4514 longe
995 4433 1118 4496 recedit.

301 4525 469 4608 Religiosus
484 4522 581 4604 igitur
599 4521 753 4603 Superiori
770 4539 839 4584 vere
853 4519 1039 4602 praecipienti
1053 4522 1230 4587 inobediens
1249 4525 1360 4606 duplex
1372 4529 1533 4606 peccatum
