3206 5042
176 177 245 235 t30
708 171 918 220 antestans

176 301 246 361 aliis
265 295 360 356 succis
382 290 559 356 Curionibus
578 287 825 370 quibuscumque,
847 285 939 348 etiam
962 282 1173 347 Consiliorum
1195 291 1394 368 pecoralium
1406 344 1418 374 ,
1447 310 1483 360 et
1578 296 1583 315 '

178 406 273 450 srsros
288 399 474 454 sarnanum,
491 379 577 459 fecit.

219 475 357 553 Hincpro
368 475 448 530 certo
459 484 542 528 stairo
551 464 729 526 babendum
737 468 793 536 est,
805 459 923 522 nullam
934 459 1104 540 Episcopis,
1117 479 1179 526 nou
1190 463 1333 530 obstante
1343 471 1476 538 decreto
1585 500 1588 509 .

180 561 374 634 Tridentino,
396 560 565 635 competere
588 551 776 615 ordinariam
795 553 1077 630 potestatemque
1099 551 1220 630 possint
1238 554 1399 621 absolvere
1427 563 1484 639 ab¹

177 651 287 716 haren
298 655 354 712 ant
365 647 402 708 ab
414 645 475 706 alia
487 659 680 724 quacumque
693 658 820 702 censura
833 637 947 701 occulta
956 638 1085 718 speciali
1095 641 1182 701 inem
1193 645 1283 723 Papae
1295 655 1468 712 reservata„

217 744 319 816 Quina.
329 742 362 800 60
374 736 424 795 An
435 735 613 815 Episcopus
626 729 781 790 absoluere
791 728 892 808 possit
901 728 1083 808 perepriaos
1099 749 1120 789 a
1133 730 1252 792 casibus
1263 734 1386 796 occultis
1398 759 1467 800 non

179 829 350 914 specialiter
363 825 459 906 Popce
473 820 656 883 reservetis?

221 919 311 999 llesp.
328 913 469 995 Affirm.;
483 929 556 972 nam
571 908 681 970 infore
697 905 924 979 sacramentali,
941 907 1041 966 stante
1055 905 1204 969 hodierna
1218 915 1461 992 consuetudine,

178 1004 330 1088 peregrini
356 999 564 1082 snbjiciuntur
588 995 732 1076 Episcopo
752 994 931 1056 diocesano.
948 1029 990 1038 —
1007 991 1042 1053 S.
1065 993 1145 1075 bip,
1171 995 1192 1056 l.
1210 999 1267 1071 VI,
1285 1021 1316 1061 u.
1333 1005 1405 1066 593.
1422 1039 1464 1051 -

180 1095 288 1157 Recole
302 1093 400 1168 dicte,
416 1111 447 1150 n.
463 1091 531 1150 573.

218 1187 322 1259 Qumu.
343 1185 375 1241 7⁰
394 1178 443 1238 dic
462 1175 635 1257 Episcopus
654 1174 735 1233 bunc
761 1171 934 1234 Tridentini
948 1169 1129 1250 fucultatem
1151 1179 1335 1238 committere
1357 1183 1460 1260 possit

179 1270 364 1356 pcneraliter
379 1268 447 1330 aliis
461 1260 697 1326 Sacerdotibus?

220 1362 312 1441 Resp.
326 1359 350 1418 A
356 1356 454 1438 [firm.
471 1354 557 1414 Illam
575 1350 659 1413 eninr
673 1349 766 1411 habet
776 1351 846 1429 jure
859 1346 1028 1421 ordinario;
1044 1364 1113 1425 ergo
1127 1365 1211 1425 eam,
1225 1353 1317 1416 etiam
1330 1374 1458 1438 genera-

180 1451 259 1523 liter,
274 1453 373 1527 potest
387 1443 475 1505 alteri
489 1441 633 1519 delegare.
648 1474 689 1485 -
702 1437 737 1499 S.
750 1438 832 1518 Lip,
852 1435 872 1496 l.
889 1438 943 1510 VI,
958 1456 989 1496 n.
1006 1439 1083 1510 ost,
1100 1435 1174 1500 dict.
1189 1445 1218 1502 9.

220 1539 321 1611 ann.
335 1538 369 1598 8⁰
386 1531 466 1608 Quid
478 1532 576 1592 vescint
595 1531 713 1590 nomine
728 1546 813 1587 cesus
829 1525 960 1586 occulti?

221 1625 310 1705 Bcsp.
328 1642 339 1683 .·
363 1625 409 1683 Ex
431 1618 582 1682 sententia
606 1614 825 1688 communiori,
851 1632 914 1676 non
936 1613 1122 1692 intelligitur
1143 1615 1195 1678 hoc
1215 1617 1332 1682 nominc
1355 1637 1450 1683 casus

182 1712 362 1793 simpliciter
386 1709 536 1780 occultus,
556 1725 610 1767 seu
633 1705 687 1784 qui
712 1724 729 1765 a
751 1703 892 1778 nemine,
910 1710 1118 1783 praeterquam
1141 1724 1159 1767 a
1179 1724 1227 1769 roo
1244 1707 1453 1786 cognoscitur3

183 1804 234 1865 sed
253 1820 341 1863 casus
361 1796 560 1877 significatur,
577 1793 632 1873 qui
651 1792 791 1874 publicus
813 1792 946 1854 nonsit.
969 1790 1113 1854 Publicus
1131 1801 1237 1858 autem
1259 1795 1368 1858 dicitsn
1386 1797 1454 1872 ille,

181 1891 235 1973 qui
255 1889 349 1952 hahet
370 1887 417 1949 uel
440 1883 654 1946 notorietatem
675 1883 762 1962 juris
788 1880 835 1942 vel
861 1882 1075 1945 notorietatem
1097 1883 1192 1963 facti3
1213 1885 1310 1948 idest
1335 1885 1389 1966 qui
1411 1887 1459 1949 vel

182 1981 331 2042 deductus
351 1982 398 2038 est
418 1975 457 2036 ad
476 1972 576 2035 lorum
596 1970 837 2043 contentiosum,
856 1974 901 2045 et,
924 1971 950 2032 si
971 1979 1076 2038 actum
1099 1981 1145 2038 est
1165 1973 1333 2054 judicium,
1357 1975 1459 2055 potuit

182 2067 365 2130 sufficienter
381 2060 518 2144 prohari;
535 2061 583 2122 vel
602 2065 693 2121 notus
715 2065 762 2120 est
776 2059 884 2138 majori
903 2059 983 2139 parti
1003 2064 1121 2144 oppidi,
1139 2062 1277 2138 uicinia,
1293 2063 1455 2143 parochie,

180 2154 296 2234 cobegii
320 2171 373 2214 seu
394 2149 584 2224 Monasterii,
604 2148 693 2209 modo
712 2148 832 2228 (aiunt)
851 2147 896 2208 ibi
918 2148 982 2211 sint
1006 2152 1114 2216 saltem
1136 2153 1240 2214 decem
1264 2171 1405 2233 persone.
1428 2153 1457 2213 ls

181 2243 277 2324 igitur
295 2245 430 2304 econtra
449 2239 585 2301 occultus
606 2237 706 2299 adhuc
724 2236 784 2298 erit
805 2242 836 2298 et
853 2236 1029 2315 habebitur,
1049 2242 1105 2321 qui
1126 2241 1230 2322 abque
1250 2243 1340 2304 modo
1360 2240 1458 2303 adbuc

182 2332 270 2394 celari
289 2337 403 2411 potest,
421 2327 540 2391 etiamsi
562 2345 580 2386 a
603 2325 740 2405 quinque
761 2325 808 2387 vel
832 2343 885 2386 sex
903 2327 1053 2404 personis,
1076 2329 1138 2392 imo
1161 2349 1178 2392 a
1200 2331 1345 2409 pluribus
1361 2347 1458 2410 quan-

182 2422 279 2498 doque
294 2425 505 2496 cognoseatur;
521 2413 643 2474 etiamsi
658 2413 692 2474 in
703 2413 819 2493 judicio
833 2414 954 2493 probari
972 2417 1082 2495 possit,
1096 2419 1185 2482 modo
1199 2419 1342 2480 noudum
1360 2418 1405 2480 sit
1421 2418 1461 2480 ad

180 2507 281 2569 lorum
300 2507 462 2575 deductus;
485 2501 608 2561 etiamsi
627 2501 666 2560 ad
683 2499 786 2562 forsrm
807 2501 971 2582 aliquando
990 2506 1135 2568 deductus
1154 2506 1263 2579 licerit,
1283 2507 1376 2568 modo
1394 2524 1461 2570 non

222 2592 314 2655 tuerit
334 2589 466 2670 probari.

180 2613 371 2744 pollutarum
391 2697 479 2742 casus
500 2678 534 2741 in
556 2697 618 2742 uno
638 2680 700 2743 loco
722 2679 862 2760 publicus
882 2682 993 2761 poterit
1011 2681 1043 2744 in
1065 2679 1122 2742 alio
1141 2687 1289 2760 tanquam
1312 2681 1453 2746 occultus

179 2771 312 2844 absolvi,
330 2768 384 2831 nbi
404 2769 508 2831 nullus
528 2775 574 2832 est
595 2769 697 2845 timor,
719 2788 757 2831 ne
777 2769 918 2850 publicus
938 2770 1008 2846 fiat;
1022 2768 1172 2850 similique
1186 2769 1294 2842 modo,
1308 2769 1456 2848 publicus

180 2861 281 2940 aliquo
303 2865 437 2939 tempore
461 2857 572 2938 poterit
593 2860 729 2921 occultus
753 2859 833 2934 fieri,
856 2859 883 2920 si
906 2858 1058 2922 obliuione
1081 2859 1225 2920 deleatur.
1246 2893 1287 2904 -
1309 2857 1347 2920 S.
1369 2858 1454 2940 Lep,

180 2970 211 3009 a.
230 2954 283 3024 76,
297 2954 351 3023 78,
367 2959 396 3008 ct
410 2949 430 3008 l.
443 2949 498 3020 Vl,
515 2968 545 3006 a.
559 2950 634 3021 593,
649 2957 676 3008 ct
690 2947 726 3009 de
739 2947 862 3024 Pristi,
877 2969 909 3008 a.
923 2953 972 3011 33.

219 3041 289 3100 eut.
305 3072 344 3080 -
357 3039 460 3111 Quian.
475 3040 508 3098 9⁰
524 3035 724 3109 (lucracionem
736 3047 763 3098 et
777 3037 885 3118 quibus
900 3039 1027 3098 seruatis
1039 3037 1261 3098 conditionibus
1271 3038 1364 3118 possit
1374 3036 1454 3116 Epi·-

179 3147 287 3208 scopus
307 3133 363 3185 aut
383 3123 514 3205 simplas·
537 3124 740 3206 Confessarius
762 3125 917 3186 absolvere
937 3146 957 3186 a
976 3127 1093 3187 casibus
1113 3127 1208 3208 Pepoe
1225 3126 1348 3208 speciali
1367 3124 1454 3186 ruodo

178 3215 358 3277 reservatis?

218 3304 310 3385 lteap.
332 3309 388 3366 1⁰:
410 3303 590 3383 Episcopus,
611 3309 647 3364 ut
666 3302 783 3365 dictum
802 3309 848 3366 est
867 3323 965 3384 supro
982 3325 1014 3364 a.
1032 3308 1108 3379 952,
1125 3303 1306 3367 constitutos
1325 3303 1359 3364 iu
1377 3303 1454 3366 arti-

178 3392 244 3454 culo
264 3411 317 3454 sou
336 3391 469 3472 periculo
488 3391 612 3465 martie,
630 3393 677 3454 vol
696 3391 831 3471 legitime
850 3391 1014 3472 impeditos
1028 3393 1067 3454 ed
1080 3393 1208 3472 longum
1226 3399 1356 3470 tempus,
1373 3397 1450 3469 puta

177 3481 216 3542 ad
232 3498 352 3543 aunum
373 3481 420 3542 rol
440 3499 492 3542 sex
510 3497 644 3556 mensas,
666 3480 864 3560 personaliter
882 3485 1012 3544 Romam
1032 3499 1171 3561 pergere,
1188 3485 1285 3561 potest
1299 3477 1452 3540 absolvere

176 3587 338 3632 accusura
356 3569 492 3650 qnalibet
511 3569 606 3631 etiam
626 3569 762 3648 speciali,
781 3569 876 3631 etiam
897 3569 1116 3650 specialissimo
1136 3571 1242 3644 moda
1259 3571 1345 3648 Papa
1359 3585 1456 3632 rescr-

177 3663 257 3720 uata.
277 3659 313 3719 ld
333 3665 437 3720 autem
457 3665 531 3719 tunc
551 3657 639 3732 facit,
659 3676 724 3721 nou
743 3658 893 3737 delegata,
911 3659 963 3720 sed
983 3657 1136 3720 ordinaria
1156 3664 1306 3738 potestate
1325 3655 1384 3736 ipsi
1403 3673 1456 3735 per

176 3749 312 3809 Canoncs
330 3747 436 3809 collata
450 3745 501 3826 (C.
515 3745 568 3807 Eo
585 3748 722 3807 noscitur
737 3751 790 3820 ta,
806 3747 842 3808 de
856 3745 991 3808 Sentent.
1008 3767 1123 3809 esccom.
1136 3783 1176 3792 -—
1193 3745 1228 3810 C.
1241 3745 1384 3820 θυωηυίε
1398 3747 1453 3820 58,

175 3835 242 3896 eod.
259 3837 341 3917 tit),
359 3853 453 3915 quam
472 3834 600 3914 proinde
621 3842 722 3915 potest
740 3833 809 3897 aliis
831 3836 1058 3910 Sacerdotibus,
1077 3836 1172 3898 etiam
1192 3833 1383 3915 generaliter,
1403 3833 1454 3894 dc-

175 3921 283 4001 legare.
299 3961 339 3970 -
353 3925 437 3987 Idem
456 3928 555 4004 potest
574 3922 706 4004 simplex
724 3923 948 3999 Confessarius,
967 3925 1063 3987 etiam
1083 3923 1294 4006 probabiliter
1307 3925 1454 4002 prasente

175 4009 333 4089 Episcopo,
350 4013 449 4092 quoad
468 4032 518 4075 eos
540 4011 595 4092 qui
617 4011 652 4074 in
674 4012 801 4075 articulo
826 4013 891 4076 sive
909 4013 1043 4096 periclito
1062 4012 1172 4076 mortis
1191 4017 1365 4088 versantur,
1383 4007 1456 4090 quia

173 4105 249 4160 tuno
263 4115 300 4158 ex
314 4101 401 4161 can.
417 4101 596 4165 Tridentino
610 4101 712 4164 omnis
727 4102 892 4164 reservatio
906 4102 1043 4179 tollitur;
1057 4102 1159 4182 quood
1172 4099 1339 4180 impeditos
1351 4106 1456 4162 auum

174 4186 212 4248 ad
232 4186 360 4266 longum
384 4194 520 4270 tempus,
543 4197 643 4272 potest
664 4209 713 4254 eos
738 4208 859 4271 quoque
881 4193 973 4270 juxta
996 4191 1084 4254 valde
1104 4188 1293 4272 prohabilem
1316 4187 1456 4268 planum

173 4276 356 4340 sententiam
371 4275 540 4353 absolvere,
556 4281 623 4356 sed,
638 4285 675 4342 ut
687 4279 748 4342 lere
762 4280 969 4342 commsmiter
980 4281 1092 4343 docent
1105 4281 1183 4353 Ab,
1199 4276 1319 4340 defectu
1331 4283 1457 4340 unnim

172 4366 328 4446 Episcopi,
346 4367 379 4430 id
398 4373 445 4430 est
464 4369 585 4449 quando
604 4367 771 4451 Episcopus
791 4369 871 4431 adiri
890 4389 953 4432 non
968 4375 1083 4452 potest
1106 4367 1210 4442 Ratio,
1226 4365 1302 4448 quia
1318 4368 1457 4430 Gsuouoe

172 4470 264 4531 supra
276 4456 363 4517 citati
376 4457 421 4519 ita
436 4461 588 4520 statuunt.
603 4494 641 4504 -
655 4459 692 4522 S.
706 4459 777 4540 bip.
795 4481 827 4519 a.
837 4463 879 4522 Bt
893 4469 920 4521 et
933 4463 984 4522 92.
