3198 5034
476 263 519 306 bn
541 260 716 306 sta'rtnus
735 259 1047 306 aanrlcutanlaus
1354 251 1398 310 45

172 373 309 439 Graviter
323 389 393 454 ergo
406 379 531 453 peccant
540 371 684 445 parochi,
698 371 752 453 qui
767 389 820 452 per
833 374 954 450 tempus
972 370 1106 434 notabile
1123 371 1280 436 abstinent
1293 392 1312 434 a
1326 394 1403 455 pra-

133 459 291 528 dicatione.
306 465 440 542 Tempus
454 479 525 524 vero
544 459 676 523 notabile
692 479 711 522 a
730 459 838 522 multis
855 459 996 534 habetur,
1018 459 1045 522 si
1062 478 1115 540 per
1132 459 1288 540 integrum
1307 464 1402 526 conti-

130 569 291 632 nuumque
301 567 438 612 mensem
452 548 627 630 predicatio
641 549 808 624 deseratur,
822 552 876 611 aut
886 567 939 629 per
950 553 1012 611 tres
1023 566 1143 612 menses
1156 567 1218 612 non
1230 549 1401 627 continuos,

128 659 184 706 seu
197 639 233 702 in
248 657 329 702 anno
342 637 468 701 divisos.
483 674 524 684 -
537 636 587 700 Ita
602 637 639 700 S.
656 638 741 720 Lip,
766 637 818 699 lit.
839 639 893 712 lli,
914 657 945 698 n.
965 641 1035 701 169.
1049 673 1089 683 -
1106 641 1208 720 Neque
1225 638 1404 719 obligationi

130 729 204 792 satis
223 727 269 790 illi
282 727 416 800 laniunt,
433 726 488 808 qui
506 725 753 808 pradicationem
771 725 966 789 audientium
983 726 1087 807 captui
1102 728 1327 790 accommodare
1341 745 1404 791 non

128 823 285 898 satagunt.

170 905 299 968 Nomine
319 903 545 987 predicationis
561 903 611 968 laic
630 922 692 967 non
716 905 847 968 veniunt
867 922 1020 966 sermones
1042 905 1143 968 multa
1162 923 1197 969 ac
1215 905 1321 969 subtili
1339 913 1405 970 arte

130 993 257 1077 perlecti
277 1000 369 1076 atque
389 992 552 1066 elaborati,
574 992 731 1074 elegantiis
754 992 871 1068 referti,
893 993 1109 1074 memoriaque
1129 991 1351 1074 commendati;
1371 995 1406 1058 bi

131 1083 217 1147 enim
236 1100 389 1146 sermones
409 1099 588 1163 quanquam
607 1081 672 1144 sint
690 1081 781 1144 utiles
802 1087 833 1145 et
851 1081 1013 1163 aliquando
1032 1082 1208 1158 necessarii,
1227 1083 1406 1166 plerumque

133 1178 237 1235 tamen
250 1173 418 1246 Parochus,
433 1169 613 1252 hujusmodi
633 1189 786 1233 sermones
799 1170 931 1246 habens,
945 1171 1067 1233 muneri
1084 1188 1139 1233 suo
1158 1172 1241 1235 nullo
1259 1179 1345 1253 pacto
1359 1191 1406 1236 sa·

134 1259 298 1336 tisfaceret,
321 1259 395 1340 quia
414 1261 504 1340 juxta
526 1258 612 1321 Tn'd.
636 1259 740 1322 dooere
760 1259 849 1322 debet
869 1278 937 1341 quae
957 1259 1055 1340 magis
1078 1264 1152 1322 sunt
1170 1259 1354 1337 necessaria,
1376 1268 1407 1324 et

130 1349 223 1412 modo
237 1348 363 1412 utiliore
376 1353 406 1410 et
421 1347 565 1411 maximae
580 1347 757 1412 auditorum
769 1347 850 1429 parti
868 1347 966 1429 magis
980 1349 1214 1412 accommodato.
1230 1352 1334 1431 Neque
1348 1349 1407 1412 mi·

131 1455 194 1500 nus
213 1435 453 1518 reprehendendi
470 1435 517 1499 illi
534 1441 622 1510 sunt,
643 1435 713 1517 qui,
735 1437 820 1499 nulla
843 1435 981 1500 adhibita
999 1437 1235 1518 praeparatione,
1256 1437 1408 1519 quidquid

130 1525 168 1588 in
177 1525 305 1588 buccam
319 1525 416 1600 venit,
433 1524 582 1588 effutiunt
596 1525 661 1588 sine
675 1525 791 1599 ordine,
801 1523 950 1599 claritate,
962 1525 1074 1606 pietate
1088 1545 1123 1588 ac
1136 1527 1207 1589 zelo.
1224 1530 1264 1590 Et
1278 1527 1408 1590 verbum

131 1613 187 1677 Dei
198 1615 381 1694 deturpant,
398 1620 429 1676 ct
440 1631 588 1676 nauseam
601 1612 822 1696 fastidiumque
836 1620 940 1676 creant
953 1613 1157 1678 auditoribus.
1173 1651 1214 1661 -
1233 1616 1284 1678 Ita
1297 1636 1407 1678 omnes.

174 1702 327 1764 Parochus
340 1707 461 1778 autem,
475 1701 530 1783 qui
543 1701 610 1782 pios
623 1700 717 1765 libros
731 1699 923 1764 auditoribus
936 1701 1025 1780 legit,
1038 1720 1099 1764 non
1109 1702 1173 1764 obit
1185 1721 1301 1782 munus
1316 1723 1409 1767 suum

129 1788 322 1872 praedioandi
338 1809 346 1850 ι
362 1790 437 1870 quia
449 1789 537 1852 lectio
550 1795 672 1851 nonest
684 1787 874 1869 praedicatio;
888 1787 950 1849 nisi
963 1788 1034 1867 quis
1043 1789 1116 1852 adeo
1128 1789 1167 1851 sit
1181 1790 1281 1853 labilis
1294 1809 1409 1854 memo-

127 1877 204 1951 riae,
225 1880 262 1938 ut
276 1875 364 1938 aliter
377 1876 472 1939 faeere
486 1895 549 1939 non
568 1875 664 1956 possit
680 1895 687 1937 :
705 1883 774 1938 tum
793 1893 864 1938 vero
884 1875 1054 1938 identidem
1070 1876 1157 1939 debet
1173 1895 1293 1954 curare,
1310 1885 1346 1941 ut
1359 1897 1411 1960 per

132 1965 235 2029 alium
249 1964 362 2046 populo
374 1981 527 2027 sermones
539 1962 720 2038 habeantur,
735 1964 782 2027 vel
797 1963 981 2044 Episcopum
996 1964 1032 2026 de
1045 1963 1266 2045 impedimento
1279 1985 1411 2030 mmmc-

132 2053 280 2118 nefacere.

176 2145 246 2205 113.
263 2176 304 2186 -
324 2143 375 2204 IV.
394 2139 502 2216 Onaad
519 2141 811 2203 administrationem
827 2140 1106 2204 Sauromatarum.
1127 2144 1253 2207 Parochi
1270 2148 1413 2208 tenentur

133 2249 190 2313 per
200 2248 230 2292 se
240 2230 437 2292 Sacramenta
448 2228 641 2304 ministrare,
654 2247 716 2292 non
727 2230 817 2293 modo
826 2229 961 2294 instante
971 2237 1105 2312 tempore
1117 2232 1258 2314 praecepti
1269 2238 1300 2296 et
1311 2233 1413 2314 gravis

135 2317 342 2391 necessitatis,
360 2317 536 2391 sedetiam,
555 2318 636 2400 quod
656 2323 770 2398 spectat
789 2319 828 2382 ad
849 2320 1043 2382 Sacramenta
1060 2339 1129 2401 quae
1147 2330 1276 2401 possunt
1290 2322 1411 2397 iterari,

140 2405 230 2468 toties
243 2406 362 2488 quoties
383 2423 454 2469 oves
476 2404 576 2468 debite
595 2424 648 2469 seu
667 2424 729 2469 non
743 2405 959 2488 intempestive
972 2411 1096 2489 petunt,
1112 2409 1175 2472 nisi
1196 2409 1260 2473 sint
1277 2410 1413 2492 legitime

139 2493 294 2575 impediti,
311 2495 357 2557 vel
375 2493 495 2576 possint
514 2512 567 2575 per
588 2494 685 2558 alium
701 2493 767 2557 sine
790 2493 982 2560 incommodo
1005 2503 1036 2559 et
1057 2497 1221 2561 offensione
1241 2499 1414 2580 petentium

139 2582 215 2664 ipsis
227 2583 392 2646 consulere.
407 2582 483 2646 Vide
498 2583 654 2665 complure
673 2582 732 2645 alia
750 2582 807 2646 hac
825 2603 916 2666 super
936 2585 1119 2666 obligatione
1132 2587 1167 2649 in
1184 2596 1275 2650 tract.
1298 2588 1332 2652 de
1353 2589 1414 2652 Sa-

138 2691 231 2734 cram.
247 2692 281 2733 m
295 2690 415 2752 penere.

180 2763 217 2822 V.
236 2759 343 2836 Quoad
364 2762 586 2824 comestionem.
609 2764 745 2824 Tenetur
764 2761 916 2826 Parochus
939 2761 1078 2826 subditos
1096 2763 1130 2826 in
1151 2771 1269 2845 peccato
1291 2762 1415 2827 mortali

140 2849 189 2912 vel
202 2847 237 2912 in
251 2847 390 2932 proximo
402 2849 518 2930 peceati
532 2849 671 2913 mortalis
691 2849 824 2930 periculo
838 2853 993 2914 versantes
1008 2851 1171 2932 corrigere,
1184 2851 1306 2915 etiamsi
1325 2869 1415 2932 grave

139 2937 311 3020 periculum
334 2937 531 3000 subeundum
551 2943 645 3012 esset,
660 2935 686 3000 si
707 2943 813 3000 tamen
830 2956 898 3020 spes
916 2937 1019 3019 aliqua
1035 2938 1257 3002 emendationis
1274 2938 1416 3018 affulgere

139 3025 294 3089 videatur.
310 3025 403 3088 Debet
417 3024 525 3102 etiam,
541 3025 576 3089 in
591 3032 746 3106 quantum
759 3031 872 3108 potest,
891 3045 963 3090 cum
979 3026 1080 3090 dehita
1095 3027 1258 3108 pmdcntia
1275 3027 1417 3090 seandala

140 3115 179 3178 de
196 3115 300 3176 medio
318 3113 436 3187 tollere,
457 3115 504 3177 vel
518 3132 685 3195 precavere
697 3132 752 3195 per
769 3133 800 3178 se
817 3119 871 3178 aut
888 3134 942 3196 per
958 3115 1047 3190 alios,
1064 3115 1176 3179 directe
1194 3117 1242 3179 vel
1256 3115 1414 3190 indirecte,

139 3202 305 3276 mandato,
319 3201 462 3276 consilia,
481 3200 704 3276 cohortatione,
717 3203 873 3283 precibus,
892 3211 949 3267 etc.
965 3241 1005 3250 —
1018 3203 1069 3266 Ita
1081 3205 1286 3280 communiter,
1303 3210 1333 3268 et
1344 3225 1417 3286 pro-

142 3291 274 3355 babilius
292 3289 418 3372 quidem
439 3307 476 3351 ex
494 3289 632 3369 justitia,
656 3307 719 3352 non
740 3309 811 3354 vero
831 3310 871 3354 ex
892 3291 1029 3354 Caritate
1047 3299 1183 3356 lantum.
1205 3329 1247 3340 --
1270 3293 1307 3356 S.
1332 3294 1415 3373 Lip,

140 3377 234 3443 Hom.
251 3389 360 3461 apost,
378 3386 467 3440 tract.
485 3379 554 3452 VII,
566 3395 598 3438 n.
615 3381 655 3440 30
669 3384 698 3436 ct
710 3397 771 3458 eeq.

182 3468 297 3532 Deinde
322 3464 449 3531 Parocbi
468 3466 548 3529 bono
572 3462 724 3545 spirituali
746 3465 942 3528 subditorum
961 3467 1128 3549 prospicere
1148 3469 1273 3532 sollicite
1292 3467 1416 3542 debent,

139 3559 232 3639 juxta
254 3555 332 3619 illud
354 3553 506 3636 Apostoli,
532 3559 620 3619 Rom.
643 3571 704 3627 ΧΗ,
729 3557 778 3617 8:
805 3552 866 3628 Qni
883 3563 995 3635 praest
1013 3558 1046 3616 in
1068 3555 1280 3618 sollicitudine.
1304 3554 1420 3618 Debent

143 3645 257 3708 idcirco
270 3643 527 3725 parochianorum
541 3661 640 3706 mores
654 3641 853 3722 investigare,
868 3639 1079 3723 delinquentes
1094 3643 1255 3724 corrigere,
1269 3641 1420 3706 sustinere

146 3733 339 3808 vacillantes,
356 3738 388 3794 et
401 3738 535 3811 satagere
552 3738 589 3794 ut
606 3748 712 3794 omnes
731 3749 802 3794 suas
821 3728 1019 3810 obligationes
1033 3729 1158 3806 obeant,
1175 3747 1294 3812 semper
1303 3749 1419 3795 memo-

142 3820 195 3886 ria
209 3826 346 3884 tenentes
360 3837 391 3883 se
404 3838 459 3901 pro
473 3837 580 3882 eorum
592 3819 755 3884 animabus
771 3837 836 3883 esse
849 3819 1013 3900 aliqnando
1027 3819 1178 3883 rationem
1193 3819 1377 3884 reddituros.

188 3915 258 3974 tlt.
274 3945 314 3955 -
328 3911 379 3970 VI.
398 3907 504 3984 Quoad
514 3909 717 3972 visitattbnem
732 3919 915 3990 aprotornm
931 3919 960 3971 et
974 3909 1141 3992 parocbia.
1161 3907 1284 3972 Abusus
1295 3915 1342 3974 cst
1355 3909 1422 3974 ani-

144 4015 273 4062 marum
293 3997 387 4061 saluti
408 3997 493 4061 valde
517 3997 627 4060 noxius
645 4003 773 4078 egrotos
792 4017 855 4062 non
872 3997 1004 4062 invisere
1028 4002 1192 4078 antequam
1212 3999 1362 4062 Parochus
1383 3998 1420 4061 eb

145 4087 224 4168 ipsis
238 4092 420 4150 accersatur.
435 4089 513 4148 Cum
528 4092 632 4148 autem
644 4092 772 4166 egrotos
785 4085 926 4150 inviserit
940 4086 1107 4160 Parochus,
1121 4103 1232 4168 cosque
1246 4088 1421 4150 Sacramen-

146 4175 190 4238 tis
203 4173 354 4249 refecerit,
365 4192 428 4237 non
441 4173 609 4238 arbitretur
622 4191 653 4236 se
668 4191 785 4237 munus
799 4193 892 4238 suum
910 4173 1140 4256 adimplevisse;
1157 4176 1209 4239 sed
1227 4173 1294 4237 illos
1311 4173 1422 4255 saepius

147 4262 274 4338 visitet,
290 4263 529 4344 consoleturque.
553 4263 707 4342 legantur
726 4267 758 4324 et
769 4261 821 4342 pia
835 4261 1035 4326 meditatione
1049 4263 1221 4327 recolantur
1239 4261 1358 4325 monita
1370 4261 1423 4325 Ri-

147 4351 245 4414 tualis
259 4350 390 4418 Romani
404 4349 482 4414 circa
495 4348 693 4413 infirmorum
703 4367 809 4413 curam
822 4354 853 4413 et
865 4349 1086 4414 visitationem.

192 4439 298 4517 Quoad
315 4437 569 4520 parochianormn
588 4437 813 4513 visitationem,
834 4437 1009 4502 nechabet
1029 4437 1195 4504 Coraeitinm
1210 4439 1422 4501 Snesaimense

151 4527 229 4592 anni
242 4531 331 4605 racc,
348 4528 397 4591 n‘t.
411 4529 476 4602 XV,
490 4547 516 4590 e.
533 4546 554 4589 r.
