3180 5040
216 255 285 323 t68
751 250 957 300 reserares

258 388 367 447 Exstat
379 379 436 442 hac
454 377 491 438 de
509 393 542 436 re
558 375 589 434 S.
610 373 703 448 (long.
725 365 838 428 Indicis
854 377 1054 442 responsum,
1071 361 1154 440 quod
1170 361 1215 424 sic
1234 361 1353 425 habet:
1372 366 1458 427 Gum
1472 369 1509 430 ad
1556 332 1567 469 i

219 480 339 539 Sacram
359 463 629 547 Congregationem
649 455 760 519 Indicis
778 459 858 515 certo
872 451 1004 512 relatum
1018 448 1126 524 fuerit,
1142 449 1373 514 sacratissimos
1390 453 1507 516 Biblio-
1556 480 1567 565 1

219 582 289 628 rum
306 561 399 623 libros
414 551 534 633 vulgari
549 565 687 614 sermone
701 541 858 607 nonnullis
872 539 907 602 in
920 537 993 601 locis
1006 539 1088 620 typis
1102 538 1166 616 edi,
1186 540 1265 619 quin
1285 542 1504 606 saluberrima
1563 606 1567 615 ,

219 655 255 716 de
267 671 302 714 ea
313 668 345 710 re
359 649 437 726 leges
453 646 623 712 serventur,
638 651 768 714 euinque
785 631 856 692 inde
870 627 1147 710 pertimescendum
1165 627 1222 703 sit,
1240 647 1295 704 ne,
1315 649 1386 710 quac
1401 632 1505 694 homi·

220 759 298 804 num
312 752 445 817 nequam
459 732 540 794 hisce
554 724 723 809 prasertim
738 719 928 800 temporibus
940 717 1123 797 conspiratio
1138 722 1200 789 est,
1217 735 1336 781 errores
1352 721 1504 782 sanctiori

220 829 319 893 divini
345 821 456 904 eloquii
479 823 627 899 apparatu
650 810 787 876 obvoluti
814 825 972 889 perperam
997 806 1225 886 insinuantem,
1243 808 1368 870 censuit
1394 811 1503 872 eadem

220 918 254 980 S.
277 911 495 997 Conpregatio,
514 904 682 969 revocanda
695 902 810 964 iterum
827 915 891 959 esse
905 896 939 958 in
954 895 1096 957 omnium
1116 895 1317 972 memoriam,
1334 917 1406 978 quae,
1427 899 1501 960 alias

220 1009 338 1069 decreta
357 1007 455 1064 sunt:
475 994 651 1060 vernaculas
670 989 821 1052 nimirum
841 983 1010 1048 Bibliorum
1029 983 1184 1046 versiones
1203 1002 1267 1046 non
1286 1004 1352 1048 esse
1366 987 1500 1066 permit-

221 1095 343 1166 tendas,
368 1089 429 1152 nisi
450 1104 516 1168 qaoe
535 1083 650 1163 fuerint
671 1079 708 1140 ab
730 1074 906 1158 Apostolica
928 1071 1008 1134 Sede
1028 1072 1224 1154 approbata,
1245 1083 1301 1134 aut
1323 1075 1408 1136 editae
1424 1095 1497 1135 cum

221 1177 468 1244 adnotationibus
482 1171 645 1252 desumptis
661 1187 698 1230 ea
711 1166 821 1228 sanctis
835 1165 867 1224 E
868 1162 981 1223 cclesioe
996 1161 1155 1239 Patribus,
1171 1161 1218 1224 vei
1233 1181 1271 1224 ee
1284 1163 1379 1224 doctis
1394 1163 1496 1225 catte-

223 1273 342 1354 licicque
357 1270 443 1332 viris.
455 1299 495 1309 -
511 1265 547 1324 13
561 1264 633 1323 lun.
653 1261 740 1321 1757.
752 1290 793 1300 -
806 1255 884 1314 Item
898 1256 927 1313 ¹1.
942 1255 1010 1313 ian.
1030 1253 1120 1312 asae.

260 1365 292 1423 4⁰
305 1358 388 1423 Libri
401 1357 437 1418 de
449 1348 585 1415 obscenis
597 1367 635 1409 ec
645 1346 782 1427 professo
795 1346 959 1405 tractantes
971 1338 1108 1400 absolute
1123 1339 1332 1418 prohibentur,
1347 1341 1494 1422 quamvis
1569 1320 1574 1349 ⁴

219 1449 252 1510 in
267 1448 367 1510 Indice
381 1462 441 1506 non
457 1437 657 1519 reperiantur.

259 1541 292 1598 5⁰
307 1534 423 1599 Pariter
438 1533 584 1593 vetantur
598 1541 703 1586 omnes
717 1519 789 1582 libri
808 1523 976 1580 tractantes
991 1516 1028 1578 de
1046 1516 1218 1598 astrologia,
1233 1516 1439 1592 divinatione,
1459 1523 1497 1579 et

220 1625 321 1688 sortile
343 1623 390 1684 is.

261 1720 293 1779 6⁰
308 1643 419 1776 Ogdrnes
431 1707 504 1771 libri
518 1701 658 1767 damnati
672 1705 794 1781 propter
808 1696 877 1758 falsi
892 1695 1044 1775 dogmatis
1059 1695 1255 1776 suspicionem
1267 1694 1492 1774 probibentur.

260 1809 372 1867 Praeter
387 1801 488 1861 decem
506 1792 635 1872 Regulos
646 1793 737 1870 jussu
750 1783 925 1848 Tridentini
939 1783 1035 1846 editas
1048 1788 1170 1846 castam
1183 1783 1247 1846 alia
1256 1783 1377 1862 ltcgulae
1396 1801 1492 1862 gene-

221 1893 298 1956 rales
314 1894 436 1952 statute
451 1884 568 1963 abipsa
581 1880 615 1940 S.
636 1878 748 1959 Conyr.
765 1874 897 1950 Iudicis,
915 1880 945 1936 et
954 1877 1046 1953 jussu
1059 1873 1243 1935 Pontificum
1254 1871 1342 1935 enta
1356 1873 1391 1934 in
1406 1873 1491 1934 volu-

219 1981 304 2043 mine
318 1977 432 2041 Indicis
446 1974 595 2036 librorum
609 1966 851 2048 prohibitorum,
869 1962 925 2024 sub
939 1962 996 2024 hoc
1009 1961 1100 2025 titulo
1114 1981 1121 2023 :
1138 1961 1266 2024 Decreta
1279 1961 1315 2023 de
1329 1961 1415 2023 labris
1422 1981 1491 2042 pre

220 2070 339 2139 bibitis,
356 2073 413 2128 etc.

341 2191 535 2271 Quaeslta.

262 2329 350 2391 tuas.
363 2360 403 2370 -
415 2325 515 2398 Qunu.
532 2325 563 2381 l⁰
575 2317 625 2378 Aa
640 2315 689 2377 icc
699 2313 830 2390 Indicis,
839 2309 1008 2392 prohibens
1023 2309 1178 2370 lectionem
1189 2309 1389 2391 quorumdum
1403 2310 1493 2372 libro-

222 2436 308 2485 rum,
326 2413 438 2492 obliget
454 2409 575 2488 dejure
591 2403 742 2481 naturali,
760 2401 809 2463 uei
823 2400 942 2482 dejure
953 2401 1087 2481 positivo
1101 2397 1238 2459 tantum?

263 2501 349 2578 desp.
366 2517 378 2556 .·
392 2500 485 2573 Urget
498 2513 535 2554 eu
551 2500 682 2570 utroque
695 2495 780 2571 jure,
798 2490 903 2552 saltem
919 2509 979 2571 per
993 2507 1040 2565 se,·
1055 2487 1124 2568 quia
1138 2485 1232 2546 libros
1250 2505 1316 2550 non
1332 2490 1494 2568 prohibet,

222 2586 283 2650 nisi
296 2585 370 2665 quia
385 2587 459 2644 sunt
478 2579 655 2662 perniciosi,
674 2586 704 2640 et
723 2578 900 2659 proximum
917 2574 1112 2658 perversionis
1127 2573 1171 2636 vel
1185 2575 1299 2652 pcccati
1313 2578 1498 2654 periculum

222 2676 388 2748 inducunt;
410 2673 446 2733 de
461 2675 532 2754 jure
550 2671 653 2731 autem
672 2668 807 2729 naturali
827 2667 957 2747 quisque
975 2661 1144 2745 huiusmodi
1162 2659 1332 2740 periculum
1352 2661 1499 2742 effugere

224 2772 354 2829 tenetur.
372 2763 457 2827 Unde
473 2759 593 2823 etiamsi
606 2756 750 2837 obligatio
768 2755 879 2818 lndicis
895 2753 1005 2817 alicubi
1017 2771 1078 2816 non
1095 2757 1318 2830 agnosceretur,
1331 2749 1498 2814 nibilomi-

223 2873 283 2918 nus
302 2852 391 2916 lectio
412 2851 563 2914 librorum
585 2847 620 2910 in
642 2846 777 2909 Iudicem
802 2845 967 2907 relatorum
991 2843 1048 2905 sub
1071 2839 1153 2921 gravi
1176 2838 1402 2919 prohiberetur.
1418 2844 1495 2904 Cen-

225 2962 305 3006 surae
323 2950 427 3005 tamen
446 2941 482 3000 de
504 2938 564 2999 solo
576 2940 646 3017 jure
662 2934 929 3016 positivourgent,
946 2939 983 2995 ut
996 2937 1090 3012 patet.
1100 2933 1165 3006 Qua
1174 2930 1211 2990 dc
1229 2946 1263 2990 re
1277 2929 1496 2992 animadvertit

224 3031 258 3094 S.
270 3032 357 3110 Lep:
373 3027 516 3107 theologi
532 3043 631 3086 earnes
646 3025 758 3086 addunt
767 3072 774 3100 ,
792 3043 843 3086 nec
863 3043 929 3084 cum
948 3020 1072 3083 licentia
1085 3019 1206 3102 quiden
1218 3017 1380 3099 Pontificis
1394 3018 1498 3079 lectio-

225 3139 292 3180 nem
305 3117 442 3200 pennitti
456 3133 545 3197 posse
565 3115 647 3175 illins
669 3113 757 3188 libri,
778 3117 833 3194 qui
851 3111 1053 3172 subversionis
1071 3107 1166 3172 alicui
1181 3106 1295 3169 occasio
1310 3127 1369 3170 csse
1384 3111 1495 3190 possit.

225 3210 248 3271 Α
253 3206 370 3290 ppcnd.
388 3205 424 3267 de
440 3205 525 3265 librr's
539 3203 718 3286 prohibitis,
734 3221 759 3264 c.
774 3219 801 3280 1,
819 3222 850 3262 n.
870 3204 918 3262 lt.

266 3301 331 3359 Duo
345 3303 491 3376 praeterea
503 3293 637 3355 notanda
650 3297 734 3354 sunt.
1582 3349 1583 3358 ,

269 3390 300 3447 t⁰
314 3385 431 3448 Privati
443 3382 583 3446 homines
595 3381 706 3444 debent
718 3378 898 3442 Confessarii
911 3376 1066 3440 mandatis
1076 3375 1204 3456 obsequi
1214 3375 1245 3437 in
1257 3373 1305 3435 his
1316 3391 1382 3454 qun
1391 3374 1499 3436 lactio-
1582 3373 1583 3376 ’

227 3493 298 3537 nem
319 3474 469 3536 librorum
491 3469 667 3550 respiciunt.
691 3471 735 3530 lta
756 3467 912 3548 rospondit
934 3465 968 3527 S.
998 3465 1030 3528 C.
1055 3465 1212 3547 Inquisit,
1236 3480 1312 3525 anno
1336 3465 1432 3537 tusa,
1459 3464 1499 3524 ad
1582 3529 1583 3534 .

228 3564 387 3644 Episcopus
403 3560 544 3623 Helvetiae
559 3559 796 3638 interrogantes,
814 3557 862 3618 An
874 3555 988 3636 fideles,
1005 3553 1090 3616 salac
1106 3554 1304 3626 conscientia,
1321 3551 1417 3633 legere
1430 3572 1499 3634 pos·
1582 3563 1583 3568 ’

227 3653 289 3713 sint
306 3649 530 3732 Epicrnerides
546 3649 592 3710 vel
606 3649 713 3722 libros,
731 3648 783 3730 qui
800 3667 955 3709 censuram
973 3643 1134 3708 Ordioarii
1148 3663 1209 3705 uon
1223 3641 1397 3706 subinnuat
1411 3645 1497 3720 nesp.
1582 3679 1583 3698 r

227 3740 400 3803 decurrant
416 3738 457 3800 ad
472 3737 713 3818 Confessuriunr.

267 3835 300 3893 2⁰
315 3828 521 3892 confessarius
534 3828 599 3908 ipse
611 3827 699 3889 debet
712 3825 850 3907 Episcopi
865 3823 1062 3886 directionem
1077 3821 1182 3884 sedulo
1196 3819 1372 3902 exquirere,
1389 3826 1421 3882 et
1435 3818 1501 3880 dili-
1582 3881 1583 3900 ,

230 3926 334 4000 genter
345 3937 407 4000 prae
421 3916 515 3981 oculis
524 3917 635 3979 habere
647 3914 867 3996 gravissimum
878 3913 1050 3986 monitum,
1062 3910 1145 3991 quod
1155 3913 1185 3973 S.
1201 3908 1344 3989 Ligurius
1357 3908 1499 3980 tradidit,
1582 3915 1583 3918 ’

228 4024 337 4086 nempe
357 4029 363 4070 :
383 4009 423 4070 Ire
441 4009 498 4070 iae
517 4027 551 4068 rc
571 4006 694 4088 expedit
713 4004 870 4067 ordinarie
893 4001 1058 4085 rigidiores
1080 4001 1236 4080 opiniones
1256 3998 1343 4080 sequi
1363 3999 1446 4079 (cup.
1470 4014 1500 4072 u,

227 4113 310 4153 num.
326 4096 371 4175 8).

268 4185 358 4247 1029.
371 4217 409 4229 -
424 4188 524 4260 Qanu.
541 4189 573 4248 2⁰
587 4185 636 4245 An
652 4183 701 4245 lec
714 4181 830 4244 Indicis
844 4183 876 4242 in
895 4181 998 4244 Gallia
1012 4177 1141 4261 urgeat?

267 4272 357 4356 desp.
370 4295 380 4334 .·
391 4277 452 4338 Hac
462 4276 498 4337 de
510 4293 541 4336 re
554 4292 616 4335 non
627 4290 733 4334 omnes
743 4271 817 4334 olim
826 4270 1059 4334 conveniebant.
1073 4265 1276 4330 Affirmabant
1287 4263 1358 4338 alii,
1371 4263 1447 4345 quia
1458 4262 1506 4324 les
1582 4309 1583 4320 .

228 4363 375 4442 generalis
389 4369 465 4427 erat.
483 4361 639 4441 Negabant
651 4367 757 4424 autem
772 4360 839 4435 alii,
856 4368 924 4423 tum
938 4357 1013 4440 quia
1029 4355 1184 4440 (aiebant)
1198 4353 1248 4416 lex
1261 4351 1376 4415 Indicis
1390 4358 1507 4432 recepta
1582 4381 1583 4420 2

228 4467 292 4511 non
304 4451 365 4514 tuit
375 4453 473 4532 (quad
485 4453 522 4513 de
534 4455 640 4512 caetero
651 4449 819 4514 adversarii
831 4449 972 4512 dicebant
982 4445 1126 4510 historice
1139 4441 1287 4524 fulsum),
1302 4449 1372 4504 tum
1385 4445 1509 4522 pmpter
1582 4423 1583 4452 ¹

227 4533 408 4596 diuturnam
422 4538 496 4613 legis
510 4537 754 4599 desuetudinem.
768 4537 829 4600 alii
842 4555 913 4600 vero
925 4537 1062 4600 mediam
1076 4534 1160 4599 viam
1172 4531 1348 4595 incedentes
1360 4529 1508 4594 dicebant
