3198 5034
232 249 253 312 t
758 255 968 302 concarrus

232 371 335 436 omnia
348 371 463 431 damna
476 374 507 430 et
518 386 664 448 expensus
679 367 760 448 parti
773 368 907 430 adversae
919 384 1057 447 reparare
1071 371 1203 430 tenetur.
1219 367 1250 429 Si
1263 371 1367 430 tamen
1380 368 1414 431 in
1425 369 1508 434 bona

230 460 289 523 fide
302 457 410 533 luerit,
426 457 483 519 hac
500 461 697 519 evanescente
712 473 777 517 rem
792 455 923 518 alienam
938 459 1061 518 tantum
1079 455 1202 518 reddere
1216 455 1305 518 debet
1320 461 1410 539 juxta
1424 458 1506 524 dicta

231 549 268 611 de
281 564 451 628 possessore
467 545 554 608 bonae
568 544 656 618 fidei,
675 565 706 606 n.
722 547 791 607 635.

737 722 957 786 APPENDIX
986 724 999 783 Ι

776 869 813 911 nn
833 868 955 912 sumrrs

271 1021 300 1080 5.
318 1014 494 1084 -Juraet,
517 1013 560 1076 sie
580 1012 654 1075 dicti
679 1011 716 1075 ob
736 1015 951 1094 juramentum
972 1012 1053 1092 quod
1075 1015 1221 1092 praestant
1237 1013 1274 1075 de
1295 1031 1422 1076 munere
1443 1015 1503 1077 sibi

229 1104 342 1168 credito
362 1111 442 1166 recte
458 1102 637 1176 exercendo,
656 1108 731 1164 sunt
745 1101 805 1164 viri
824 1099 925 1162 selecti
941 1119 978 1162 ex
992 1098 1108 1162 civium
1126 1100 1312 1181 primoribus
1329 1103 1367 1165 ad
1381 1110 1503 1183 partem

228 1193 365 1274 aliquam
376 1192 517 1274 judicum
535 1189 690 1272 propriam
703 1189 887 1252 obeundam.
905 1188 1101 1251 Adhibentur
1118 1191 1333 1252 tantummodo
1348 1191 1382 1253 in
1401 1191 1502 1255 causis

229 1280 459 1356 criminalibus,
476 1287 507 1342 et
519 1297 636 1342 munus
654 1295 760 1341 eorum
780 1283 827 1339 est
843 1277 1043 1358 pronuntiare
1057 1277 1135 1339 circa
1153 1277 1364 1341 exsistentiam
1383 1279 1454 1344 iacti
1471 1287 1502 1343 et

229 1369 470 1451 culpabilitatem
480 1367 628 1443 accusati;
641 1366 749 1430 deindo
758 1384 830 1428 vero
840 1364 958 1447 judices
972 1383 1095 1446 poenam
1105 1369 1197 1447 juxta
1210 1366 1307 1446 legem
1319 1368 1499 1432 decernunt.

228 1457 388 1521 Institutio
401 1460 593 1530 limatorum,
608 1456 646 1517 ab
661 1455 768 1535 Anglis
783 1460 921 1534 sumpte,
933 1461 1034 1518 crecta
1046 1453 1107 1516 fuit
1118 1453 1153 1516 in
1166 1457 1298 1534 gratiam
1311 1474 1451 1532 reorum,
1464 1465 1502 1520 ut

228 1545 338 1610 avinis
357 1545 502 1626 gravibus
517 1551 597 1608 sorte
614 1543 780 1624 designatis
798 1542 913 1605 factum
931 1542 1170 1616 examinaretur,
1187 1543 1270 1605 nullo
1287 1543 1399 1607 affectu
1411 1546 1501 1608 mali·

229 1651 289 1714 gno
308 1653 378 1714 erga
397 1639 587 1708 accusatum,
603 1638 709 1713 utpote
728 1631 908 1712 plerumque
929 1629 988 1692 sibi
1009 1631 1097 1710 plane
1120 1629 1278 1711 ignotum,
1299 1633 1447 1714 adeoque,
1467 1639 1503 1696 ut

229 1722 307 1784 illud
321 1721 437 1784 iactum
453 1721 565 1784 certius
579 1725 817 1800 cognosceretur.

266 1810 371 1872 doreti
382 1809 590 1872 desumuntur
601 1827 639 1871 ex
650 1807 769 1870 civibus
780 1808 967 1870 notabilibus
980 1808 1043 1888 lege
1052 1807 1274 1871 determinatis.
1287 1813 1401 1889 Corpus
1413 1813 1501 1872 lura·

228 1905 332 1962 torum
344 1899 385 1979 (le
399 1898 494 1980 lory)
504 1902 622 1961 constat
636 1897 796 1960 duodecim
811 1897 929 1960 civibus
941 1915 995 1976 pro
1010 1895 1139 1977 singulis
1149 1896 1335 1978 judicandis.

266 1986 386 2064 durati,
398 1986 453 2068 qui
463 1993 543 2048 sorte
554 1987 592 2048 ad
602 1985 767 2048 sessionem
779 1985 879 2048 curie
892 1985 982 2048 dictae
996 1983 1143 2047 d'Assiscs
1155 1984 1364 2065 designantur,
1378 1987 1500 2048 easdem

227 2074 417 2139 contrahunt
435 2073 632 2152 obligationes
653 2090 686 2134 ac
704 2072 764 2152 ipsi
779 2073 912 2154 judices,
934 2091 1068 2154 quorum
1091 2091 1202 2153 magna
1225 2091 1262 2136 ex
1280 2079 1365 2154 parte
1383 2092 1500 2136 munus

227 2170 382 2238 exercent,
402 2168 433 2224 et
451 2161 577 2242 proinde
591 2161 627 2223 de
645 2161 776 2234 Juratis,
794 2161 873 2223 sicut
888 2161 924 2222 de
943 2161 1018 2240 ipsis
1027 2159 1200 2243 judicibus,
1216 2161 1386 2242 generatim
1400 2163 1501 2226 dicen-

228 2253 304 2316 dum
319 2257 377 2314 est.

267 2344 298 2403 6.
308 2375 349 2385 -
358 2341 459 2414 Quna.
475 2337 584 2402 Utrum
594 2339 727 2400 iurares
742 2338 816 2399 dore
827 2342 924 2420 possit
938 2348 1037 2399 uotum
1049 2347 1154 2400 contro
1168 2349 1354 2417 accusatum,
1363 2341 1502 2424 juridice

225 2428 346 2510 quidem
363 2427 399 2488 de
414 2429 540 2489 crimine
553 2427 737 2502 convictum,
753 2427 807 2488 sed
825 2427 911 2508 eujus
926 2431 1127 2489 z'oroocentiam
1139 2428 1264 2510 priuata
1278 2430 1406 2492 scientia
1421 2440 1500 2492 certo

227 2519 400 2598 eoqnoscit?

266 2605 356 2688 Hesp.
372 2603 450 2685 Nep.
467 2604 555 2668 Ratio
568 2610 629 2678 est,
644 2603 718 2684 quia
731 2603 787 2666 hoc
799 2604 921 2666 videtur
932 2611 1037 2667 contra
1051 2611 1187 2666 mentam
1200 2605 1285 2686 legis.
1299 2606 1400 2668 durati
1414 2606 1500 2669 enim

224 2692 426 2774 pronuntiare
444 2692 556 2755 debent
574 2699 698 2754 tantum
715 2692 793 2754 eirca
811 2691 942 2766 lactum,
959 2711 992 2755 ac
1003 2696 1095 2774 juxta
1111 2692 1257 2755 intimem
1276 2693 1498 2757 convictionem

225 2799 320 2863 quam
337 2783 374 2844 de
390 2784 456 2861 ejus
469 2781 650 2842 exsistentia
659 2779 789 2855 babent,
802 2799 857 2844 nec
872 2781 1034 2844 ullomodo
1049 2786 1195 2843 tenentur
1208 2782 1330 2844 reddere
1348 2783 1499 2846 rationem

224 2870 351 2950 legalem
366 2870 523 2932 sententiae
536 2887 608 2931 suae.
622 2871 686 2930 lmo
698 2887 736 2931 ex
748 2869 814 2948 ipsa
828 2869 890 2949 lege
906 2875 1009 2932 senten
1015 2869 1090 2931 tiam
1103 2887 1190 2931 suam
1203 2887 1258 2931 nec
1271 2873 1414 2932 tenentur
1425 2870 1497 2935 lun-

225 2957 296 3021 dare
305 2978 344 3022 ex
356 2958 409 3020 tali
420 2976 548 3020 munero
557 2956 700 3033 testium,
715 2975 769 3019 nec
783 2975 820 3019 ex
832 2957 882 3019 his
892 2958 939 3019 vel
953 2957 1022 3019 istis
1034 2956 1204 3020 rationibus
1216 2977 1234 3019 a
1246 2956 1340 3020 variis
1354 2959 1498 3039 partibus

226 3046 261 3109 in
273 3047 412 3110 medium
424 3045 580 3121 adductis,
594 3052 651 3109 etc.
664 3049 742 3127 Ergo
756 3053 864 3108 votum
879 3047 950 3108 dare
963 3044 1074 3109 debent
1086 3049 1208 3108 tantum
1217 3049 1309 3128 juxta
1322 3045 1355 3108 id
1368 3049 1449 3128 quod
1463 3048 1497 3110 in

223 3133 290 3197 foro
303 3134 494 3198 conscientiae
508 3133 659 3196 sentiunt.
676 3136 796 3215 ltaque,
810 3141 942 3214 spectato
956 3151 1083 3197 munere
1095 3135 1175 3216 quod
1186 3135 1303 3198 duratis
1314 3135 1498 3217 imponitur,

225 3222 310 3286 facile
325 3230 424 3304 patet,
439 3221 570 3286 minime
582 3221 660 3284 circa
675 3241 724 3286 eos
739 3223 839 3285 locum
853 3222 963 3286 babere
977 3220 1196 3286 controversias
1208 3223 1275 3286 illas
1288 3241 1357 3305 quae
1368 3225 1404 3286 de
1413 3223 1500 3305 judi-

226 3311 313 3376 cibus
328 3311 495 3392 agitantur,
512 3333 543 3373 n.
559 3314 590 3374 i.

723 3443 946 3504 APPENDIX
971 3443 1001 3503 ll

760 3589 798 3632 nn
826 3587 963 3631 nummus

266 3734 296 3791 7.
311 3730 484 3794 -Arbitri
503 3731 659 3803 dicuntur,
675 3732 730 3812 qni
747 3730 785 3792 ab
804 3737 935 3809 utraque
949 3725 1084 3808 opposita
1102 3731 1187 3806 parte
1205 3727 1244 3789 ad
1257 3727 1344 3790 litem
1363 3727 1500 3808 aliquam
1592 3781 1593 3789 ,

227 3814 433 3882 dirimendam
448 3818 547 3881 instar
557 3819 698 3898 judicum
713 3821 817 3898 sponte
832 3816 999 3896 eliguntur,
1020 3820 1075 3877 aut
1093 3814 1313 3879 admittuntur.

267 3907 411 3982 Pactum,
425 3925 486 3989 quo
499 3905 626 3968 facultas
642 3904 729 3968 litem
746 3903 945 3985 componendi
959 3901 1034 3984 ipsis
1052 3903 1213 3978 tribuitur,
1227 3911 1353 3968 vocatur
1364 3923 1500 3986 compro-

223 3991 356 4056 missum
374 3994 507 4073 (gallice,
529 3995 733 4076 comprome's).
759 3995 820 4054 Hoc
838 3996 922 4072 pacto
943 3993 1075 4056 adversa
1095 3997 1195 4073 partes
1214 3999 1325 4056 mutuo
1346 4011 1497 4057 consensu

222 4080 424 4162 promittunt,
446 4101 478 4145 se
501 4088 694 4146 exsecuturos
714 4100 778 4145 esse
797 4080 948 4162 quidquid
968 4081 1006 4144 ab
1027 4080 1152 4145 arbitris
1171 4085 1334 4145 statuetur.
1354 4087 1501 4162 Compro-
1591 4155 1592 4158 Ἴ

223 4168 355 4232 missum
369 4177 472 4232 autem
487 4170 591 4236 confici
605 4175 701 4251 potest
716 4171 780 4233 sive
798 4169 948 4250 scriptura
961 4169 1095 4251 privata,
1113 4169 1177 4232 sive
1196 4170 1347 4252 scriptura
1368 4169 1501 4232 authen·
1591 4199 1592 4219 2

221 4257 282 4321 tica
293 4275 313 4319 a
323 4257 442 4320 notario
456 4261 602 4334 coniecta,
617 4259 681 4322 sive
694 4259 788 4322 etiam
802 4278 838 4322 ex
853 4277 1003 4321 consensu
1014 4258 1172 4322 communi
1188 4258 1260 4321 viva
1272 4277 1341 4322 voce
1352 4275 1499 4336 expresso

220 4363 323 4410 coram
338 4345 414 4427 ipsis
427 4346 562 4410 arbitris.
582 4345 644 4412 Sub
658 4367 748 4429 poena
762 4347 914 4410 nullitatis
935 4347 969 4410 in
990 4366 1023 4410 co
1044 4354 1113 4410 turn
1132 4365 1180 4410 res
1195 4347 1405 4428 dijudicanda,
1423 4351 1493 4406 tum

226 4433 322 4498 etiam
334 4434 522 4498 arbitrorum
536 4438 662 4500 nomina
673 4437 829 4500 reserenda
843 4442 927 4499 sunt.

261 4523 389 4602 Arbitri,
410 4523 596 4608 quicumque
615 4526 692 4602 sint,
720 4527 813 4590 semel
836 4545 854 4589 a
874 4525 1004 4590 diversis
1027 4525 1168 4608 partibus
1192 4523 1335 4599 admissi,
1353 4521 1496 4605 judicum
1590 4523 1591 4566 ἶ
