3220 5042
474 275 517 321 na
536 275 773 320 saanausnrc
794 275 1035 322 roeurrsnrrs
1325 265 1392 328 tae

123 390 158 452 in
170 386 416 453 communicante
427 383 513 448 facila
526 384 683 450 excitabit.
698 388 779 461 lmo‚
792 388 885 468 juxta
903 403 1102 450 communem
1121 388 1320 464 sententiam,
1334 391 1393 455 etsi

123 475 354 544 communicans
377 473 474 537 sitin
493 480 578 538 statu
597 474 712 556 peccati
732 473 885 550 mortalis,
904 481 1009 539 umen
1032 474 1060 538 si
1080 475 1119 538 ed
1138 477 1394 544 communionem

123 584 194 632 cum
210 564 371 630 attritione
382 569 414 628 ct
424 563 505 626 bona
522 559 580 626 fide
598 564 734 638 accedat,
751 563 848 626 statui
866 564 974 643 gratie
988 563 1179 628 restituetur.
1193 568 1252 628 Nec
1264 565 1395 630 difficilis

122 654 180 719 erit
190 654 252 736 ipsi
266 652 401 728 attritio;
414 669 550 716 accessus
560 653 646 716 enim
660 651 700 715 ad
712 669 830 715 sacram
845 655 998 728 blensam,
1014 659 1045 716 et
1060 652 1200 733 Corporis
1219 653 1336 717 Christi
1348 674 1394 718 re-

123 743 235 825 ceptio,
251 741 394 806 facillime
407 741 443 804 in
456 739 757 804 communicantibus
775 740 856 803 bona
870 740 928 803 lide
944 740 1010 823 pios
1025 747 1129 804 motus
1144 741 1255 806 doloris
1268 749 1300 807 et
1311 761 1394 808 amo-

123 831 258 896 risciere
271 831 379 895 solent.
1012 879 1021 894 .

160 926 234 986 tat.
256 955 297 966 -
318 919 390 1001 otj.
412 923 465 984 ³⁰:
481 919 638 982 Psanitens
658 917 752 982 dubie
771 919 931 982 absolutus
953 938 1017 983 non
1041 920 1175 1001 amplius
1200 921 1396 986 confitebitur

120 1015 280 1092 paccatum
294 1026 403 1082 suum,
417 1013 448 1071 et
462 1005 489 1070 si
503 1025 566 1070 non
579 1006 673 1070 luerit
687 1025 757 1070 rere
768 1005 951 1088 dispositus,
965 1008 999 1070 in
1010 1016 1130 1089 peccato
1144 1007 1306 1072 morietur.

162 1100 272 1180 Hesp:
287 1101 445 1164 Peccatum
457 1096 535 1160 illud
546 1095 640 1161 dubie
658 1096 834 1159 absolutum
851 1096 970 1159 remitti
988 1096 1099 1178 poterit
1114 1103 1147 1160 l⁰
1161 1117 1215 1179 per
1233 1097 1395 1162 Eucharis-

63 1211 67 1226 ·
121 1191 175 1255 tias
186 1189 420 1271 susceptionem,
436 1195 474 1252 ut
486 1189 577 1254 modo
590 1188 711 1252 dictum
723 1194 786 1264 est;
800 1192 833 1253 2⁰
844 1187 877 1250 in
889 1187 1029 1269 proxima
1041 1187 1227 1253 confessione
1240 1208 1313 1254 cum
1324 1191 1393 1254 aliis

122 1280 283 1350 indirecte,
294 1277 415 1342 etiamsi
428 1277 582 1360 paenitens
595 1280 752 1358 peccatum
764 1295 858 1340 suram
869 1277 1006 1341 clavibus
1020 1295 1184 1360 uunquam
1196 1278 1311 1342 iterum
1323 1279 1395 1342 sub

118 1368 218 1452 Jiciat.
235 1373 294 1432 Nec
306 1365 389 1431 dicas
402 1367 484 1449 quod
500 1366 577 1430 torte
590 1365 641 1429 ille
655 1384 716 1429 non
735 1365 869 1448 amplius
891 1366 930 1429 ad
948 1367 1182 1431 Sacramentum
1204 1367 1396 1432 Paenitentia

121 1458 257 1533 acoedet;
273 1475 361 1520 casus
382 1454 468 1524 enim
488 1453 549 1519 istc
568 1473 657 1518 rarus
678 1461 828 1537 tanquam
849 1455 925 1535 quid
940 1475 998 1536 per
1015 1456 1149 1518 accidens
1165 1455 1326 1520 habendus
1338 1461 1394 1520 est.

122 1546 219 1612 stulto
232 1551 336 1609 autem
347 1545 456 1627 majori
469 1543 605 1626 periculo
618 1543 728 1608 salutis
741 1543 852 1606 luisset
865 1543 1021 1624 expositus
1032 1544 1199 1624 poenitens,
1210 1545 1237 1607 si
1250 1544 1396 1608 dimissus

121 1632 234 1698 fuisset
246 1634 361 1714 absque
373 1633 563 1697 absolutione
576 1632 610 1695 in
625 1631 710 1714 gravi
724 1632 777 1694 illa
794 1631 989 1705 necessitate,
1003 1650 1097 1712 quam
1117 1651 1236 1712 semper
1251 1634 1290 1696 ad
1305 1634 1397 1696 talem

121 1721 348 1786 absolutionem
359 1719 596 1800 impertiendam
610 1720 808 1800 requirimus.

168 1809 238 1890 Otj.
256 1813 288 1870 ιο
302 1827 310 1871 :
324 1813 391 1872 Non
403 1808 473 1872 licet
487 1809 535 1872 uti
549 1808 691 1888 opinione
709 1807 860 1888 probabili
880 1807 915 1868 in
933 1806 1201 1871 administratione
1220 1813 1396 1873 Sacramen-

122 1902 242 1973 torum,
258 1900 295 1959 ut
307 1902 425 1960 constat
438 1914 476 1959 ex
487 1914 574 1977 prop.
591 1902 622 1958 t·
635 1895 673 1957 ab
685 1897 788 1958 Inuoc.
801 1897 841 1957 XI
855 1895 1012 1957 damnata.
1023 1930 1062 1940 —
1074 1898 1153 1977 Ergo
1167 1914 1228 1959 non
1243 1895 1314 1960 boet
1326 1897 1398 1958 dare

122 1983 349 2048 absolutionem
363 1983 456 2048 dubie
468 1983 645 2048 valituram.

165 2073 278 2155 Resp:
296 2073 472 2135 Transmitt.
489 2081 581 2134 totam
594 2089 727 2155 nepam,
746 2073 828 2154 quod
846 2073 885 2135 ed
907 2090 972 2134 rem
993 2091 1057 2136 uon
1078 2071 1223 2153 pertinet.
1238 2071 1334 2136 Aliud
1352 2080 1399 2136 est

124 2159 211 2226 enirn
224 2160 376 2224 absolutio
389 2160 481 2223 dabie
492 2158 592 2225 valida
602 2209 609 2235 ,
621 2159 660 2222 de
674 2178 735 2241 qua
748 2160 921 2236 dubitatur,
938 2178 978 2222 an
992 2159 1128 2223 idemne
1141 2160 1251 2224 babeat
1266 2162 1350 2243 qued
1360 2163 1398 2226 td

122 2253 191 2334 ejus
207 2251 340 2313 valorem
355 2248 534 2331 requiritur,
548 2249 634 2312 aliud
654 2247 805 2312 absolutio
826 2248 880 2310 sab
903 2248 1074 2310 conditione
1095 2249 1246 2324 valitura,
1262 2250 1301 2313 de
1320 2269 1397 2332 qua,

122 2357 190 2402 non
201 2339 344 2420 equidem
353 2357 395 2402 an
404 2337 506 2402 valida
518 2338 572 2414 sit,
581 2339 633 2401 sed
648 2357 689 2400 an
700 2337 830 2400 exsistat
842 2337 977 2400 mnditia
991 2336 1048 2400 sub
1061 2355 1123 2418 qua
1133 2336 1296 2414 ooulertur,
1310 2338 1400 2402 unice

123 2427 300 2490 dubitatur.
317 2425 414 2502 Prior,
431 2444 493 2489 non
507 2432 612 2489 eutem
629 2426 739 2501 altera,
753 2425 792 2488 ab
807 2425 983 2490 innocentio
996 2427 1037 2490 x1
1050 2425 1230 2506 prohibetur
1243 2427 1397 2502 adbiberi;

122 2533 203 2579 narn
214 2515 266 2578 illa
281 2517 513 2578 Sacramentum
527 2513 653 2596 exponit
661 2513 795 2595 periculo
809 2513 973 2588 nullitatis,
986 2513 1052 2578 bac
1063 2514 1214 2597 ejusmodi
1229 2514 1400 2596 periculum

121 2622 144 2670 a
158 2605 352 2668 Sacramenta
365 2603 467 2686 potius
479 2609 626 2668 removet.

168 2697 239 2756 438.
255 2729 295 2738 -
309 2693 379 2774 otj.
394 2699 445 2756 bt:
462 2691 571 2756 Praxis
590 2691 767 2755 absolvendi
786 2692 993 2756 conditionate
1010 2697 1058 2756 est
1070 2693 1177 2756 saltem
1191 2692 1401 2773 restringenda

126 2781 168 2846 ad
183 2800 272 2845 casus
286 2781 459 2846 rarissimos
470 2786 617 2844 extremas
630 2779 837 2856 necessitatis
851 2779 965 2844 scilicet
982 2779 1037 2842 ubi
1057 2779 1261 2844 moribundus
1278 2783 1400 2860 estjam

125 2871 271 2934 sensibus
291 2869 477 2944 destitutus,
493 2868 611 2932 relabi
624 2875 672 2931 est
686 2870 815 2950 jamjam
837 2867 1023 2944 moriturus,
1040 2885 1113 2930 nam
1133 2867 1297 2949 ipsiusmet
1313 2867 1401 2948 culpa

126 2965 160 3023 et
172 2959 310 3022 maxima
321 2958 411 3040 culpa
423 2961 480 3031 est,
495 2956 523 3020 si
535 2955 630 3020 dubie
646 2954 814 3036 dispositus
827 2955 980 3020 videatur.
992 2955 1095 3018 —Ite
1108 2955 1221 3018 Auctor
1232 2974 1400 3037 anonymae

125 3047 341 3132 Epistolnrum
354 3047 498 3109 adversus
516 3048 662 3108 eximiam
681 3045 790 3105 libram
806 3045 894 3108 Card.
907 3048 1053 3119 chsssr,
1069 3043 1120 3107 cui
1134 3043 1265 3107 titulus:
1280 3043 1400 3126 Justifi-

127 3139 227 3200 oetion
244 3139 279 3198 de
291 3138 321 3198 lc
332 3135 467 3198 doctrine
481 3134 517 3196 de
528 3136 609 3195 seint
623 3133 764 3215 Lrpuori.

168 3226 259 3308 llasp.
270 3245 283 3286 .·
297 3227 332 3286 ln
353 3223 523 3304 objectione
542 3222 632 3304 plura
650 3219 724 3284 falsa
746 3219 905 3301 supposita
916 3221 1134 3285 inveniuntur.
1150 3219 1274 3284 Etenim
1288 3225 1319 3282 l⁰
1333 3220 1401 3284 Pal-

127 3333 200 3378 sum
212 3321 269 3389 est,
280 3312 481 3396 poeuitentem
493 3308 587 3375 dubie
598 3308 793 3390 dispositum,
807 3327 872 3373 esse
883 3316 964 3373 certo
975 3307 1206 3389 indispositum,
1224 3309 1332 3372 saltem
1343 3326 1402 3390 per

126 3421 175 3482 se,·
189 3410 236 3466 est
247 3403 332 3466 enim
352 3400 551 3466 contradictio
562 3403 596 3460 ia
608 3402 685 3480 ipsis
697 3399 842 3460 taminia.
857 3401 892 3461 2⁰
907 3398 1033 3462 Falsum
1046 3403 1093 3460 est
1107 3397 1308 3478 poenitentem
1321 3414 1401 3460 sem-

128 3511 182 3575 per
196 3510 260 3555 esse
273 3491 307 3554 in
323 3490 411 3572 culpa
423 3489 507 3571 quod
519 3506 583 3552 non
595 3487 737 3552 rideatur
750 3490 830 3550 certo
847 3485 1036 3567 dispositus:
1050 3503 1125 3548 nam
1143 3491 1242 3567 potest
1260 3503 1325 3550 esse
1338 3484 1400 3548 sut·

129 3581 265 3645 ficientes
283 3579 469 3661 dispositus,
482 3577 560 3660 quin
578 3576 635 3641 hoc
653 3574 859 3640 confessarius
872 3581 953 3639 certo
968 3573 1091 3650 resciat;
1107 3572 1260 3656 siquidem
1284 3571 1402 3656 quotics

128 3689 191 3734 non
211 3678 259 3733 cst
277 3675 358 3732 certo
381 3667 593 3750 indepositus,
609 3671 710 3747 potest
725 3682 789 3728 esse
802 3682 872 3728 rere
885 3662 1063 3744 dispositus.
1078 3667 1111 3726 3⁰
1127 3667 1259 3726 Possunt
1280 3669 1402 3743 propter

128 3761 263 3822 salutem
277 3757 457 3838 paenitentis
470 3757 575 3820 adesse
589 3773 695 3838 greum
708 3751 840 3816 rationes
853 3752 892 3816 ob
904 3769 981 3833 quas
994 3751 1062 3814 dari
1074 3750 1178 3832 potius
1190 3768 1285 3831 quam
1297 3750 1402 3814 omitti

131 3847 285 3912 absolutio
305 3847 428 3920 debeat,
444 3851 482 3908 ut
501 3863 595 3926 snpra
612 3843 729 3907 dictum
749 3849 807 3907 cst.
832 3841 965 3905 Aliunde
984 3841 1166 3922 quandoque
1185 3857 1308 3903 summa
1324 3839 1401 3904 lcret

130 3935 342 4018 imprudentia
354 3934 390 3998 in
403 3933 601 4007 confessario,
617 3931 644 3996 si
658 3931 881 3995 absolutionem
893 3929 1030 3994 differret
1041 3929 1080 3993 ad
1091 3933 1259 3992 extremam
1272 3928 1400 3994 necessi-

131 4031 238 4099 tatcnr,
254 4024 288 4086 in
303 4041 364 4105 qua
375 4022 429 4088 rix
443 4028 500 4086 aut
513 4022 590 4086 torte
603 4039 643 4084 ne
654 4021 708 4084 vix
721 4019 846 4102 quidem
858 4020 1009 4100 penitens
1023 4016 1081 4082 erit
1092 4035 1187 4098 capax
1199 4018 1397 4084 sacramenti.

131 4151 170 4162 -
189 4113 262 4176 Vide
277 4111 411 4186 Goussct,
424 4111 539 4174 lettres
552 4112 572 4174 ἀ
584 4111 626 4172 Μ.
644 4110 669 4171 lc
683 4109 708 4172 C
709 4115 764 4170 ure
773 4110 824 4188 m,
839 4111 894 4188 Ep.
910 4125 976 4172 vttt.

252 4241 466 4308 Resolves.

169 4375 240 4437 tao.
257 4408 296 4418 —
309 4377 342 4434 ιο
356 4369 568 4434 Absolvendus
584 4371 632 4431 est
646 4367 699 4429 seb
714 4349 880 4445 coaditicne
894 4363 1047 4445 poenitens
1060 4363 1095 4426 in
1113 4362 1235 4426 mortali
1249 4321 1398 4427 constitu-⁴

131 4468 198 4536 tas,
215 4459 335 4542 quoties
352 4459 519 4541 prudenter
532 4456 694 4520 dubitatur
707 4457 745 4520 de
757 4452 928 4536 impertita,
944 4457 1000 4515 aut
1023 4450 1083 4515 rite
1100 4451 1174 4515 data
1192 4451 1396 4526 absolutione,

131 4569 186 4615 nec
199 4555 299 4631 potest
311 4550 350 4613 de
364 4549 419 4612 boc
432 4545 518 4611 lacile
530 4545 680 4610 certitudo
693 4543 810 4608 baberi.
823 4577 864 4590 -
874 4542 928 4618 ltu¹
937 4543 1133 4605 concinniter
1149 4539 1290 4621 tteotopi.

210 4665 317 4709 (loun-
331 4663 392 4708 'lu
406 4661 439 4708 tt
1275 4640 1306 4692 ¹3
