3198 5036
151 185 195 244 94
682 191 891 238 nataturus

151 306 357 380 adstantium,
374 311 444 368 tum
461 303 626 384 ipsiusmet
644 303 739 366 etiam
759 307 885 366 scienter
903 304 1077 385 recipientis
1093 324 1163 370 cum
1181 308 1349 370 reverentia
1370 327 1423 371 ex-

151 404 256 470 terna,
270 413 338 477 qua
349 391 554 456 idololatriam
566 399 725 454 externam
738 396 768 454 et
778 392 984 471 materialem,
996 397 1026 456 et
1036 393 1161 474 proinde
1173 395 1248 476 quid
1258 396 1425 460 intrinsece

151 487 269 550 malum
281 479 454 546 constituit.
467 515 506 525 —-
521 481 556 542 S.
575 481 646 562 Lip.
661 502 694 542 n.
711 485 760 544 61.

194 579 224 639 1·
233 576 352 636 Tamen
361 573 453 652 juxta
463 586 660 632 communem
672 568 872 646 sententiam,
884 589 947 634 non
960 577 1083 652 pectant
1094 572 1202 635 saltem
1213 573 1357 652 pariter,
1369 574 1425 654 qui

152 669 240 728 metu
253 659 340 744 gravi
356 657 452 722 coacti
464 657 702 720 matrimonium
718 658 798 721 inire
812 658 970 722 simulant.
989 660 1078 724 Ratio
1092 667 1152 735 est,
1169 661 1243 742 quia
1255 679 1329 723 cum
1345 662 1427 724 desit

152 749 347 815 voluntarius
368 764 547 820 conseram,
561 749 653 826 juxta
668 747 852 809 sententiam
871 767 955 811 nunc
972 755 1102 824 certam,
1119 767 1187 830 quae
1201 755 1285 812 tenet
1300 767 1426 830 sponsos

152 859 219 904 esee
233 839 328 921 hujus
345 835 535 901 sacramenti
553 835 727 910 ministms,
744 835 828 898 deest
845 836 974 899 materia
989 843 1019 900 et
1040 835 1151 911 torma,
1170 845 1201 901 et
1216 837 1342 920 proinde
1362 855 1427 901 non

154 935 202 992 est
213 923 372 990 simulatio
389 924 595 998 sacramenti,
612 925 665 986 sed
679 927 803 986 tantum
823 925 979 988 simulatio
997 930 1177 990 contractus.
1197 926 1330 990 Aliunde
1343 945 1429 990 error

155 1015 340 1080 sufficienter
358 1011 476 1076 adverti
494 1019 595 1092 posset
609 1031 647 1076 ex
661 1012 915 1089 circumstantiis,
929 1018 960 1076 et
977 1014 1020 1076 sic
1033 1014 1169 1096 deceptio
1182 1015 1350 1078 necessaria
1363 1033 1427 1078 non

154 1107 284 1169 adesset.

409 1278 430 1369 ξ
449 1279 511 1347 lll.
533 1279 699 1347 Demade
718 1279 946 1348 Sacramenta
963 1279 1172 1366 conferendi.

198 1457 268 1518 223.
285 1453 406 1514 -Non
424 1451 497 1512 setis
513 1456 575 1523 est,
590 1450 616 1512 si
632 1450 773 1513 Minister
788 1469 837 1524 ea,
856 1469 925 1531 qua
941 1452 980 1514 ad
996 1451 1158 1514 materiam
1174 1457 1206 1513 et
1220 1450 1350 1513 formam
1365 1469 1433 1533 spe-

159 1546 255 1615 ctent,
269 1539 431 1620 diligenter
442 1539 596 1613 observet;
608 1538 661 1600 sed
672 1556 778 1602 omnes
789 1543 819 1602 S.
833 1539 971 1602 Ecclesia
982 1539 1061 1620 leges
1073 1541 1152 1602 circa
1162 1543 1432 1604 sacramentorum

159 1627 461 1693 administrationem
473 1627 609 1690 studiose
621 1645 741 1690 serrare
750 1627 949 1691 debet.Guret
959 1635 996 1690 ut
1008 1628 1113 1691 omnia
1126 1629 1268 1709 graviter,
1278 1629 1429 1709 religiose,

159 1727 190 1782 et
206 1735 278 1780 oum
291 1716 430 1780 fidelium
446 1715 645 1778 aedificatione
659 1715 806 1796 perficiat.
820 1719 931 1779 Caveat
945 1734 998 1791 ne,
1012 1722 1135 1798 propter
1147 1717 1279 1780 nimiam
1295 1717 1432 1781 celerita-

161 1815 239 1881 tem,
260 1810 315 1869 aut
333 1803 443 1884 agendi
459 1805 728 1880 consuetudinem,
746 1805 794 1866 vel
815 1804 911 1866 etiam
930 1805 1084 1869 memoria
1103 1805 1254 1869 detectum
1270 1807 1433 1887 quidpiam

160 1895 294 1958 omittat.
311 1891 424 1956 'tutius
434 1891 494 1954 erit
508 1893 691 1972 generatim,
706 1893 732 1955 si
746 1892 780 1954 in
794 1893 935 1973 precihus
951 1893 1115 1958 recitandis
1128 1895 1248 1958 Rituale
1262 1912 1324 1976 prae
1334 1895 1432 1958 oculis

160 1985 281 2048 haheat.
370 2010 377 2032 ·

281 2093 477 2188 Quaesita.

201 2255 272 2314 224.
287 2285 329 2296 —
341 2251 442 2324 Quae.
458 2253 489 2310 t⁰
506 2248 615 2310 Utrum
633 2247 668 2310 de
679 2257 828 2330 precepto
842 2252 883 2309 sit
900 2268 972 2310 mus
986 2249 1122 2311 Ritualis
1138 2251 1269 2312 Romani
1282 2253 1314 2313 in
1330 2251 1433 2312 adeni-

162 2341 343 2403 nistratione
358 2335 651 2400 Sacramentorum?
1345 2335 1351 2346 ⁸

204 2427 427 2512 Respdsficm.
441 2429 508 2490 Non
520 2426 612 2488 semel
626 2426 711 2489 enim
725 2426 890 2489 declaravit
902 2430 932 2490 S.
944 2431 1053 2507 Gongr.
1068 2427 1145 2504 Rit,
1160 2428 1236 2490 Itlos
1250 2429 1326 2491 solos
1340 2428 1434 2490 libros

161 2517 346 2582 adiciendae
367 2525 397 2579 et
417 2519 451 2578 iu
469 2514 534 2576 illis
555 2523 674 2576 tantum
693 2515 962 2590 benedictionibus,
979 2535 1048 2597 quae
1066 2516 1187 2579 Rituali
1205 2519 1342 2580 Romane
1364 2527 1435 2580 sunt

160 2608 341 2690 cassocmcs,
355 2624 409 2668 nec
420 2603 498 2666 alios
508 2603 694 2666 adhibendos
706 2623 780 2678 esse,
793 2604 951 2666 dummodo
963 2623 1024 2666 nen
1035 2615 1146 2668 constet
1158 2606 1196 2668 11
1208 2606 1266 2669 iac
1275 2605 1432 2688 &Campa

161 2697 255 2779 fuisse
272 2694 452 2779 approbatos
466 2692 519 2775 (S.
535 2692 570 2755 C.
585 2692 664 2769 tna,
683 2699 701 2756 7
718 2692 833 2774 Aprilis
848 2697 941 2768 1831,
954 2700 986 2756 11
998 2698 1037 2759 13
1053 2695 1125 2758 Maii
1140 2699 1229 2758 aaut.
1246 2696 1337 2776 Apud
1352 2696 1435 2758 Gur-

163 2786 285 2862 dedici,
296 2784 404 2865 1681).

204 2880 402 2955 summopere
426 2873 530 2954 itaque
551 2873 720 2935 cavendam
741 2878 802 2946 est,
833 2889 872 2934 ne
902 2870 1107 2935 adhibeantur
1137 2873 1275 2936 formula
1309 2873 1435 2935 benedi-

164 2965 319 3037 ctionum,
341 2979 420 3042 quas
439 2979 504 3024 non
523 2965 640 3023 constet
660 2980 680 3022 a
699 2964 731 3024 S.
752 2963 860 3040 Congu
881 2959 944 3024 Rit.
965 2961 1147 3040 approbatas
1166 2960 1271 3025 finisse.
1293 2961 1385 3024 Valde
1398 2961 1434 3023 in

164 3071 237 3118 eum
248 3053 342 3116 finem
354 3049 487 3131 proderit
494 3049 652 3112 consulere
660 3055 813 3112 recentem
823 3047 988 3111 editionem
1000 3049 1131 3113 Ritualis
1141 3050 1272 3114 Romani
1281 3052 1312 3112 S.
1321 3053 1432 3130 Gangr.

162 3143 200 3205 de
214 3139 408 3222 Propaganda
421 3137 494 3202 Fide
509 3137 590 3219 typis
605 3145 755 3213 curatam,
771 3155 844 3200 cnm
856 3136 1073 3219 Supplcmento
1088 3157 1142 3202 seu
1156 3138 1328 3202 collectione
1342 3137 1433 3201 bene-

163 3230 336 3295 dictionum
349 3245 518 3302 uovarum,
533 3243 610 3306 quas
622 3226 761 3289 Pontifex
772 3227 919 3289 concessit
929 3231 959 3288 et
967 3227 1156 3308 approbavit.

203 3323 275 3384 2111.
288 3351 330 3364 -
342 3315 522 3396 Nupecrime
535 3333 606 3378 vero
620 3316 658 3377 ad
668 3315 748 3378 hanc
761 3323 871 3397 quaest.
891 3317 921 3377 S.
935 3318 968 3379 a.
983 3316 1046 3380 Rit.
1062 3316 1249 3397 propositam
1264 3335 1271 3378 :

202 3409 339 3472 Etiamsi
357 3403 497 3467 Ecclesia
517 3403 749 3467 Cenomanensis
764 3405 824 3466 siti
842 3403 879 3466 de
895 3403 1052 3466 Breuiacio
1071 3414 1101 3466 et
1118 3403 1236 3467 Missali
1259 3407 1366 3467 iterum
1389 3413 1435 3467 at-

163 3492 1436 3666 tittzitttttttttt‘tttttt}ttttttttt'tttt

163 3682 355 3750 Romanum
370 3677 413 3735 ita
427 3672 565 3734 uidelicet
574 3681 609 3732 ut
621 3670 815 3753 praceptivas
826 3669 1044 3752 praedictarum
1058 3670 1204 3733 librorum
1217 3671 1347 3754 reputas,
1364 3669 1436 3733 tole-

165 3771 253 3828 rante
265 3783 379 3846 nempe,
393 3760 590 3842 permittente
603 3769 656 3822 aut
673 3763 764 3822 etiam
783 3760 871 3822 aliter
889 3757 1049 3839 quidpiam
1068 3763 1221 3823 statuente
1240 3759 1437 3824 Reverendis-

164 3857 242 3916 simo
256 3852 420 3934 Episcopo,
440 3849 589 3913 Canonici
603 3848 697 3910 aliiue
711 3846 886 3909 Sacerdotes
892 3849 1008 3930 possint
1018 3845 1112 3911 illaesa
1126 3847 1309 3912 conscientia
1323 3847 1436 3910 intrin-

166 3959 249 4023 gere,
266 3948 321 4002 cut
332 3940 487 4013 omittere,
501 3941 601 4019 sicque
615 3935 865 3999 Reuerendissimi
882 3936 1035 4018 Episcopi
1049 3937 1190 3998 uoluntas
1208 3939 1257 3999 tis
1269 3940 1304 4000 in
1318 3937 1436 3999 casibus

163 4035 205 4092 sit
214 4047 273 4112 pro
287 4029 363 4110 ipsis
374 4028 529 4110 sufficiens
540 4024 752 4109 dispensatio?
765 4061 806 4071 -
820 4023 980 4106 Respondit
996 4023 1032 4086 S.
1051 4025 1254 4108 Conprepatio
1264 4045 1277 4088 .·
1290 4023 1436 4106 Negative

163 4125 195 4184 11
208 4115 341 4198 amplius
353 4115 408 4198 (S.
422 4115 456 4179 C.
474 4117 551 4196 ltin,
569 4121 608 4180 10
619 4114 764 4176 danuumi
776 4115 880 4195 1852).

203 4210 275 4271 226.
294 4239 332 4253 -
349 4207 451 4281 Quae.
468 4209 501 4268 2⁰
517 4207 661 4282 0111111
679 4210 771 4265 uestes
786 4221 880 4264 saera
893 4207 1093 4286 requirantur
1107 4204 1150 4266 od
1167 4204 1435 4268 Sacramentorum

165 4295 480 4358 administrationem?

206 4385 295 4466 Hesp.
309 4381 455 4446 :secluso
467 4401 539 4446 casu
553 4381 692 4463 urgentis
706 4379 904 4458 necessitatis,
921 4380 999 4444 stola
1014 4389 1043 4444 et
1055 4382 1300 4464 superpelliceum
1311 4399 1437 4463 genera—

163 4473 222 4537 tim
233 4472 446 4554 requirnntur.
464 4503 503 4516 -
516 4469 632 4532 Dicitur
645 4469 898 4551 superpelliceum
902 4487 915 4548 ,·
927 4487 1018 4542 nam,
1033 4475 1200 4551 utcumque
1213 4471 1309 4551 possit
1327 4468 1436 4534 mincis
