3224 5044
488 308 532 351 na
552 304 787 350 sacramento
809 304 1046 350 amuranurma
1338 289 1408 350 283

175 418 269 501 Κεφ.
284 417 307 479 A
312 417 427 498 ψη,
440 417 466 480 si
480 417 687 480 Confessarlus
701 415 924 496 deprehendat,
939 414 1109 476 debitorem
1127 418 1270 494 paratum
1291 433 1356 476 csse
1369 416 1410 478 ari

136 506 364 570 restitutionem
377 505 559 582 laciendum,
574 505 623 568 uti
634 505 734 568 debet.
751 503 784 567 Si
796 523 866 566 vero
881 503 1033 584 paenitens
1049 510 1105 564 aut
1120 501 1233 582 plurries
1247 503 1408 582 promissis

135 594 320 658 restituendi
333 614 396 657 non
411 595 544 670 steterit„
555 601 610 656 aut
623 595 791 676 prudenter
802 591 1007 674 provideatur
1021 592 1212 672 propositum
1228 609 1291 654 non
1306 609 1411 653 serra-

136 689 246 756 turus,
259 684 381 764 expedit
393 691 430 746 ut
443 683 651 746 Confessarius
665 681 895 746 restitutionem
909 681 996 762 prius
1010 680 1129 760 exigat,
1144 698 1239 760 quam
1253 679 1405 751 absolvat,

134 772 197 835 nisi
211 777 317 836 tamen
330 772 433 853 aliqua
447 773 548 852 gravis
562 771 642 834 ratio
653 771 743 834 aliter
757 771 892 834 suadeat.

175 860 278 937 Quoi.
298 866 330 922 ’1ο
344 863 394 923 An
402 866 513 942 possit,
526 862 584 922 imo
596 881 637 924 aa
652 859 759 922 debeat
772 861 889 922 absolvi
897 861 1046 942 paenitens
1053 905 1063 934 ,
1082 862 1137 941 qni
1156 857 1221 919 cult
1238 859 1325 939 sequi
1338 859 1407 939 opi·

135 955 253 1013 atonem
267 952 421 1012 sententia
437 949 626 1030 Confessorii
640 951 829 1032 oppositam-,²

176 1039 265 1122 Resp.
282 1039 423 1119 listina„
448 1039 475 1101 si
496 1039 538 1100 sit
556 1057 624 1102 rere
645 1039 825 1119 probabilis,
847 1043 901 1100 aut
922 1037 1031 1099 saltem
1052 1035 1206 1117 paenitens
1221 1035 1345 1115 paratus
1367 1035 1407 1097 sit

136 1135 216 1190 stare
235 1127 350 1209 J'udicio
374 1127 501 1190 alterius
522 1128 603 1190 docti
623 1134 653 1190 et
671 1128 846 1207 prudentis.
859 1161 900 1172 -
914 1125 1023 1188 Recole
1042 1127 1124 1188 dicto
1142 1123 1180 1187 dc
1199 1122 1406 1201 Conscientia,

137 1227 208 1278 tom.
223 1219 252 1291 l,
266 1238 299 1278 a.
314 1221 363 1280 78.

204 1395 227 1483 ᾗ
242 1395 284 1462 11.
305 1394 358 1462 Dc
375 1395 501 1483 openclt
518 1395 651 1462 ratione
669 1415 751 1462 carot
768 1395 879 1461 nortis
894 1392 1136 1480 poent'tenttucn
1149 1392 1343 1480 peccoribus,

177 1565 336 1646 Apendcm
352 1571 384 1628 1ο
399 1566 437 1628 de
451 1565 492 1628 iis
506 1566 560 1647 qui
575 1568 737 1629 versantur
755 1565 790 1628 in
809 1563 963 1626 occasione
980 1563 1109 1644 peccati;
1124 1599 1164 1608 -
1179 1567 1213 1625 κ’
1228 1563 1264 1625 oe
1283 1579 1410 1624 consuc-

138 1653 302 1716 tudinariis
317 1659 347 1716 et
360 1653 517 1730 recidivis;
533 1689 574 1700 -
587 1659 620 1716 3⁰
635 1655 672 1716 dc
686 1651 908 1734 poemtcntilaus
920 1651 981 1731 plis
995 1657 1026 1714 et
1041 1651 1205 1714 timoratis,

689 1845 828 1891 PUNGTUM
848 1845 861 1890 1

439 1961 480 2015 De
494 1959 531 2016 lis
551 1959 600 2031 qni
615 1959 767 2016 versantur
781 1956 811 2013 in
825 1955 977 2012 occasione
990 1956 1110 2028 peccati.

178 2105 248 2164 628.
266 2137 305 2145 —
320 2105 486 2165 Darrrrno.
506 2103 625 2166 Occasio
637 2102 750 2184 pcccati
762 2101 931 2182 generatim
945 2101 1092 2164 delinitur
1111 2098 1344 2162 circumstantia
1360 2118 1409 2160 ei-

139 2195 243 2263 tcrna‚
268 2209 337 2270 qun
361 2191 426 2253 sive
449 2210 486 2253 ex
506 2199 619 2255 natura
639 2209 712 2267 sua,
735 2191 799 2253 sivo
821 2209 859 2252 ex
877 2189 1041 2270 fragilitate
1063 2188 1200 2251 hominis
1224 2186 1279 2268 qui
1302 2187 1336 2248 in
1359 2187 1411 2248 illa

139 2278 301 2358 reperitur,
318 2280 357 2341 ad
375 2281 562 2359 peccandum
581 2281 694 2354 allicit,
711 2298 765 2341 seu
783 2278 912 2340 indrrcit
935 2278 1014 2340 Hinc
1033 2277 1135 2339 differt
1156 2295 1174 2336 a
1193 2275 1325 2355 periculo
1344 2293 1409 2354 pec-

138 2366 242 2442 candi,
265 2387 325 2447 qua
346 2369 544 2448 appellatione
565 2369 651 2431 vonit
670 2367 822 2449 quidquid
840 2367 972 2447 impellit
985 2369 1024 2429 ad
1040 2372 1197 2446 peccatum
1213 2363 1277 2426 sire
1296 2364 1411 2426 intrin-

138 2473 241 2518 secum
253 2456 328 2518 illud
343 2456 398 2532 sit,
415 2457 479 2520 sire
492 2457 709 2520 extrinsecum.

161 2549 307 2607 ‹Dirrsro
333 2547 492 2626 Multiplen
511 2547 626 2610 occasio
644 2546 861 2626 distinguitur,
889 2545 1002 2608 scilicet
1024 2545 1180 2625 proxima,
1202 2543 1251 2607 rol
1271 2549 1408 2616 remota;

138 2633 284 2707 absoluta,
300 2634 347 2697 vol
357 2635 497 2711 calatium
515 2636 697 2708 voluntaria,
709 2635 947 2708 relnecessarla;
966 2652 1110 2715 praesens,
1124 2633 1172 2695 rel
1183 2651 1246 2694 non
1260 2650 1406 2710 praesens,

179 2727 209 2783 l⁰
226 2721 347 2782 Occasio
356 2725 504 2803 proximo
519 2723 571 2786 illa
584 2731 646 2808 est,
661 2724 697 2785 in
715 2743 776 2803 qua
795 2722 906 2802 aliquis
925 2723 1017 2784 homo
1034 2723 1218 2802 frequenter,
1236 2727 1291 2780 aut
1312 2719 1409 2779 homi-

137 2819 193 2870 rlcs
206 2809 412 2871 communiter
429 2812 651 2890 utplurimum
669 2816 808 2890 peccant;
827 2814 940 2872 occasio
954 2830 1026 2872 uero
1042 2819 1158 2870 renota
1177 2827 1211 2870 ea
1226 2813 1287 2879 est,
1304 2807 1411 2884 inqua

139 2895 253 2974 aliquis
263 2896 356 2958 homo
372 2917 439 2959 raro
454 2905 572 2977 peccat,
584 2905 638 2960 aut
652 2899 792 2961 homines
809 2899 1014 2962 communiter
1027 2905 1064 2960 ut
1078 2896 1248 2978 plurimum
1263 2912 1327 2956 nou
1344 2911 1411 2973 pec-

138 2988 269 3046 cant.-
282 2982 315 3045 S.
332 2985 402 3066 Lip.
417 3007 447 3046 rr.
463 2990 535 3048 159.
1302 3054 1306 3063 ,

179 3077 212 3135 10
227 3071 347 3134 Occasio
362 3073 425 3134 sire
438 3073 578 3154 proxima
596 3074 660 3136 sire
673 3079 789 3137 remota
800 3075 911 3136 dicitur
925 3075 1076 3149 absoluta,
1092 3095 1146 3138 sou
1157 3095 1214 3155 per·
1225 3093 1272 3150 se,
1289 3072 1414 3152 quando

138 3163 184 3224 ito
198 3181 236 3224 ex
251 3160 350 3242 seipsa
369 3162 506 3224 multum
528 3168 584 3224 aut
601 3181 712 3242 parum
732 3166 771 3226 acl
787 3165 973 3243 peccandmn
994 3163 1127 3237 inducit,
1144 3168 1181 3224 ut
1200 3162 1271 3223 talis
1290 3159 1330 3220 sit
1349 3177 1410 3220 res-

138 3257 229 3331 pectu
243 3252 281 3312 ad
294 3251 436 3313 homines
450 3252 657 3314 communiter
672 3258 826 3334 sumptos;
844 3253 958 3315 dicitur·
970 3252 1109 3328 relativo,
1127 3271 1181 3314 scu
1191 3271 1250 3332 per
1261 3247 1409 3323 accidens,

139 3341 262 3420 quanm
276 3339 344 3402 talis
359 3345 404 3402 est
419 3343 556 3420 respectu
571 3340 699 3421 alicujus
714 3344 852 3416 nutum,
872 3347 1006 3420 spectata
1019 3343 1084 3421 ejus
1098 3339 1280 3420 fragilitate,
1294 3335 1320 3398 si
1336 3355 1412 3417 pro-

139 3429 241 3506 aeima;
257 3434 387 3510 spectata
401 3432 466 3511 ejus
482 3429 582 3492 aninri
597 3428 758 3504 firmitate,
775 3429 903 3510 pietate,
917 3434 972 3492 out
986 3429 1167 3510 prudentia,
1184 3427 1211 3490 si
1224 3435 1342 3488 remoto
1357 3423 1409 3485 sit.

180 3521 213 3580 3ο
235 3517 357 3580 Occasio
373 3517 550 3580 noluntaria
565 3537 599 3582 ea
615 3524 677 3592 est,
694 3537 764 3600 quae
781 3517 866 3580 lacile
882 3517 1002 3580 dimitti
1017 3522 1132 3598 potcst;
1153 3519 1320 3579 necessario
1341 3531 1415 3576 vero

140 3625 173 3668 ca
196 3613 259 3682 est,
273 3627 342 3689 quae
361 3607 487 3690 physice
505 3609 554 3671 rel
573 3608 731 3672 moraliter
750 3627 814 3670 uon
830 3612 930 3688 potest
953 3605 1119 3680 removeri;
1140 3612 1195 3668 aut
1214 3604 1320 3667 saltem
1343 3619 1412 3682 quae

139 3713 211 3758 oum
232 3713 344 3776 magna
364 3697 545 3760 difficultate
563 3703 702 3772 tantum,
726 3697 758 3760 id
780 3705 827 3759 ost
850 3697 1010 3760 subeundo
1029 3694 1164 3758 notabile
1186 3693 1409 3756 detrimentum

140 3785 304 3864 temporale
315 3786 351 3849 in
365 3787 444 3862 vita,
461 3785 542 3850 mma
556 3793 611 3849 aut
622 3785 770 3862 fortunis,
787 3791 886 3867 potest
900 3785 1032 3848 dimitti.

179 3877 213 3934 4⁰
231 3873 353 3936 Occasio
364 3895 520 3957 praesens,
543 3895 598 3938 seu
619 3877 653 3937 in
670 3895 748 3950 esse,
764 3895 799 3938 ea
813 3881 876 3950 est,
893 3893 987 3955 quam
1005 3875 1077 3956 quis
1090 3892 1194 3937 secum
1210 3871 1318 3944 habet,
1336 3867 1412 3950 quin

139 3979 207 4024 earn
219 3969 290 4026 actu
304 3971 437 4044 quierat,
454 3985 484 4028 r.
501 3983 560 4045 gn,
579 3963 605 4026 si
623 3964 708 4027 domi
724 3969 827 4028 teneat
844 3963 1064 4038 concubinam,
1082 3964 1129 4026 rel
1141 3979 1213 4025 cum
1227 3959 1336 4022 ancilla
1349 3975 1413 4038 pao·

139 4067 206 4112 carc
228 4052 335 4128 soleat;
358 4055 471 4114 occasio
493 4074 552 4114 noo
572 4073 719 4135 praesens,
737 4071 790 4116 seu
809 4073 868 4114 noa
884 4056 917 4112 in
932 4071 1005 4132 esse,
1024 4071 1059 4114 ea
1072 4057 1136 4126 eat,
1153 4066 1247 4130 quam
1263 4047 1333 4128 quis
1350 4065 1413 4108 non

138 4139 232 4202 habet
242 4141 369 4221 quidem
382 4140 417 4202 in
431 4149 517 4215 actu,
535 4144 587 4204 sed
605 4142 689 4205 laoile
704 4143 830 4224 reperit,
845 4149 881 4206 ut
900 4147 946 4204 est
964 4159 1101 4222 caupona
1118 4138 1243 4202 relative
1260 4140 1298 4200 ad
1310 4134 1411 4200 ebrit)—

140 4245 226 4302 aum,
242 4227 359 4292 amasia
372 4235 511 4309 respecm
523 4229 645 4292 amasii.

262 4355 487 4437 Principia.

180 4487 251 4549 619.
267 4521 307 4530 -
329 4487 354 4547 Ι.
374 4489 441 4550 Nou
461 4493 508 4549 est
525 4487 701 4566 deneganda
719 4487 871 4550 absolutio
887 4485 1052 4567 pcorritcnti
1070 4485 1105 4548 in
1123 4483 1278 4549 occasione
1298 4489 1416 4542 remoto

140 4573 324 4652 constituto,
348 4575 471 4639 etiamsi
491 4594 560 4640 eam
575 4577 711 4640 descmre
731 4575 819 4639 nolit.
834 4575 922 4640 Ratio
936 4581 1000 4651 est,
1017 4581 1048 4638 1ο
1066 4574 1140 4658 qma
1159 4593 1194 4638 ea
1212 4591 1275 4638 non
1293 4567 1413 4632 inducit
