3198 5036
182 194 249 255 rat
714 201 923 248 rumorosus

183 319 304 382 ristiam
316 317 343 379 ci
359 316 598 380 ministrandam
613 333 674 378 non
689 333 763 376 esse.
772 315 805 376 Si
820 332 891 376 raro
904 313 937 376 id
950 311 1099 374 declarare
1113 313 1246 392 deneget,
1264 319 1355 394 atque
1370 331 1453 376 com·
1565 314 1570 324 '

184 408 340 472 manicare
359 405 445 472 velit.
468 402 660 466 Eucharistia
678 404 792 476 eidem,
813 402 882 465 licet
897 401 1092 481 indisposite,
1113 400 1317 463 ministranda
1330 407 1392 476 est,
1414 404 1454 466 ad
1572 436 1573 441 .

183 496 369 558 servandum
395 511 507 574 nempe
531 493 683 554 intactum
704 491 900 554 confessionis
919 487 1259 570 sigillum-Gaasset,
1280 510 1310 552 n.
1333 495 1404 565 23¹1,
1424 503 1455 554 ct
1571 511 1572 554 3

184 583 251 647 alii.

688 719 901 784 ARTICULUS
921 720 948 778 V

504 877 541 920 DE
563 876 640 919 MODO
662 877 687 918 S.
711 875 934 920 ntcrraltrsrtnn
955 873 1141 918 asssnvnsm

306 1013 406 1077 Haee
428 1013 618 1078 tenenda.

225 1157 293 1220 309.
311 1193 350 1202 „-
364 1159 386 1218 l.
404 1159 439 1218 ln
450 1156 586 1237 qualibet
601 1156 723 1218 ccclesia
737 1155 900 1236 parochiali
912 1162 942 1218 et
957 1155 1122 1218 cathedrali
1135 1156 1282 1218 servanda
1292 1161 1338 1217 est
1349 1157 1379 1217 S.
1395 1157 1459 1217 Eu-

185 1245 340 1319 charistia,
357 1251 394 1307 ut
418 1251 585 1325 opportune
612 1245 787 1324 petentibus
816 1263 934 1324 semper
954 1245 1021 1306 dari
1039 1245 1143 1324 possit.
1165 1245 1212 1306 Sic
1232 1262 1371 1324 expresse
1390 1244 1457 1306 Bit.

185 1335 285 1412 Rom„
300 1342 356 1396 etc.
374 1337 475 1395 Potest
489 1333 583 1395 etiarn
598 1333 748 1395 asservari
762 1334 876 1414 dejure
892 1333 1049 1395 communi
1068 1333 1103 1394 in
1114 1332 1244 1395 ecclesiis
1259 1332 1460 1412 Regularium

187 1429 258 1485 vota
274 1422 420 1484 solemnia
432 1423 653 1484 emittentium.
667 1425 700 1483 ln
715 1422 782 1484 aliis
797 1429 901 1484 autem
913 1421 1043 1484 ecclesiis
1058 1422 1206 1483 asservari
1223 1422 1331 1502 nequit
1343 1421 1461 1502 absque

189 1510 308 1592 speciali
322 1514 408 1591 Papa
423 1510 555 1572 licentia.
573 1510 620 1572 Sic
632 1517 809 1573 statuerunt
823 1509 884 1572 SS.
899 1511 989 1591 Conq.
1003 1509 1091 1572 Coae.
1109 1520 1138 1570 ct
1148 1509 1269 1592 Episc5
1285 1510 1365 1590 apud
1383 1511 1461 1572 Fer-

188 1604 281 1672 raria,
298 1600 388 1662 verbo
402 1599 613 1677 Encltara'stia,
631 1609 691 1660 ort.
709 1605 736 1674 l,
751 1620 781 1659 a.
795 1603 845 1662 to.

228 1690 265 1750 Il.
286 1689 478 1751 Asscrranda
489 1694 536 1750 est
551 1687 743 1750 Eucharistiae
757 1687 791 1749 in
806 1688 998 1751 tabernaculo
1012 1688 1143 1764 mundo,
1160 1688 1236 1750 bene
1251 1688 1366 1762 claus0‚
1383 1687 1463 1750 etin

191 1777 302 1860 pyxide
314 1777 432 1840 decenti
447 1795 537 1858 super
551 1778 701 1858 corporale
719 1775 862 1856 reposita,
879 1783 909 1839 et
927 1777 994 1839 albo
1012 1777 1076 1838 velo
1091 1783 1238 1856 cooperta.
1255 1781 1345 1838 Porro
1361 1775 1463 1838 taber-

190 1866 349 1940 naculum,
367 1865 400 1927 in
422 1885 482 1948 quo
502 1865 676 1928 reconditur
693 1867 743 1928 SS.
768 1869 1013 1940 Sacranrenturn,
1038 1863 1180 1944 cooperiri
1208 1865 1295 1926 dehet
1322 1882 1465 1943 conopaeo

192 1973 230 2016 ex
253 1955 310 2016 tela
324 1955 432 2030 serica,
455 1955 502 2017 rel
520 1973 558 2016 ex
576 1955 645 2016 lana
666 1961 720 2016 aut
735 1953 877 2034 gossipio.
896 1991 934 1999 ——
955 1955 1017 2017 Rit.
1034 1955 1121 2016 Rara.
1144 1989 1184 1998 -
1197 1953 1231 2013 S.
1251 1953 1362 2034 Conpr.
1379 1953 1462 2029 Hit,

188 2047 224 2104 tl
242 2043 302 2105 lul.
323 2048 410 2106 1855.

230 2133 280 2193 ΙΙΙ.
297 2131 412 2194 Nullibi
427 2133 633 2194 consen-anda
648 2139 693 2194 cst
705 2135 734 2193 S.
752 2132 943 2194 Eucharistia
958 2133 1023 2194 sine
1036 2131 1166 2206 lumine,
1183 2133 1264 2212 quod
1281 2148 1399 2211 semper
1411 2131 1465 2206 {ar-

191 2221 260 2282 dere
275 2221 372 2282 debet.
390 2219 437 2281 Sic
451 2219 534 2281 eninr
549 2220 582 2280 in
598 2220 719 2282 Ritnali
729 2220 865 2282 Romano
881 2220 1029 2283 statuitur
1042 2239 1049 2280 :
1063 2220 1230 2302 Lampadas
1243 2240 1342 2280 coram
1358 2239 1391 2281 eo
1406 2222 1466 2300 (ta-

189 2309 362 2385 bernaculo)
374 2308 484 2388 plures,
499 2307 662 2369 vetrallam
680 2328 741 2369 aaa
756 2309 810 2368 dia
825 2319 972 2389 noctuque
983 2321 1128 2390 perpetuo
1141 2309 1294 2370 colluceat.
1309 2308 1357 2370 Sic
1368 2308 1465 2370 etiam

195 2397 358 2458 definitum
376 2414 429 2475 per
450 2396 486 2457 S.
514 2395 662 2477 Conprep.
685 2396 817 2470 decreta,
839 2415 907 2476 quaa
922 2398 1043 2470 volunt,
1066 2404 1101 2459 ut
1119 2397 1146 2459 si
1165 2397 1285 2459 ecelesia
1306 2397 1347 2458 sit
1369 2397 1465 2458 nimis

194 2502 319 2563 pauper,
334 2483 519 2546 instituatur
534 2485 669 2547 collector
686 2486 950 2567 elecmosynarum,
968 2492 1004 2547 ut
1018 2487 1118 2548 oleum
1133 2485 1284 2548 sufficiens
1299 2485 1463 2548 habeatur.

191 2606 231 2616 -
251 2571 325 2632 Vide
339 2571 495 2648 Ferraria,
514 2573 604 2635 verbo
618 2575 651 2636 E
652 2575 832 2652 uclearista'a,
845 2585 904 2635 art.
924 2581 951 2649 l,
965 2595 995 2634 a.
1012 2579 1062 2638 ta.

312 2725 506 2800 Quaesita.

231 2874 301 2933 310.
318 2905 359 2914 -
372 2873 474 2946 Quian.
492 2859 524 2934 l'0
538 2873 590 2932 Aa
606 2871 675 2934 alia
686 2891 733 2932 res
747 2891 840 2935 sacra
853 2874 884 2934 in
900 2873 1090 2934 tabernaculo
1106 2876 1213 2953 reponi
1223 2870 1364 2953 possint?

233 2959 322 3040 Itesp.
344 2959 422 3040 Nep.
444 2963 568 3022 Constat
582 2979 619 3022 ex
632 2961 695 3024 Rit.
710 2965 845 3024 Romano
862 2962 897 3023 dc
911 2961 1119 3023 Euchariston.
1139 2962 1216 3024 llinc
1233 2979 1287 3022 nec
1300 2959 1462 3039 Reliquiae,

195 3065 249 3110 nec
264 3046 418 3121 chrisma,
435 3066 489 3110 nec
502 3049 609 3112 Oleum
622 3049 819 3112 infirmorum
832 3051 867 3112 in
881 3069 914 3114 eo
929 3051 1033 3130 reponi
1051 3057 1189 3131 possunt.

233 3139 333 3212 Quen.
353 3141 385 3198 2⁰
395 3139 446 3197 Aa
459 3137 606 3198 ciborium
621 3138 725 3199 debeat
740 3157 797 3200 csse
812 3149 1027 3213 consecratam,
1044 3151 1072 3201 et
1088 3137 1285 3219 argenteam?

235 3225 326 3305 Itesp.
343 3227 381 3287 ad
396 3231 448 3287 ltun
466 3245 472 3286 :
494 3230 560 3288 Non
573 3227 662 3289 debet
675 3227 841 3290 necessario
860 3247 923 3290 csse
938 3235 1162 3301 consecratrun,
1181 3229 1233 3290 sed
1251 3225 1362 3289 sufficit
1375 3233 1412 3290 ut
1426 3227 1468 3290 sit

200 3313 404 3375 benedictum.
426 3317 549 3377 Constat
575 3334 612 3377 cx
633 3315 694 3377 Rr't.
722 3317 821 3394 Rom„
843 3317 875 3378 in
897 3336 957 3398 quo
975 3317 1144 3379 benedictio
1165 3315 1287 3397 pyxidis
1303 3317 1467 3378 adnotatur

199 3401 281 3464 inter
291 3420 326 3463 ea
338 3420 406 3482 quaa
419 3403 562 3466 unctione
574 3405 750 3468 chrismatis
763 3424 825 3468 non
839 3405 988 3487 indigent.
1002 3409 1078 3468 Item
1093 3405 1327 3467 exponerem.
1339 3441 1379 3451 -
1395 3403 1467 3465 Vide

196 3489 233 3552 S.
251 3491 321 3572 ttq.
339 3511 370 3551 n.
387 3495 457 3567 248,
470 3500 497 3552 et
511 3492 598 3572 insta
612 3513 642 3554 n.
659 3497 728 3557 396.

237 3579 326 3662 Resp.
338 3580 376 3642 ad
388 3583 443 3642 Ψ
462 3601 468 3640 :
493 3579 576 3644 Nihil
585 3584 654 3661 jure
668 3585 826 3646 communi
840 3584 997 3646 statuitur.
1014 3587 1053 3644 Et
1065 3583 1219 3645 rideretur
1233 3581 1358 3663 quidem
1373 3580 1468 3662 aqui·

198 3669 369 3747 parandum
381 3668 503 3732 caliciet
512 3674 638 3750 patenae,
653 3690 721 3751 quae
733 3671 844 3734 debent
858 3689 921 3734 esse
935 3690 972 3734 ex
986 3689 1074 3746 auro,
1089 3673 1136 3734 vel
1150 3679 1284 3751 argento,
1300 3671 1347 3734 vel
1360 3671 1469 3732 saltem

201 3773 238 3820 ex
253 3762 373 3830 stanno,
390 3757 417 3819 si
432 3759 562 3820 Ecclesia
578 3757 618 3820 sit
640 3759 725 3821 valde
739 3778 862 3840 pauper.
886 3762 942 3822 Sed
961 3779 1022 3822 non
1037 3765 1134 3840 potest
1148 3779 1212 3822 esse
1223 3779 1260 3822 cx
1274 3779 1341 3835 aare,
1362 3777 1419 3822 nee
1432 3778 1470 3822 ex

201 3843 299 3922 ligno,
320 3853 375 3907 aut
400 3847 570 3929 vitraetc.
594 3846 655 3926 (De
671 3846 824 3927 Canacen,
840 3850 909 3910 da'st.
927 3855 955 3920 l,
973 3869 998 3909 c.
1015 3849 1080 3929 45).
1097 3853 1247 3912 Caeterum
1260 3849 1370 3911 siresa
1385 3865 1471 3911 sac-ra

199 3949 261 3994 non
276 3933 339 3995 sint
350 3953 388 3996 ex
402 3953 487 4008 auro,
504 3935 587 3998 intus
603 3935 742 3998 deaurari
756 3937 877 4000 debent.

238 4021 339 4093 Quina.
357 4028 387 4085 3ο
398 4026 448 4084 Aa
462 4028 600 4105 praviter
609 4035 715 4106 peccet
728 4027 784 4107 qui
795 4026 924 4108 nepliqt't
939 4047 1091 4090 asservare
1104 4029 1202 4090 lamen
1215 4047 1314 4090 eoram
1330 4027 1478 4090 Sanctis--

197 4112 272 4170 simo
284 4107 504 4173 Sacramenta?

240 4195 330 4275 [terp.
353 4201 474 4280 Affirm.
488 4220 544 4284 per
557 4223 601 4282 se,
620 4203 647 4266 si
660 4209 781 4284 tempus
798 4204 839 4267 sit
856 4205 998 4268 notabile.
1015 4243 1055 4254 —-
1070 4207 1117 4268 Ita
1131 4207 1327 4268 communiter
1342 4204 1473 4286 tlcalapi

202 4305 268 4347 cant
284 4287 319 4347 S.
340 4285 423 4370 Lip,
440 4308 471 4348 a.
485 4295 554 4355 948.
574 4293 637 4356 lnro
657 4292 757 4374 plures
776 4300 911 4356 auctores
926 4295 1047 4370 dicunt,
1064 4297 1193 4358 notabile
1207 4301 1330 4376 tempus
1348 4313 1427 4370 esse,
1444 4296 1473 4357 si

199 4379 319 4527 grtipro
336 4375 434 4528 (Ιῗᾶά
444 4375 511 4458 fiat.
529 4415 567 4426 —
583 4381 630 4444 Sic
647 4379 798 4459 Bascmd„
815 4386 901 4464 cujus
914 4385 1005 4448 rerba
1021 4385 1110 4448 refert
1120 4393 1151 4448 et
1165 4385 1313 4466 implicite
1326 4383 1472 4465 approbat

227 4512 233 4526 .
274 4487 357 4548 ²9st
379 4488 388 4527 ι
413 4515 420 4529 .
