3220 5042
194 171 265 230 itss
725 175 935 221 rnecrnrus

194 295 240 358 ait
260 311 323 355 csse
345 288 530 352 sententiani
549 290 829 350 communissimam.
843 321 886 334 -
902 287 1055 365 Sauebez,
1076 286 1209 363 Suarez,
1231 273 1360 364 Bonae,
1384 288 1468 370 Lup-

195 403 303 460 raauu,
322 379 471 458 Vacqaez,
486 377 595 458 Luqo,
612 376 725 450 Saltu„
741 375 838 439 etalii
852 376 953 440 multi.

234 471 286 533 ΙΙ·
303 468 463 530 Sententia
483 465 640 546 affirmat,
663 465 737 546 quia
757 464 928 528 Concilium
948 465 1047 540 Trid,
1065 465 1150 527 nulla
1167 463 1364 528 distinctione
1386 465 1467 530 lacta

194 562 276 622 inter
289 574 396 620 casum
414 573 475 634 quo
494 554 579 618 adest
598 556 644 618 vel
661 573 724 616 uon
742 555 828 616 adest
846 553 1047 634 approbatae,
1064 552 1243 634 simpliciter
1257 554 1366 616 asserit
1380 573 1469 635 posse

195 665 301 710 omnes
315 645 488 707 Sacerdotes
502 644 537 704 in
550 643 677 706 articulo
689 643 799 705 mortis
813 641 965 724 quoslibet
978 642 1160 722 prenitentes
1179 660 1197 703 a
1217 642 1380 722 quibusvis
1399 662 1470 723 pec-

195 735 270 798 catis
284 733 449 798 absolvere.
465 767 505 778 -—
518 735 565 794 Ita
578 731 719 794 sentiunt
732 731 869 806 Nauna,
888 730 1042 807 Barbara,
1065 731 1183 806 Ladea,
1202 731 1325 811 Rapio„
1346 731 1468 806 Mona,

194 831 225 886 et
239 822 291 886 alii
304 840 409 902 graves
423 828 575 897 auctores;
592 822 754 901 pluresque
768 839 806 882 cx
824 820 1006 884 aduersariis
1021 837 1160 900 expresse
1174 821 1345 884 concedunt
1357 839 1467 886 aarum

195 912 369 993 opinionem
384 929 448 972 esse
461 909 661 990 probabilem.

234 1005 368 1081 Utraque
393 999 560 1073 sententia,
581 999 717 1079 pensatis
740 997 977 1060 auetoritatibus
1004 1005 1035 1060 et
1058 998 1232 1061 rationibus
1251 998 1364 1080 quibus
1383 998 1468 1061 inni-

194 1090 282 1164 titur,
299 1107 402 1168 reapse
416 1087 581 1168 probabilis
596 1095 652 1149 est.
669 1087 842 1150 Fatendum
861 1091 1029 1150 esttamen
1047 1104 1112 1148 non
1129 1105 1241 1166 parum
1259 1086 1467 1150 commendari

195 1178 328 1259 priorem
340 1175 535 1258 (negantem)
550 1174 600 1238 his
615 1193 684 1256 quae
696 1175 774 1238 circe
790 1173 1093 1238 administrationem
1112 1176 1299 1238 Sacramenti
1313 1175 1467 1238 Poenitcn-

195 1268 248 1330 tiae
272 1267 318 1330 ite
340 1265 510 1346 praescribit
534 1264 656 1326 Ilituale
680 1263 852 1326 Romanam
868 1283 881 1325 .·
901 1263 942 1325 Si
962 1264 1133 1346 periculum
1159 1267 1265 1326 martis
1291 1264 1466 1342 immineat,

196 1373 444 1424 menoearusous
464 1372 550 1416 essm
570 1371 801 1426 consessurum,
819 1351 950 1433 quilibet
963 1351 1112 1414 Sacerdos
1119 1362 1222 1435 potest
1237 1375 1256 1414 a
1274 1353 1466 1436 quibuscum-

194 1463 250 1525 que
266 1446 398 1504 censuris
420 1452 447 1504 et
465 1445 597 1523 peccatis
613 1441 782 1520 absoluere;
799 1446 829 1502 et
843 1441 982 1504 doctrina
1002 1441 1182 1504 Catabana·
1199 1441 1346 1522 Romani,
1362 1462 1395 1502 u.
1411 1445 1466 1516 72,

196 1532 232 1594 de
245 1533 331 1593 Pau.
349 1531 452 1610 Saea,
469 1549 538 1610 quae
553 1531 596 1592 sia
609 1531 721 1594 hahet:
742 1530 783 1592 Si
795 1531 900 1591 martel
911 1530 1087 1611 perieulum
1103 1531 1281 1604 immineat,
1299 1549 1336 1594 er
1352 1549 1466 1592 acoron

196 1639 374 1684 snceuoorrs
398 1637 549 1682 sacoaras
568 1637 627 1680 uon
647 1638 797 1692 aaron...,
817 1618 988 1680 Concilium
1002 1619 1213 1682 Tridentinutu
1231 1619 1331 1694 docet,
1347 1628 1383 1680 ut
1399 1622 1466 1679 uai-

194 1714 300 1794 tuique
313 1708 475 1772 Sacerdoti
492 1707 594 1788 licead,
612 1729 673 1768 nan
691 1708 788 1769 solum
809 1728 894 1770 outae
904 1717 1096 1792 peccatorum
1110 1729 1202 1792 quius
1221 1709 1402 1788 condonare,
1418 1707 1468 1769 sed

195 1809 224 1861 et
238 1799 276 1860 ab
291 1797 605 1861 externaruaiaatt'ouis
623 1798 743 1858 vinculo
759 1797 880 1860 solvere.

235 1892 336 1965 Quae.
352 1893 384 1951 9ο
398 1890 450 1950 Au
464 1888 592 1969 simplea
604 1887 754 1950 Sacerdos
765 1890 865 1972 possit
880 1909 898 1948 a
913 1887 1080 1950 venialibus
1095 1887 1263 1949 absoluere?

235 1979 325 2061 Iteap.
337 1999 349 2040 :
363 1983 437 2040 Fere
450 1976 624 2039 communis
640 1975 700 2039 iuit
712 1977 786 2038 olim
801 1977 1010 2058 theologorum
1023 1977 1190 2052 sententia,
1207 1975 1341 2040 validam
1355 1982 1384 2037 et
1397 1974 1467 2036 lici-

197 2074 262 2129 tam
276 2086 341 2129 esse
354 2065 579 2128 absolutionem
596 2064 766 2130 venialium
780 2085 798 2128 a
812 2065 945 2146 simplici
959 2067 1116 2129 Sacerdote
1133 2065 1288 2139 collatam,
1304 2071 1395 2144 atque
1409 2067 1468 2128 Or-

196 2155 310 2218 dinarii
325 2154 575 2236 approbationem
592 2171 646 2232 pro
663 2154 844 2216 mortalibus
859 2160 984 2216 tantum
1002 2152 1196 2216 remittendis
1210 2153 1338 2234 requiri.
1353 2156 1469 2216 Verum

195 2247 225 2306 S.
245 2249 277 2304 P.
292 2240 489 2304 Innocentius
503 2244 559 2315 XI,
575 2240 608 2302 iu
624 2241 741 2303 decreto
758 2241 794 2303 de
812 2241 1026 2303 Commuuioue
1038 2242 1192 2324 frequenti
1207 2242 1303 2324 (apud
1318 2242 1468 2320 Marcia,

197 2330 218 2392 l.
233 2334 284 2406 VI,
297 2350 334 2412 p.
350 2333 374 2404 Ι,
391 2350 421 2390 u.
438 2329 521 2408 665),
539 2333 578 2393 ta
594 2328 669 2392 Feb.
688 2333 777 2404 1619,
792 2331 918 2392 omnine
928 2330 1097 2410 prohibuit,
1115 2351 1152 2392 ae
1164 2330 1300 2414 simplici
1309 2329 1470 2395 Sacerdoti

195 2439 255 2480 aon
267 2418 431 2499 approbato
451 2417 488 2477 ab
507 2417 660 2498 Episcopo
677 2426 734 2480 aut
755 2417 919 2480 Ordiuario
945 2419 1029 2498 fieret
1052 2419 1200 2500 ejusmodi
1217 2420 1377 2501 consessio.
1400 2423 1471 2482 Haec

195 2505 292 2586 igitur
307 2523 391 2566 nunc
404 2511 485 2566 cerlo
501 2504 609 2567 illicita
622 2513 678 2568 est.
696 2510 745 2568 An
766 2513 871 2570 autem
888 2507 929 2570 sit
947 2507 1098 2583 invalida,
1119 2509 1363 2572 controvertitur.
1379 2512 1471 2571 Gom-

196 2591 325 2657 munius
336 2599 367 2655 et
381 2593 569 2674 probabilius
580 2597 718 2674 negatur.
736 2632 775 2640 -
789 2595 825 2658 S.
842 2597 911 2678 Liq.
928 2617 958 2657 a.
976 2601 1046 2660 543.

236 2687 306 2747 sot.
322 2685 474 2758 *Quen
493 2688 545 2747 100
564 2683 614 2744 Αη
629 2683 785 2746 Paroebas
800 2685 903 2767 possit
922 2687 1066 2748 odoacare
1086 2685 1256 2749 Porcellum
1274 2687 1404 2768 ejusdem
1424 2687 1473 2749 ael

195 2774 323 2836 diuersa
334 2773 465 2834 dioecesis
476 2771 518 2833 ad
531 2773 727 2854 coresesse'ones
738 2775 770 2835 t'a
784 2795 840 2836 sua
851 2775 1007 2856 parocbia
1022 2775 1210 2837 canadas?

238 2863 327 2946 Resp.
345 2867 378 2924 1ο
393 2882 399 2923 ;
417 2862 520 2936 eroad
532 2861 701 2926 Parochum
716 2865 853 2945 ejusdem
867 2863 1015 2938 diocesis,
1028 2864 1098 2926 licet
1109 2861 1160 2926 hic
1172 2865 1204 2927 ri
1218 2865 1308 2928 officii
1318 2865 1368 2928 sui
1376 2865 1470 2946 Juris-

198 2951 360 3014 dictionem
385 2949 544 3030 specialem
559 2951 671 3013 habeat
691 2959 817 3015 tantum
831 2971 884 3032 pro
900 2952 1116 3032 percuriosus,
1134 2959 1239 3026 tamen
1253 2973 1292 3018 arr
1308 2961 1470 3017 consuetu-

198 3040 269 3103 dine
286 3039 347 3102 ierc
365 3039 533 3102 universali
550 3039 751 3103 confessiones
771 3040 866 3104 etiam
883 3041 918 3103 in
934 3041 1084 3105 universe·
1098 3042 1220 3104 dioecesi
1239 3043 1469 3125 audirepotest‚

197 3128 260 3191 nisi
287 3127 454 3209 Episcopus
481 3127 569 3190 aliter
595 3129 746 3192 decernat.
782 3129 980 3192 Consulendae
1003 3138 1107 3193 tamen
1136 3137 1209 3194 sunt
1235 3133 1472 3195 consuetudines

198 3218 332 3280 locorum
347 3218 486 3296 propriae.

237 3307 325 3388 Resp.
343 3311 394 3370 2⁰:
411 3307 515 3379 Quoad
530 3307 700 3369 Parochum
715 3307 843 3371 diversae
860 3308 1013 3384 dioecesis,
1028 3307 1120 3371 varia
1134 3308 1278 3371 feruntur
1296 3307 1470 3388 opiniones,

199 3401 235 3457 ut
248 3393 352 3476 inquit
364 3395 476 3456 Bened
490 3397 569 3472 XIV,
586 3395 688 3458 Iastit.
704 3415 826 3473 inurar,
836 3417 868 3458 a.
883 3401 913 3460 7.
929 3398 988 3473 eri
1002 3396 1167 3473 affirmant,
1181 3403 1315 3477 arguunt
1327 3415 1363 3458 ex
1380 3395 1471 3458 Trai.

199 3484 279 3564 quod
300 3483 478 3566 parochiale
505 3484 680 3566 beneficiam
704 3485 853 3548 inserviet
876 3505 930 3568 pro
958 3485 1175 3566 approbatione
1200 3484 1377 3548 universali.
1408 3483 1474 3548 Atii

198 3579 328 3653 negant,
345 3591 478 3654 quorum
500 3573 835 3654 sententiamque&
854 3575 936 3656 Lep„
952 3595 983 3636 u.
1005 3579 1080 3650 bil,
1098 3575 1191 3637 robur
1202 3575 1360 3656 accipiter
1377 3575 1474 3656 Besp.

200 3663 236 3724 S.
252 3661 366 3742 Couqr.
384 3662 408 3724 C
410 3682 475 3722 eac.
493 3661 541 3724 die
556 3667 589 3725 31
610 3662 782 3724 Decembris
798 3668 935 3727 teot-
946 3663 1056 3726 Bened
1068 3665 1136 3726 XIV
1142 3663 1278 3744 primum
1285 3663 1474 3727 sentmdem

200 3750 339 3814 admittit
353 3750 386 3813 in
398 3750 437 3812 iis
451 3748 540 3826 locis,
557 3750 612 3812 ubi
627 3751 712 3814 adest
727 3751 797 3814 talis
811 3753 1009 3816 consuetudo.

239 3843 310 3904 553.
329 3875 367 3886 -
386 3841 488 3914 Quen.
512 3843 563 3900 tr
579 3839 631 3900 Aa
650 3840 799 3901 Sacerdos
817 3840 1008 3922 approbatus
1024 3841 1062 3902 ab
1079 3841 1232 3923 Episcopo
1253 3843 1350 3922 possit
1368 3841 1478 3904 audire

201 3929 400 4007 consessiones
414 3927 552 4010 fidelium
566 3927 630 3988 st’ae
644 3930 734 3990 uenia
747 3929 902 3991 Parocbi?

240 4015 333 4096 Recp.
351 4023 402 4078 1⁰:
423 4016 527 4091 Quoad
543 4015 720 4095 lieeitatem,
738 4037 820 4100 aeq,
840 4017 869 4080 si
884 4018 1085 4082 confessiones
1099 4019 1291 4100 excipiantur
1305 4019 1342 4081 in
1353 4018 1475 4083 molesia

201 4103 331 4166 Parocho
346 4104 489 4184 subjecta.
511 4105 600 4171 Ratio
619 4109 679 4181 est,
695 4106 769 4187 quia
787 4107 910 4170 debitus
927 4109 999 4170 ordo
1018 4107 1145 4171 omnino
1163 4107 1310 4188 requirit,
1333 4115 1386 4184 ut,
1403 4125 1474 4172 cum

202 4192 355 4256 Parochus
368 4193 509 4272 Superior
521 4194 721 4258 immediatus
734 4195 777 4257 sit
790 4195 825 4257 in
836 4213 892 4259 sua
906 4195 1039 4273 erdesia,
1055 4197 1093 4259 ab
1108 4196 1174 4276 ipso
1188 4195 1279 4259 venia
1294 4195 1376 4258 inibi
1390 4215 1475 4260 eaer-

201 4279 289 4342 cendi
312 4297 397 4342 sacra
413 4281 588 4344 ndnisteria
610 4291 743 4364 petatur.
769 4288 836 4348 Nou
859 4291 964 4348 tamen
983 4284 1153 4365 mquiritur
1175 4284 1266 4348 reaia
1288 4285 1416 4348 Parcclri
1435 4284 1474 4348 ad

201 4368 368 4432 audiendas
385 4369 586 4434 consessiones
607 4372 642 4434 in
666 4373 771 4435 secedo
791 4373 990 4453 Regularium
1011 4373 1060 4437 vel
1081 4373 1278 4447 Memmium,
1304 4375 1356 4437 sed
1385 4372 1475 4437 rania

201 4458 371 4540 Superioris
385 4458 432 4522 rel
447 4460 662 4540 Superiorissae
677 4461 731 4524 loci
746 4461 870 4526 sufficit.
