3220 5042
205 217 276 278 tlt
736 229 943 278 anaornrus

204 342 240 406 in
253 342 321 424 ipsa
334 340 534 416 confessione,
554 347 625 405 tum
643 342 763 406 ratione
785 340 978 416 directionis,
998 357 1093 423 quam
1116 339 1381 420 congruentiorem
1404 343 1482 408 reri-

205 432 307 514 piunt.
328 431 362 494 ld
381 437 485 494 tantm
504 449 568 494 non
590 431 726 511 intellige
751 431 788 494 de
810 430 1000 494 accusatione
1018 435 1209 510 peccatorum
1232 433 1336 493 contra
1355 439 1483 496 sentum

204 524 391 710 111ῗὲᾳὸῗῖῃῖ
384 567 486 685 duna
498 611 532 670 2⁰
542 608 592 670 An
604 611 770 671 cocomario
784 608 953 670 manda
964 609 1006 670 sit
1015 610 1246 670 circumstantia
1260 609 1486 672 maeatae

202 696 341 868 pem?
355 785 431 867 Nep.
447 784 656 868 probabilius,
667 805 725 870 per
744 804 774 848 se
795 783 948 866 mouendo.
969 785 1056 849 Ratio
1077 791 1142 847 est:
1157 791 1190 848 t⁰
1205 784 1278 866 quia
1298 783 1378 850 nihil
1395 785 1484 850 aliud

206 881 252 938 est
267 873 436 938 necessario
449 875 665 937 declarandum
679 879 788 954 prater
800 891 969 936 numerum
978 879 1009 936 et
1019 873 1130 954 species
1144 879 1351 954 peccatoram,
1362 878 1396 938 2⁰
1406 875 1483 957 quoia

206 981 269 1026 non
282 971 328 1026 est
342 963 511 1026 necessario
522 962 699 1043 explicanda
713 963 908 1038 consuetudo,
923 961 988 1026 sive
1004 962 1061 1026 suh
1077 962 1135 1026 hoe
1150 962 1275 1026 nornine
1288 962 1485 1044 intelligatur

206 1051 331 1116 habitus
345 1052 460 1128 malus,
476 1052 540 1114 sive
555 1051 746 1132 intelligatur
763 1050 885 1114 iteratio
902 1050 1039 1132 ejusdem
1055 1050 1183 1132 peccati;
1198 1051 1384 1114 consuetudo
1396 1052 1482 1116 enim

207 1147 332 1222 sumpta
344 1159 399 1222 pro
410 1141 521 1203 habitu
535 1159 574 1203 ex
587 1139 676 1202 malis
691 1139 811 1202 actibus
827 1139 966 1221 repetitis
982 1139 1123 1214 inducto,
1137 1139 1281 1222 quamvis
1295 1140 1337 1203 sit
1351 1139 1480 1218 vitium,

206 1248 260 1311 per
283 1249 314 1292 se
334 1236 438 1292 tamen
462 1247 525 1290 non
544 1235 592 1290 est
609 1234 786 1309 peecatum:
803 1229 989 1290 consuetudo
1011 1246 1082 1290 vero
1103 1235 1228 1309 sumpta
1246 1246 1299 1308 pro
1318 1228 1485 1293 iteratione

207 1318 343 1399 ejusdem
358 1317 473 1398 peccati
481 1320 548 1398 jam
558 1315 633 1379 alias
645 1315 788 1378 declarati
801 1335 863 1378 non
872 1315 943 1379 facit
955 1319 1154 1396 utpeooatum
1168 1316 1284 1379 iterum
1295 1315 1479 1394 admissum,
1603 1297 1604 1318 ,

207 1410 298 1486 atque
309 1405 360 1468 hic
373 1411 404 1470 ει
415 1423 499 1468 nunc
512 1403 728 1480 confitendum,
738 1404 779 1468 sit
787 1405 835 1467 vel
846 1403 970 1486 gravius
984 1423 1022 1466 ex
1033 1411 1119 1486 parta
1133 1404 1253 1485 objecti,
1263 1405 1310 1468 vel
1322 1405 1481 1470 diversum

206 1493 242 1556 in
255 1513 311 1556 sua
327 1491 434 1574 specie.
451 1493 576 1574 Excipe,
592 1491 618 1555 si
633 1491 839 1556 confessarius
851 1491 1027 1574 interroget,
1042 1497 1077 1555 ut
1090 1499 1210 1556 constat
1223 1511 1261 1555 ex
1272 1497 1361 1575 Prop.
1376 1497 1429 1559 58³
1443 1495 1483 1558 ab

207 1582 383 1646 Innocentio
395 1584 435 1646 XI
448 1583 604 1655 damnata,
621 1599 689 1664 qum
702 1581 746 1644 sic
757 1581 890 1662 legitur:
907 1581 977 1644 Non
990 1592 1125 1644 tenemur
1141 1581 1336 1664 confessario
1353 1585 1483 1644 a'nterro-

91 1691 103 1713 ²
207 1675 297 1754 panti
309 1671 407 1752 soteri
418 1669 537 1752 peccati
549 1669 679 1756 alicujus
693 1669 943 1733 consaemdtnem.

247 1759 316 1822 Dixi
326 1781 385 1844 per
397 1780 437 1839 se,
453 1759 527 1842 quia
541 1759 704 1842 aliquando
713 1779 775 1844 per
791 1759 926 1822 occidens
941 1759 1086 1822 declarari
1100 1757 1202 1834 debet,
1221 1765 1258 1824 ut
1276 1759 1482 1823 Corrfessarius

205 1849 322 1931 judicet
336 1850 373 1914 de
387 1855 472 1914 statu
487 1849 684 1930 penitentis,
702 1847 736 1911 in
758 1847 864 1912 ordine
878 1848 917 1912 ad
935 1847 1157 1912 absolutionem
1169 1847 1318 1922 dandam,
1332 1849 1379 1912 vel
1394 1849 1485 1914 dene·

209 1939 357 2018 gendam3
372 1937 453 2020 quod
467 1943 542 2000 tunc
554 1938 655 2000 locum
672 1937 779 2012 habet,
796 1937 919 2020 quando
932 1937 1085 2020 poenitens
1097 1935 1262 2018 prudenter
1276 1937 1415 2000 dubitare
1429 1955 1484 2018 po-

208 2032 269 2089 test
288 2027 325 2091 de
345 2025 445 2090 animi
464 2025 513 2088 sui
534 2025 747 2106 dispositione,
767 2025 814 2089 vel
833 2025 943 2089 merito
964 2023 1071 2090 timere
1091 2029 1201 2108 potest,
1218 2041 1257 2088 ne
1279 2024 1355 2088 forte
1373 2025 1406 2088 in
1426 2025 1486 2088 hoc

210 2114 428 2180 hallucinatur.

250 2207 400 2268 Caetorum
413 2202 448 2264 in
459 2203 547 2284 praxi
558 2209 683 2284 prostat
697 2201 881 2283 paenitentes
890 2201 1019 2276 hortari,
1029 2209 1066 2265 ut
1074 2199 1217 2285 peccandi
1231 2183 1484 2265 consuetudinem

210 2291 399 2356 Goniessario
414 2309 477 2353 non
489 2289 643 2352 ordinario
658 2291 806 2371 aperiant.

249 2382 367 2442 ttta—
376 2380 476 2452 Qonn.
491 2383 522 2440 3ο
534 2378 585 2440 Ac
600 2377 791 2440 declarando
800 2381 842 2440 sit
853 2381 1081 2442 circumstantia
1092 2380 1208 2461 prodas
1222 2381 1352 2441 incestus
1360 2383 1486 2461 patrati

209 2485 274 2529 oum
292 2465 579 2547 consunpuineisoel
594 2465 763 2549 affinibus?

250 2553 343 2635 Reap.
361 2558 392 2618 t·
408 2572 415 2615 :
432 2553 627 2617 Pmbabitios
646 2555 782 2618 incestus
798 2554 878 2617 inter
894 2555 1134 2636 consanguineos
1147 2560 1177 2620 ει
1190 2555 1295 2620 affines
1313 2557 1409 2638 specie
1423 2575 1487 2621 non

210 2640 375 2705 differunt:
392 2641 459 2705 ideo
476 2641 709 2706 circumstantia
723 2641 1000 2723 consanguinitatis
1012 2645 1060 2708 vel
1074 2644 1232 2708 affinitatis
1251 2645 1418 2709 necessario
1432 2663 1486 2708 ex·

210 2729 371 2813 primenda
384 2749 446 2794 non
458 2730 591 2794 videtur.
608 2767 648 2778 -
663 2732 699 2796 S.
716 2732 797 2813 Ltp,
820 2731 911 2794 Hom.
927 2743 1037 2816 apost,
1055 2742 1144 2796 traca
1160 2735 1217 2810 lx,
1230 2754 1261 2795 n.
1281 2739 1332 2797 17.

251 2819 341 2902 Hesp.
360 2823 394 2883 2⁰
416 2839 423 2881 :
445 2824 540 2883 Juxta
552 2820 796 2884 communiorem
816 2824 876 2884 ΠΙ).
900 2822 1085 2885 sententiam
1105 2821 1266 2903 aperienda
1285 2829 1333 2884 est
1355 2821 1488 2886 circum·

212 2907 327 2970 stantia
340 2907 563 2990 conjunctionis
580 2909 616 2971 in
633 2908 733 2989 primo
747 2910 843 2989 gradu
863 2908 951 2972 linea
972 2916 1077 2986 reotae,
1099 2927 1209 2992 nempe
1225 2909 1307 2972 inter
1325 2917 1445 2990 patrem
1457 2916 1493 2974 at
1606 2939 1607 2942 ¹

211 2995 323 3072 filiam,
341 3003 472 3060 matrem
490 3003 522 3060 ει
542 2995 656 3072 filium,
674 3015 812 3061 socerum
831 3004 864 3061 et
883 3015 1015 3074 nurum,
1033 3015 1154 3062 socrum
1173 3003 1204 3061 et
1226 3016 1387 3078 genemm.
1405 2999 1490 3062 tdem

212 3083 303 3148 dicito
318 3085 355 3148 de
369 3085 601 3148 circumstantia
620 3085 715 3166 primi
735 3087 848 3168 gratim
866 3086 1143 3168 consanguinitatis
1163 3085 1199 3148 in
1214 3085 1296 3150 linea
1310 3087 1491 3161 collaterali,

212 3191 323 3254 nempe
331 3173 412 3277 inter
424 3173 550 3236 fratrem
561 3179 591 3236 ει
602 3191 746 3238 sororem.
758 3177 906 3238 Attamen
915 3175 1100 3238 contrariam
1109 3175 1296 3238 sententiam
1303 3175 1493 3258 prohabilem

213 3261 350 3432 voclletsg:
367 3263 633 3414 Iligquqr'obitfbilins
656 3358 761 3416 autem
779 3352 880 3418 ceteri
903 3353 1014 3434 gratim
1035 3351 1313 3432 consanguinitatis
1326 3353 1373 3416 vel
1391 3351 1498 3416 affini·

214 3438 284 3502 tatis
299 3457 362 3502 non
377 3446 452 3502 sunt
464 3441 631 3504 necessario
646 3441 828 3506 declarandi.
843 3475 885 3488 -··
897 3441 948 3503 Ito
961 3442 1155 3503 communias.
1170 3475 1212 3488 -
1229 3441 1267 3505 S.
1287 3441 1355 3523 Lip.
1378 3461 1408 3502 a.
1430 3444 1497 3504 tue

214 3540 242 3592 et
255 3546 357 3692 ἔξω.
372 3621 405 3680 4·
421 3617 473 3678 An
490 3619 654 3680 necessario
672 3619 840 3682 acumem
855 3619 896 3682 ait
912 3620 1142 3682 arnmanotto
1161 3617 1323 3700 dignitatis
1338 3637 1496 3701 persone,

215 3725 244 3770 v.
260 3725 324 3788 pn,
338 3704 366 3767 εἰ
375 3724 505 3788 peccans
517 3707 557 3768 sit
572 3707 728 3790 Superior,
746 3707 960 3791 Mopiatrattts,
978 3707 1142 3787 Sacerdos,
1157 3709 1235 3770 atc.?

255 3794 345 3875 Hesp.
361 3794 439 3875 Nep.
453 3793 646 3876 probabilius
657 3815 715 3878 per
727 3815 772 3871 se,
786 3796 819 3859 id
833 3804 894 3874 est,
911 3797 1031 3862 seclusa
1038 3797 1157 3860 ratione
1171 3795 1304 3859 scandali
1319 3801 1375 3859 aut
1387 3795 1494 3870 officii,

216 3883 264 3944 vel
283 3881 478 3964 obligationis
495 3882 698 3963 particularis.
719 3884 808 3948 Ratio
822 3893 885 3961 est,
906 3885 980 3967 quia
1000 3884 1230 3948 circumstantia
1249 3884 1413 3964 dignitatis
1428 3901 1499 3966 per·

217 3987 299 4031 sonae
313 3972 463 4050 peccantis
475 3989 539 4034 non
552 3979 655 4036 mutat
669 3969 799 4054 speciem
808 3975 923 4055 peccati
932 3992 986 4056 per
998 3993 1046 4048 se,
1056 3973 1109 4037 sed
1116 3973 1324 4054 peccatnmad
1335 3987 1500 4038 summum

218 4065 382 4206 asma-{-
395 4113 498 4224 Quinc:
513 4155 545 4213 5⁰
558 4150 607 4212 Aa
619 4155 786 4214 necessario
795 4149 981 4214 declaranda
991 4155 1033 4214 sit
1042 4149 1270 4214 cirmocstootia
1277 4153 1403 4232 peceati
1416 4149 1500 4214 Coo-

218 4231 342 4311 seasarii
355 4255 421 4297 oum
431 4242 597 4319 poeraitente
610 4239 779 4301 somoriam?

259 4319 347 4400 desp.
362 4322 439 4405 Nep.
453 4325 663 4406 probabilius,
678 4328 768 4392 modo
777 4327 895 4391 nullam
905 4326 1201 4392 relationemhabeat
1211 4329 1249 4392 ad
1261 4327 1495 4394 confessionam.

219 4405 307 4469 Ratio
332 4417 393 4486 est,
418 4412 492 4494 quia
515 4433 568 4495 per
590 4415 646 4480 hoc
666 4421 825 4496 meatum
847 4417 933 4479 nialla
946 4415 981 4479 fit
1000 4415 1116 4498 injuria
1139 4419 1349 4494 Sacramenta,
1369 4435 1440 4481 cum
1457 4415 1498 4478 ad

220 4493 437 4564 mniassionem
469 4503 592 4566 nullum
621 4511 793 4586 respectum
821 4503 943 4568 habeat.
978 4504 1077 4569 Facile
1103 4507 1207 4568 tamen
1232 4513 1338 4586 petat,
1369 4504 1497 4569 omnino
