3206 5042
190 179 259 240 sss
725 185 934 234 reserares

233 306 375 366 1001-
395 299 541 364 Clausum
559 295 660 378 papali
681 296 855 376 obligantur
872 297 1002 376 ubique,
1023 297 1171 379 nullaque
1186 303 1310 382 regione
1332 319 1490 388 excepta,

192 390 252 458 viri
265 390 428 470 Regulares
450 385 598 450 solemnia
613 390 683 448 vota
698 385 889 458 emittentem
908 384 937 446 ei
957 403 1108 448 veronen
1126 389 1351 471 subjiciuntur,
1366 399 1490 462 saltem

192 483 401 543 essarrorum
417 481 577 540 Caunum
592 473 787 547 auctoritate,
801 473 856 554 qui
876 473 1028 552 sImplicia
1045 480 1171 539 tantum
1189 485 1259 542 vota
1272 483 1382 546 edum
1404 488 1489 551 ilinc

194 569 251 634 sub
273 567 398 630 nemine
421 565 621 644 Regularinm
643 563 783 625 visorum
804 561 838 624 in
861 563 918 623 bac
940 580 1071 625 censura
1086 565 1202 644 priores
1219 570 1389 636 dumtaxat
1404 585 1489 640 sunt

194 657 290 719 intelli
294 655 400 735 gendi,
416 654 604 734 ubicumque
617 652 801 731 caeteroquin
812 651 922 714 domus
937 653 984 713 vel
998 654 1182 718 Monasteria
1195 657 1345 723 babeant.

236 745 435 806 Adruittrutes
461 743 608 804 dicuntur
639 739 695 821 qui
721 740 897 819 ingressum
925 741 1077 820 praebent,
1107 743 1175 806 sive
1198 746 1340 828 physice,
1360 771 1396 812 r.
1420 771 1484 832 ge,

150 839 151 842 ’
195 834 358 915 aperiendo
372 836 517 914 januam,
535 831 682 892 trabendo
696 847 794 890 manu
810 829 1050 908 Ingredientem;
1062 831 1130 894 sire
1140 835 1313 910 moraliter,
1323 839 1482 917 jubendo,

197 922 417 1004 permittendo,
441 919 641 992 oonsulendo,
666 917 814 979 laminam
837 917 1062 997 ingredientem
1083 922 1296 1001 approbando,
1312 930 1484 992 autetiam

196 1029 259 1074 non
272 1009 480 1091 probibendo,
497 1009 574 1070 dum
588 1007 684 1068 instat
698 1005 841 1084 obligatio
855 1006 1031 1086 ingressum
1043 1008 1246 1088 impediendi.

238 1099 324 1162 Ciroa
345 1097 545 1178 Regularium
564 1095 702 1156 virouun
721 1095 909 1170 clausuram,
923 1097 989 1159 brec
1008 1097 1069 1159 tria
1082 1099 1203 1162 adverti
1221 1107 1372 1181 possunt:
1386 1111 1419 1168 1ο
1434 1111 1483 1170 Ex
1581 1175 1582 1186 q

198 1186 419 1250 consuetudine
433 1192 464 1247 et
477 1204 516 1248 ex
527 1185 586 1246 fine
602 1188 699 1246 status
712 1183 777 1258 sui,
794 1184 937 1264 Religiosi
961 1186 999 1248 ad
1016 1187 1193 1250 alumniam
1207 1189 1252 1252 ita
1267 1197 1428 1266 tenentur,
1445 1201 1481 1256 ut

200 1275 265 1337 sine
279 1274 402 1337 licentia
415 1293 433 1336 a
445 1272 565 1353 proprio
581 1277 732 1335 conventu
744 1273 845 1353 egredi
860 1273 1062 1354 nonpossint.

238 1369 271 1426 ⁰2⁰
284 1367 392 1425 Poenas
405 1368 508 1424 tamen
527 1367 738 1441 apostatarum
756 1379 819 1424 non
836 1361 1018 1438 incurrunt,
1039 1363 1102 1427 nisi
1124 1366 1230 1430 animo
1248 1387 1306 1430 non
1324 1372 1478 1434 redeundi

201 1451 405 1532 egrediantur.
423 1451 480 1512 Sed
494 1457 645 1512 nocturna
658 1451 788 1530 egressio
802 1449 876 1513 furti
882 1469 918 1513 va
933 1457 978 1514 est
990 1470 1079 1514 casus
1096 1456 1290 1517 reservabitis.

239 1544 271 1602 3υ
285 1543 432 1619 Egressus
453 1545 611 1620 peccatum
630 1557 721 1618 grave
742 1545 789 1602 est
802 1557 840 1601 ex
860 1558 968 1619 genere
985 1559 1056 1616 suo,
1072 1541 1146 1622 qnia
1160 1543 1257 1605 tubat
1275 1543 1418 1606 ordinem
1436 1551 1472 1606 et
1581 1539 1582 1550 ’

201 1629 296 1692 linem
309 1629 381 1690 vitae
396 1628 557 1708 religiosae;
574 1628 692 1691 ratione
704 1629 841 1692 maurim
857 1629 976 1692 veniale
990 1649 1055 1692 esse
1071 1635 1175 1712 petes,
1190 1650 1221 1694 a.
1235 1651 1292 1711 ga,
1308 1631 1336 1692 si
1349 1633 1401 1695 die
1414 1632 1479 1696 iiat
1581 1675 1582 1712 q

202 1724 233 1781 et
247 1719 285 1780 ad
298 1718 388 1780 breve
401 1723 539 1798 tempus,
554 1723 612 1779 eto.

804 1823 881 1880 VIII

238 1945 311 1999 lieos
327 1943 457 1998 simonide
472 1941 559 1998 realis
573 1939 762 1998 inbeneficiis
777 1941 1020 2016 quibuscumque,
1032 1961 1188 2017 eorumque
1202 1945 1365 2018 complices.

822 2089 866 2144 III

208 2287 219 2340 t
238 2207 315 2341 tileos
331 2207 460 2263 simoniae
475 2207 686 2266 confidentiulis
696 2209 727 2264 iu
740 2208 887 2264 beneficiis
899 2169 1093 2281 quibuslibet,
1105 2211 1313 2284 cujuscumque
1324 2215 1382 2269 sint
1391 2213 1484 2285 digni-

220 2302 235 2342 u
250 2303 285 2343 rs.

832 2371 859 2424 X

243 2470 316 2522 Reos
331 2468 461 2522 sImonioa
475 2469 561 2523 realis
574 2470 609 2523 ob
625 2470 788 2539 ingressum
800 2473 829 2527 in
842 2473 1028 2543 Religionem.
1040 2473 1158 2547 (Prima
1169 2473 1282 2529 laurum
1294 2475 1395 2530 trium
1404 2493 1487 2532 cens.
1581 2467 1582 2472 ἵ

209 2545 271 2601 leta
290 2551 330 2598 est
350 2561 369 2599 α
388 2547 485 2602 Paulo
504 2549 550 2616 II,
570 2549 698 2604 Eoetrou.
717 2553 905 2621 Detestabile,
928 2553 962 2608 de
981 2553 1091 2610 Simon.
1110 2551 1298 2608 -Secunda
1312 2571 1332 2606 a
1351 2554 1413 2608 Pio
1431 2554 1488 2622 IV,

208 2623 299 2681 Bulla
318 2627 476 2682 Romanum
495 2629 676 2698 Pontificem,
698 2629 732 2685 16
750 2633 811 2688 Oet.
832 2634 918 2706 15643
937 2642 963 2690 et
980 2635 1008 2690 S.
1027 2632 1081 2689 Pio
1106 2631 1138 2700 V,
1158 2630 1247 2688 Burro
1266 2631 1488 2702 intolerabilis,

210 2705 223 2761 1
242 2705 315 2762 Juu.
329 2705 411 2764 1569.
427 2739 464 2750 -
482 2709 578 2766 Tertio
592 2711 630 2766 ab
653 2711 774 2769 Urbano
790 2713 845 2782 IV,
861 2713 988 2771 Ecetrae.
1002 2715 1089 2782 Saue,
1104 2713 1139 2770 de
1154 2711 1281 2783 Simoni

251 2853 329 2926 Quid
351 2855 392 2916 sit
411 2855 544 2917 simonia
564 2855 654 2918 realis
678 2865 708 2920 et
732 2859 967 2937 confidentialis3
991 2860 1104 2942 quibus
1123 2859 1221 2922 modis
1239 2865 1371 2938 utraque
1393 2858 1490 2938 possit

212 2943 365 3005 committi
374 2962 381 3018 ;
398 2945 596 3022 quandonam
614 2949 642 3006 et
656 2950 808 3026 quomodo
823 2948 893 3028 quis
911 2968 981 3012 rens
995 2949 1049 3012 fiat
1064 2949 1201 3012 simoniae
1212 2949 1252 3011 ab
1263 2948 1440 3028 ingressum
1454 2947 1489 3008 in

212 3030 414 3106 Religionem,
434 3031 633 3110 jamdictum
654 3042 699 3096 est
720 3036 754 3097 in
770 3039 783 3098 I
798 3037 870 3114 vot,
890 3056 921 3098 u.
941 3042 1001 3102 188
1016 3048 1042 3100 et
1060 3058 1121 3118 seq.
1137 3037 1219 3098 Nihil
1238 3036 1337 3116 igitur
1351 3041 1491 3098 remanet

214 3118 295 3199 qnod
311 3118 345 3178 In
364 3118 461 3182 tribus
476 3121 613 3184 censuris
629 3141 720 3204 supra
734 3125 879 3205 expositis
896 3125 1035 3207 indigeat
1046 3126 1260 3208 explicatione,
1277 3125 1304 3188 si
1318 3125 1394 3188 forte
1408 3141 1493 3204 ques-

215 3207 347 3269 stienem
360 3217 539 3290 sequentem
553 3212 684 3293 excipias
697 3234 704 3276 :

255 3303 345 3360 1007.
363 3335 403 3343 -
418 3302 518 3373 Quas.
542 3301 591 3361 Au
615 3305 733 3364 nornine
754 3305 964 3388 berzeficc'orum
984 3306 1110 3368 ueniant
1128 3303 1300 3381 Parorbioe,
1320 3320 1387 3381 quer
1402 3301 1495 3362 modo

215 3387 380 3447 revocarit·
390 3390 605 3468 conferuntur,
623 3395 727 3472 quoles
740 3393 842 3458 rrcuItoe
855 3395 1003 3456 exsistunt
1019 3397 1052 3457 iu
1065 3394 1188 3456 Gottta?

257 3476 347 3557 Hesp.
361 3495 373 3537 .·
386 3476 613 3541 Affirmandum
633 3481 765 3544 videtur.
780 3483 930 3558 Quamvis
944 3483 1030 3546 enim
1048 3483 1195 3546 beneficia
1214 3477 1369 3544 manualia
1386 3495 1447 3539 seu
1458 3479 1496 3540 ad

217 3571 333 3626 nutum
354 3566 550 3644 revocabilis,
568 3569 686 3632 ratione
703 3573 902 3650 possessionis
920 3571 1026 3636 minus
1049 3571 1187 3644 stabilis,
1207 3571 1404 3650 diquatenus
1424 3565 1494 3628 deti-

218 3652 300 3715 ciant
324 3673 342 3715 a
361 3655 578 3734 perpetuitate,
593 3677 662 3738 quan
682 3661 796 3723 eaeteris
811 3661 965 3724 benefieiis
984 3661 1154 3740 generatim
1168 3657 1329 3738 compertu
1342 3656 1376 3717 id
1392 3663 1494 3717 ‘tamen

218 3759 281 3804 non
295 3741 423 3822 impedit
437 3745 604 3823 quominus
619 3767 690 3810 vera
706 3749 769 3812 sint
782 3756 812 3812 et
827 3750 948 3830 proprie
962 3749 1042 3813 diota
1056 3748 1213 3812 beneficia.
1232 3751 1328 3820 Gerte,
1345 3751 1442 3824 prout
1454 3742 1493 3806 ait

218 3830 349 3912 Plrdiuq
364 3833 433 3912 (dus
443 3851 522 3912 eoru,
537 3833 558 3895 I.
572 3837 628 3910 III,
646 3839 693 3900 u'r.
711 3843 747 3912 V,
763 3860 793 3900 u.
814 3842 858 3921 3'),
873 3839 915 3901 ud
926 3841 1075 3902 rotronem
1086 3837 1223 3914 beneficii
1238 3855 1299 3896 arou
1314 3833 1493 3914 requiritur,

219 3927 253 3977 ut
269 3919 461 4000 beneficr'etus
474 3933 635 4004 perpetuo,
652 3927 794 4007 quamdiu
805 3929 893 4004 uiuit,
913 3927 1153 3990 irrevocabiliter
1163 3923 1363 3986 iiluddabere
1377 3921 1496 3994 debeot;
1581 4001 1582 4014 χ

219 4005 271 4064 sed
283 4009 401 4086 sufficit
416 4013 499 4092 quod
511 4014 606 4094 ipsum
620 4015 796 4096 beneficium
807 4038 843 4079 esc
856 4038 885 4079 se
899 4019 939 4078 sit
958 4020 1210 4099 imperpetuum,
1226 4024 1259 4076 ul
1276 4021 1400 4074 muneut
1413 4025 1496 4092 peaes
1581 4015 1582 4018 ’

222 4092 443 4175 berceficiotum,
460 4101 554 4162 donee
567 4104 594 4164 ci
606 4123 643 4164 ee
657 4104 791 4185 legitimo
807 4127 898 4168 causo
915 4107 1096 4187 auferatur;
1112 4115 1141 4165 et
1155 4117 1189 4166 ut
1201 4114 1298 4165 morte
1313 4097 1497 4182 temptaui,
1581 4139 1582 4172 r

221 4181 269 4244 vel
285 4184 434 4245 amotione
455 4189 549 4268 ipsius
572 4213 590 4250 o
615 4192 771 4274 beneficio,
797 4197 895 4277 ipsun
916 4196 1093 4276 beneficium
1120 4214 1178 4255 uon
1201 4192 1429 4273 exstinguatur,
1454 4182 1500 4246 sed
1579 4181 1582 4232 Ῐ

220 4281 306 4333 vocet
325 4292 507 4356 possessore,
535 4282 579 4340 ito
603 4289 636 4341 ut
658 4283 750 4343 alteri
773 4285 812 4344 sit
837 4285 1069 4366 conserendum,
1095 4283 1228 4364 adeoque
1252 4283 1285 4344 in
1304 4286 1499 4362 superpatre

223 4357 321 4422 duret.
341 4365 380 4424 nt
395 4363 467 4426 citat
482 4364 516 4427 in
529 4368 608 4430 banc
623 4371 809 4434 sententiam
823 4373 917 4450 Aaou,
933 4373 1109 4455 Lopmanu,
1131 4371 1269 4445 Garciar,
1288 4375 1345 4430 011³·
1366 4367 1424 4432 HIS
1435 4381 1501 4427 0⁰¹1*
1572 4426 1575 4443 .

223 4447 315 4506 sentit
332 4449 512 4530 Leureuius,
529 4455 602 4515 For.
621 4457 731 4538 denes,
751 4470 771 4523 t.
793 4463 820 4534 1,
839 4483 868 4542 q.
886 4464 920 4537 l,
938 4481 1032 4542 quem
1054 4460 1194 4542 sequitur
1215 4459 1333 4539 nonu,
1353 4457 1392 4520 ‘¹⁶
1406 4455 1501 4519 pm·
