<?xml version="1.0" encoding="UTF-8"?>
<!DOCTYPE html PUBLIC "-//W3C//DTD XHTML 1.0 Transitional//EN"
    "http://www.w3.org/TR/xhtml1/DTD/xhtml1-transitional.dtd">
<html xmlns="http://www.w3.org/1999/xhtml" xml:lang="en" lang="en">
 <head>
  <title>
</title>
<meta http-equiv="Content-Type" content="text/html;charset=utf-8" />
  <meta name='ocr-system' content='tesseract 3.04.00' />
  <meta name='ocr-capabilities' content='ocr_page ocr_carea ocr_par ocr_line ocrx_word'/>
</head>
<body>
  <div class='ocr_page' id='page_1' title='image "./compendiumtheol03gurygoog_0194.png"; bbox 0 0 3220 5042; ppageno 0'>
   <div class='ocr_carea' id='block_1_1' title="bbox 253 635 1285 1012">
    <p class='ocr_par' dir='ltr' id='par_1_1' title="bbox 253 635 1285 1012">
     <span class='ocr_line' id='line_1_1' title="bbox 616 635 923 719; baseline 0 -1"><span class='ocrx_word' id='word_1_1' title='bbox 616 635 923 719; x_wconf 76' lang='lat' dir='ltr'><strong>reserares</strong></span> 
     </span>
     <span class='ocr_line' id='line_1_2' title="bbox 253 859 1285 1012; baseline -0.002 -41"><span class='ocrx_word' id='word_1_2' title='bbox 253 860 341 971; x_wconf 88' lang='lat' dir='ltr'><strong>DE</strong></span> <span class='ocrx_word' id='word_1_3' title='bbox 380 859 817 972; x_wconf 81' lang='lat' dir='ltr'><strong>SACRAMENTO</strong></span> <span class='ocrx_word' id='word_1_4' title='bbox 856 859 1285 1012; x_wconf 85' lang='lat' dir='ltr'><strong>POENITENTIAE</strong></span> 
     </span>
    </p>
   </div>
   <div class='ocr_carea' id='block_1_2' title="bbox 124 1410 1405 3619">
    <p class='ocr_par' dir='ltr' id='par_1_2' title="bbox 132 1410 1402 1668">
     <span class='ocr_line' id='line_1_3' title="bbox 173 1410 1401 1494; baseline 0 -18"><span class='ocrx_word' id='word_1_5' title='bbox 173 1417 243 1476; x_wconf 82' lang='lat' dir='ltr'><strong>tlt.</strong></span> <span class='ocrx_word' id='word_1_6' title='bbox 257 1449 297 1460; x_wconf 89' lang='lat'><em>-</em></span> <span class='ocrx_word' id='word_1_7' title='bbox 310 1413 426 1489; x_wconf 86' lang='lat' dir='ltr'><strong>Quanti</strong></span> <span class='ocrx_word' id='word_1_8' title='bbox 437 1411 479 1475; x_wconf 90' lang='lat' dir='ltr'><strong>sit</strong></span> <span class='ocrx_word' id='word_1_9' title='bbox 492 1411 643 1475; x_wconf 89' lang='lat' dir='ltr'><strong>momenti</strong></span> <span class='ocrx_word' id='word_1_10' title='bbox 656 1411 706 1474; x_wconf 91' lang='lat' dir='ltr'><strong>hic</strong></span> <span class='ocrx_word' id='word_1_11' title='bbox 720 1415 879 1486; x_wconf 87' lang='lat' dir='ltr'><strong>tractatus,</strong></span> <span class='ocrx_word' id='word_1_12' title='bbox 893 1410 1038 1475; x_wconf 89' lang='lat' dir='ltr'><strong>omnibus</strong></span> <span class='ocrx_word' id='word_1_13' title='bbox 1053 1417 1245 1494; x_wconf 89' lang='lat' dir='ltr'><strong>perspectum</strong></span> <span class='ocrx_word' id='word_1_14' title='bbox 1258 1418 1315 1486; x_wconf 84' lang='lat' dir='ltr'><strong>est,</strong></span> <span class='ocrx_word' id='word_1_15' title='bbox 1330 1417 1401 1476; x_wconf 92' lang='lat' dir='ltr'><strong>tum</strong></span> 
     </span>
     <span class='ocr_line' id='line_1_4' title="bbox 132 1498 1402 1585; baseline -0.002 -19"><span class='ocrx_word' id='word_1_16' title='bbox 132 1501 207 1585; x_wconf 84' lang='lat' dir='ltr'><strong>quia</strong></span> <span class='ocrx_word' id='word_1_17' title='bbox 221 1500 337 1566; x_wconf 69' lang='lat' dir='ltr'><strong>ceteris</strong></span> <span class='ocrx_word' id='word_1_18' title='bbox 350 1499 505 1582; x_wconf 83' lang='lat' dir='ltr'><strong>theologiae</strong></span> <span class='ocrx_word' id='word_1_19' title='bbox 517 1500 641 1565; x_wconf 88' lang='lat' dir='ltr'><strong>momlis</strong></span> <span class='ocrx_word' id='word_1_20' title='bbox 650 1499 790 1581; x_wconf 87' lang='lat' dir='ltr'><strong>partibus</strong></span> <span class='ocrx_word' id='word_1_21' title='bbox 802 1498 980 1564; x_wconf 74' lang='lat' dir='ltr'>necessitate</span> <span class='ocrx_word' id='word_1_22' title='bbox 989 1506 1123 1580; x_wconf 75' lang='lat' dir='ltr'><strong>praestat,</strong></span> <span class='ocrx_word' id='word_1_23' title='bbox 1135 1507 1203 1564; x_wconf 90' lang='lat' dir='ltr'><strong>tum</strong></span> <span class='ocrx_word' id='word_1_24' title='bbox 1212 1499 1286 1583; x_wconf 83' lang='lat' dir='ltr'><strong>quis</strong></span> <span class='ocrx_word' id='word_1_25' title='bbox 1295 1518 1402 1564; x_wconf 87' lang='lat' dir='ltr'><strong>earum</strong></span> 
     </span>
     <span class='ocr_line' id='line_1_5' title="bbox 132 1587 822 1668; baseline -0.007 -13"><span class='ocrx_word' id='word_1_26' title='bbox 132 1587 326 1655; x_wconf 82' lang='lat' dir='ltr'><strong>difficultates</strong></span> <span class='ocrx_word' id='word_1_27' title='bbox 340 1589 491 1664; x_wconf 85' lang='lat' dir='ltr'><strong>continet,</strong></span> <span class='ocrx_word' id='word_1_28' title='bbox 506 1589 653 1663; x_wconf 89' lang='lat' dir='ltr'><strong>resumit,</strong></span> <span class='ocrx_word' id='word_1_29' title='bbox 669 1589 822 1668; x_wconf 80' lang='lat' dir='ltr'><strong>explanat.</strong></span> 
     </span>
    </p>

    <p class='ocr_par' dir='ltr' id='par_1_3' title="bbox 128 1676 1405 2182">
     <span class='ocr_line' id='line_1_6' title="bbox 172 1676 1403 1759; baseline -0.001 -16"><span class='ocrx_word' id='word_1_30' title='bbox 172 1678 383 1743; x_wconf 80' lang='lat' dir='ltr'><strong>Necessarium</strong></span> <span class='ocrx_word' id='word_1_31' title='bbox 409 1678 514 1759; x_wconf 89' lang='lat' dir='ltr'><strong>procul</strong></span> <span class='ocrx_word' id='word_1_32' title='bbox 539 1677 632 1740; x_wconf 90' lang='lat' dir='ltr'><strong>dubio</strong></span> <span class='ocrx_word' id='word_1_33' title='bbox 653 1685 700 1740; x_wconf 88' lang='lat' dir='ltr'><strong>est</strong></span> <span class='ocrx_word' id='word_1_34' title='bbox 722 1676 958 1756; x_wconf 78' lang='lat' dir='ltr'>regenerationis</span> <span class='ocrx_word' id='word_1_35' title='bbox 981 1679 1230 1752; x_wconf 86' lang='lat' dir='ltr'><strong>Sacramentum,</strong></span> <span class='ocrx_word' id='word_1_36' title='bbox 1254 1677 1403 1759; x_wconf 87' lang='lat' dir='ltr'><strong>sineque</strong></span> 
     </span>
     <span class='ocr_line' id='line_1_7' title="bbox 130 1762 1403 1846; baseline -0.001 -17"><span class='ocrx_word' id='word_1_37' title='bbox 130 1785 225 1830; x_wconf 90' lang='lat' dir='ltr'><strong>nemo</strong></span> <span class='ocrx_word' id='word_1_38' title='bbox 238 1770 337 1846; x_wconf 85' lang='lat' dir='ltr'><strong>potest</strong></span> <span class='ocrx_word' id='word_1_39' title='bbox 350 1765 384 1828; x_wconf 93' lang='lat' dir='ltr'><strong>in</strong></span> <span class='ocrx_word' id='word_1_40' title='bbox 395 1783 526 1845; x_wconf 88' lang='lat' dir='ltr'><strong>regnum</strong></span> <span class='ocrx_word' id='word_1_41' title='bbox 540 1764 685 1828; x_wconf 85' lang='lat' dir='ltr'><strong>coelorum</strong></span> <span class='ocrx_word' id='word_1_42' title='bbox 699 1762 840 1838; x_wconf 89' lang='lat' dir='ltr'><strong>introire;</strong></span> <span class='ocrx_word' id='word_1_43' title='bbox 856 1765 909 1826; x_wconf 93' lang='lat' dir='ltr'><strong>sed</strong></span> <span class='ocrx_word' id='word_1_44' title='bbox 922 1781 985 1826; x_wconf 91' lang='lat' dir='ltr'><strong>non</strong></span> <span class='ocrx_word' id='word_1_45' title='bbox 999 1764 1130 1827; x_wconf 89' lang='lat' dir='ltr'><strong>minoris</strong></span> <span class='ocrx_word' id='word_1_46' title='bbox 1147 1764 1403 1845; x_wconf 89' lang='lat' dir='ltr'><strong>necessitatis-pro</strong></span> 
     </span>
     <span class='ocr_line' id='line_1_8' title="bbox 131 1851 1405 1935; baseline 0 -19"><span class='ocrx_word' id='word_1_47' title='bbox 131 1852 248 1916; x_wconf 87' lang='lat' dir='ltr'><strong>adultis</strong></span> <span class='ocrx_word' id='word_1_48' title='bbox 263 1860 311 1916; x_wconf 89' lang='lat' dir='ltr'><strong>est</strong></span> <span class='ocrx_word' id='word_1_49' title='bbox 331 1855 577 1927; x_wconf 75' lang='lat' dir='ltr'><strong>Sacramentum,</strong></span> <span class='ocrx_word' id='word_1_50' title='bbox 598 1871 660 1935; x_wconf 89' lang='lat' dir='ltr'><strong>quo</strong></span> <span class='ocrx_word' id='word_1_51' title='bbox 676 1851 823 1914; x_wconf 86' lang='lat' dir='ltr'><strong>emissem</strong></span> <span class='ocrx_word' id='word_1_52' title='bbox 843 1869 896 1931; x_wconf 88' lang='lat' dir='ltr'><strong>per</strong></span> <span class='ocrx_word' id='word_1_53' title='bbox 918 1857 1076 1932; x_wconf 86' lang='lat' dir='ltr'><strong>peccatum</strong></span> <span class='ocrx_word' id='word_1_54' title='bbox 1092 1851 1192 1915; x_wconf 81' lang='lat' dir='ltr'><strong>vitam</strong></span> <span class='ocrx_word' id='word_1_55' title='bbox 1213 1852 1405 1932; x_wconf 89' lang='lat' dir='ltr'><strong>spiritualem</strong></span> 
     </span>
     <span class='ocr_line' id='line_1_9' title="bbox 130 1937 1404 2022; baseline -0.001 -18"><span class='ocrx_word' id='word_1_56' title='bbox 130 1959 358 2022; x_wconf 80' lang='lat' dir='ltr'><strong>recuperamus.</strong></span> <span class='ocrx_word' id='word_1_57' title='bbox 375 1944 441 2005; x_wconf 91' lang='lat' dir='ltr'><strong>lmo</strong></span> <span class='ocrx_word' id='word_1_58' title='bbox 456 1941 632 2022; x_wconf 76' lang='lat' dir='ltr'><strong>Baptismus</strong></span> <span class='ocrx_word' id='word_1_59' title='bbox 651 1941 744 2003; x_wconf 90' lang='lat' dir='ltr'><strong>semel</strong></span> <span class='ocrx_word' id='word_1_60' title='bbox 755 1940 788 2002; x_wconf 92' lang='lat' dir='ltr'><strong>in</strong></span> <span class='ocrx_word' id='word_1_61' title='bbox 801 1937 866 2002; x_wconf 84' lang='lat' dir='ltr'><strong>vita</strong></span> <span class='ocrx_word' id='word_1_62' title='bbox 878 1943 1003 2002; x_wconf 89' lang='lat' dir='ltr'><strong>tantum</strong></span> <span class='ocrx_word' id='word_1_63' title='bbox 1015 1939 1197 2021; x_wconf 81' lang='lat' dir='ltr'><strong>requiritur,</strong></span> <span class='ocrx_word' id='word_1_64' title='bbox 1211 1941 1287 2003; x_wconf 94' lang='lat' dir='ltr'><strong>dum</strong></span> <span class='ocrx_word' id='word_1_65' title='bbox 1304 1941 1404 2004; x_wconf 84' lang='lat' dir='ltr'><strong>Poeni-</strong></span> 
     </span>
     <span class='ocr_line' id='line_1_10' title="bbox 128 2024 1402 2111; baseline -0.001 -17"><span class='ocrx_word' id='word_1_66' title='bbox 128 2030 231 2094; x_wconf 90' lang='lat' dir='ltr'><strong>tentia</strong></span> <span class='ocrx_word' id='word_1_67' title='bbox 248 2031 354 2106; x_wconf 87' lang='lat' dir='ltr'><strong>toties,</strong></span> <span class='ocrx_word' id='word_1_68' title='bbox 371 2029 491 2111; x_wconf 89' lang='lat' dir='ltr'><strong>quoties</strong></span> <span class='ocrx_word' id='word_1_69' title='bbox 504 2029 597 2093; x_wconf 89' lang='lat' dir='ltr'><strong>homo</strong></span> <span class='ocrx_word' id='word_1_70' title='bbox 610 2028 804 2094; x_wconf 75' lang='lat' dir='ltr'><strong>christianus</strong></span> <span class='ocrx_word' id='word_1_71' title='bbox 824 2024 858 2090; x_wconf 87' lang='lat' dir='ltr'><strong>iri</strong></span> <span class='ocrx_word' id='word_1_72' title='bbox 876 2029 987 2092; x_wconf 86' lang='lat' dir='ltr'><strong>lethale</strong></span> <span class='ocrx_word' id='word_1_73' title='bbox 1000 2035 1158 2110; x_wconf 89' lang='lat' dir='ltr'><strong>peccatum</strong></span> <span class='ocrx_word' id='word_1_74' title='bbox 1176 2029 1281 2109; x_wconf 89' lang='lat' dir='ltr'><strong>lapsus</strong></span> <span class='ocrx_word' id='word_1_75' title='bbox 1294 2028 1402 2107; x_wconf 78' lang='lat' dir='ltr'><strong>bresit,</strong></span> 
     </span>
     <span class='ocr_line' id='line_1_11' title="bbox 129 2118 370 2182; baseline -0.004 -1"><span class='ocrx_word' id='word_1_76' title='bbox 129 2118 301 2182; x_wconf 86' lang='lat' dir='ltr'><strong>necessaria</strong></span> <span class='ocrx_word' id='word_1_77' title='bbox 313 2125 370 2182; x_wconf 91' lang='lat' dir='ltr'><strong>est.</strong></span> 
     </span>
    </p>

    <p class='ocr_par' dir='ltr' id='par_1_4' title="bbox 127 2205 1405 3353">
     <span class='ocr_line' id='line_1_12' title="bbox 171 2205 1404 2308; baseline -0.001 -37"><span class='ocrx_word' id='word_1_78' title='bbox 171 2205 250 2271; x_wconf 86' lang='lat' dir='ltr'><strong>Hinc</strong></span> <span class='ocrx_word' id='word_1_79' title='bbox 261 2207 372 2270; x_wconf 90' lang='lat' dir='ltr'><strong>merito</strong></span> <span class='ocrx_word' id='word_1_80' title='bbox 383 2226 402 2270; x_wconf 90' lang='lat' dir='ltr'><strong>a</strong></span> <span class='ocrx_word' id='word_1_81' title='bbox 415 2209 466 2271; x_wconf 83' lang='lat' dir='ltr'><strong>SS.</strong></span> <span class='ocrx_word' id='word_1_82' title='bbox 483 2206 626 2270; x_wconf 85' lang='lat' dir='ltr'><strong>Patribus</strong></span> <span class='ocrx_word' id='word_1_83' title='bbox 644 2212 676 2270; x_wconf 91' lang='lat' dir='ltr'><strong>et</strong></span> <span class='ocrx_word' id='word_1_84' title='bbox 692 2206 834 2270; x_wconf 82' lang='lat' dir='ltr'><strong>Consiliis</strong></span> <span class='ocrx_word' id='word_1_85' title='bbox 851 2207 1036 2308; x_wconf 48' lang='lat' dir='ltr'><strong>lzoeuitsntia</strong></span> <span class='ocrx_word' id='word_1_86' title='bbox 1059 2206 1205 2268; x_wconf 83' lang='lat' dir='ltr'><strong>secundus</strong></span> <span class='ocrx_word' id='word_1_87' title='bbox 1230 2205 1404 2289; x_wconf 74' lang='lat' dir='ltr'><strong>Baptismus</strong></span> 
     </span>
     <span class='ocr_line' id='line_1_13' title="bbox 130 2293 1403 2378; baseline -0.001 -19"><span class='ocrx_word' id='word_1_88' title='bbox 130 2296 179 2359; x_wconf 85' lang='lat' dir='ltr'><strong>vel</strong></span> <span class='ocrx_word' id='word_1_89' title='bbox 192 2295 322 2358; x_wconf 81' lang='lat' dir='ltr'><strong>secunda</strong></span> <span class='ocrx_word' id='word_1_90' title='bbox 334 2305 406 2378; x_wconf 80' lang='lat' dir='ltr'><strong>post</strong></span> <span class='ocrx_word' id='word_1_91' title='bbox 421 2295 619 2376; x_wconf 72' lang='lat' dir='ltr'><strong>naufragium</strong></span> <span class='ocrx_word' id='word_1_92' title='bbox 638 2293 738 2358; x_wconf 82' lang='lat' dir='ltr'><strong>tabule</strong></span> <span class='ocrx_word' id='word_1_93' title='bbox 759 2301 967 2375; x_wconf 86' lang='lat' dir='ltr'><strong>nuncupatur.</strong></span> <span class='ocrx_word' id='word_1_94' title='bbox 984 2298 1023 2356; x_wconf 87' lang='lat' dir='ltr'><strong>Et</strong></span> <span class='ocrx_word' id='word_1_95' title='bbox 1043 2313 1116 2358; x_wconf 85' lang='lat' dir='ltr'><strong>sane</strong></span> <span class='ocrx_word' id='word_1_96' title='bbox 1134 2294 1403 2378; x_wconf 90' lang='lat' dir='ltr'><strong>quidhominibus</strong></span> 
     </span>
     <span class='ocr_line' id='line_1_14' title="bbox 127 2382 1404 2466; baseline -0.001 -19"><span class='ocrx_word' id='word_1_97' title='bbox 127 2384 283 2466; x_wconf 89' lang='lat' dir='ltr'><strong>plerisque</strong></span> <span class='ocrx_word' id='word_1_98' title='bbox 294 2383 457 2466; x_wconf 81' lang='lat' dir='ltr'><strong>profuisset</strong></span> <span class='ocrx_word' id='word_1_99' title='bbox 471 2383 662 2448; x_wconf 90' lang='lat' dir='ltr'><strong>immensum</strong></span> <span class='ocrx_word' id='word_1_100' title='bbox 675 2383 912 2464; x_wconf 77' lang='lat' dir='ltr'><strong>regenerationis</strong></span> <span class='ocrx_word' id='word_1_101' title='bbox 925 2382 1117 2459; x_wconf 86' lang='lat' dir='ltr'><strong>beneficium,</strong></span> <span class='ocrx_word' id='word_1_102' title='bbox 1131 2382 1159 2446; x_wconf 92' lang='lat' dir='ltr'><strong>si</strong></span> <span class='ocrx_word' id='word_1_103' title='bbox 1171 2390 1256 2447; x_wconf 84' lang='lat' dir='ltr'><strong>veste</strong></span> <span class='ocrx_word' id='word_1_104' title='bbox 1271 2383 1404 2464; x_wconf 86' lang='lat' dir='ltr'><strong>nuptiali</strong></span> 
     </span>
     <span class='ocr_line' id='line_1_15' title="bbox 130 2471 1402 2555; baseline -0.001 -20"><span class='ocrx_word' id='word_1_105' title='bbox 130 2473 296 2554; x_wconf 78' lang='lat' dir='ltr'><strong>spessime</strong></span> <span class='ocrx_word' id='word_1_106' title='bbox 308 2471 422 2555; x_wconf 90' lang='lat' dir='ltr'><strong>peccati</strong></span> <span class='ocrx_word' id='word_1_107' title='bbox 437 2471 502 2536; x_wconf 80' lang='lat' dir='ltr'><strong>ler&#39;a</strong></span> <span class='ocrx_word' id='word_1_108' title='bbox 520 2473 683 2537; x_wconf 89' lang='lat' dir='ltr'><strong>denudatis</strong></span> <span class='ocrx_word' id='word_1_109' title='bbox 701 2471 866 2535; x_wconf 87' lang='lat' dir='ltr'><strong>secundam</strong></span> <span class='ocrx_word' id='word_1_110' title='bbox 879 2477 933 2534; x_wconf 87' lang='lat' dir='ltr'><strong>aut</strong></span> <span class='ocrx_word' id='word_1_111' title='bbox 950 2472 1045 2535; x_wconf 89' lang='lat' dir='ltr'><strong>etiam</strong></span> <span class='ocrx_word' id='word_1_112' title='bbox 1063 2471 1268 2552; x_wconf 81' lang='lat' dir='ltr'><strong>multiplicem</strong></span> <span class='ocrx_word' id='word_1_113' title='bbox 1285 2473 1402 2536; x_wconf 87' lang='lat' dir='ltr'><strong>redem-</strong></span> 
     </span>
     <span class='ocr_line' id='line_1_16' title="bbox 128 2560 1403 2643; baseline 0.002 -20"><span class='ocrx_word' id='word_1_114' title='bbox 128 2561 266 2643; x_wconf 88' lang='lat' dir='ltr'><strong>ptionem</strong></span> <span class='ocrx_word' id='word_1_115' title='bbox 277 2580 339 2626; x_wconf 91' lang='lat' dir='ltr'><strong>non</strong></span> <span class='ocrx_word' id='word_1_116' title='bbox 354 2561 578 2643; x_wconf 85' lang='lat' dir='ltr'><strong>suppeditasset</strong></span> <span class='ocrx_word' id='word_1_117' title='bbox 593 2563 753 2624; x_wconf 81' lang='lat' dir='ltr'><strong>miserator</strong></span> <span class='ocrx_word' id='word_1_118' title='bbox 765 2570 794 2622; x_wconf 88' lang='lat' dir='ltr'><strong>ct</strong></span> <span class='ocrx_word' id='word_1_119' title='bbox 810 2561 981 2624; x_wconf 78' lang='lat' dir='ltr'><strong>misericors</strong></span> <span class='ocrx_word' id='word_1_120' title='bbox 996 2560 1165 2624; x_wconf 79' lang='lat' dir='ltr'><strong>llomirm?</strong></span> <span class='ocrx_word' id='word_1_121' title='bbox 1176 2561 1267 2625; x_wconf 83' lang='lat' dir='ltr'><strong>Morti</strong></span> <span class='ocrx_word' id='word_1_122' title='bbox 1281 2568 1403 2626; x_wconf 77' lang='lat' dir='ltr'><strong>aterne</strong></span> 
     </span>
     <span class='ocr_line' id='line_1_17' title="bbox 129 2649 1403 2734; baseline 0.002 -22"><span class='ocrx_word' id='word_1_123' title='bbox 129 2651 188 2713; x_wconf 85' lang='lat' dir='ltr'><strong>sub</strong></span> <span class='ocrx_word' id='word_1_124' title='bbox 200 2649 348 2714; x_wconf 87' lang='lat' dir='ltr'><strong>diabolica</strong></span> <span class='ocrx_word' id='word_1_125' title='bbox 362 2649 526 2734; x_wconf 72' lang='lat' dir='ltr'><strong>tyrannide</strong></span> <span class='ocrx_word' id='word_1_126' title='bbox 535 2669 609 2714; x_wconf 89' lang='lat' dir='ltr'><strong>sane</strong></span> <span class='ocrx_word' id='word_1_127' title='bbox 617 2650 730 2714; x_wconf 88' lang='lat' dir='ltr'><strong>addicti</strong></span> <span class='ocrx_word' id='word_1_128' title='bbox 741 2649 881 2713; x_wconf 87' lang='lat' dir='ltr'><strong>luissent.</strong></span> <span class='ocrx_word' id='word_1_129' title='bbox 892 2651 934 2712; x_wconf 82' lang='lat' dir='ltr'><strong>At</strong></span> <span class='ocrx_word' id='word_1_130' title='bbox 942 2650 1204 2714; x_wconf 88' lang='lat' dir='ltr'><strong>clementissimus</strong></span> <span class='ocrx_word' id='word_1_131' title='bbox 1218 2653 1308 2726; x_wconf 87' lang='lat' dir='ltr'><strong>Deus,</strong></span> <span class='ocrx_word' id='word_1_132' title='bbox 1320 2653 1403 2731; x_wconf 89' lang='lat' dir='ltr'><strong>apud</strong></span> 
     </span>
     <span class='ocr_line' id='line_1_18' title="bbox 131 2739 1405 2822; baseline -0.002 -20"><span class='ocrx_word' id='word_1_133' title='bbox 131 2757 223 2820; x_wconf 81' lang='lat' dir='ltr'><strong>quem</strong></span> <span class='ocrx_word' id='word_1_134' title='bbox 236 2749 277 2802; x_wconf 87' lang='lat' dir='ltr'><strong>est</strong></span> <span class='ocrx_word' id='word_1_135' title='bbox 291 2739 498 2802; x_wconf 70' lang='lat' dir='ltr'><strong>misericordie</strong></span> <span class='ocrx_word' id='word_1_136' title='bbox 512 2740 675 2822; x_wconf 83' lang='lat' dir='ltr'><strong>etcopiose</strong></span> <span class='ocrx_word' id='word_1_137' title='bbox 688 2739 866 2820; x_wconf 85' lang='lat' dir='ltr'><strong>redemptio,</strong></span> <span class='ocrx_word' id='word_1_138' title='bbox 881 2739 1026 2821; x_wconf 82' lang='lat' dir='ltr'><strong>cujusque</strong></span> <span class='ocrx_word' id='word_1_139' title='bbox 1040 2739 1184 2801; x_wconf 81' lang='lat' dir='ltr'><strong>domitatis</strong></span> <span class='ocrx_word' id='word_1_140' title='bbox 1205 2739 1342 2821; x_wconf 80' lang='lat' dir='ltr'><strong>infinitus</strong></span> <span class='ocrx_word' id='word_1_141' title='bbox 1360 2748 1405 2800; x_wconf 87' lang='lat' dir='ltr'><strong>est</strong></span> 
     </span>
     <span class='ocr_line' id='line_1_19' title="bbox 131 2825 1402 2908; baseline 0.002 -20"><span class='ocrx_word' id='word_1_142' title='bbox 131 2828 284 2890; x_wconf 82' lang='lat' dir='ltr'><strong>ttemurm</strong></span> <span class='ocrx_word' id='word_1_143' title='bbox 292 2828 543 2891; x_wconf 70' lang='lat' dir='ltr'><strong>cimmericmdice</strong></span> <span class='ocrx_word' id='word_1_144' title='bbox 552 2847 614 2889; x_wconf 81' lang='lat' dir='ltr'><strong>ror</strong></span> <span class='ocrx_word' id='word_1_145' title='bbox 622 2837 664 2889; x_wconf 84' lang='lat' dir='ltr'><strong>est</strong></span> <span class='ocrx_word' id='word_1_146' title='bbox 675 2847 824 2900; x_wconf 82' lang='lat' dir='ltr'><strong>numerus,</strong></span> <span class='ocrx_word' id='word_1_147' title='bbox 834 2827 1018 2890; x_wconf 84' lang='lat' dir='ltr'><strong>miserrimis</strong></span> <span class='ocrx_word' id='word_1_148' title='bbox 1031 2825 1286 2908; x_wconf 77' lang='lat' dir='ltr'><strong>naufragantibus</strong></span> <span class='ocrx_word' id='word_1_149' title='bbox 1294 2829 1402 2906; x_wconf 85' lang='lat' dir='ltr'><strong>jugem</strong></span> 
     </span>
     <span class='ocr_line' id='line_1_20' title="bbox 129 2914 1399 2998; baseline 0 -20"><span class='ocrx_word' id='word_1_150' title='bbox 129 2933 258 2980; x_wconf 86' lang='lat' dir='ltr'><strong>manum</strong></span> <span class='ocrx_word' id='word_1_151' title='bbox 268 2917 405 2998; x_wconf 84' lang='lat' dir='ltr'><strong>porrigit,</strong></span> <span class='ocrx_word' id='word_1_152' title='bbox 418 2923 450 2980; x_wconf 90' lang='lat' dir='ltr'><strong>et</strong></span> <span class='ocrx_word' id='word_1_153' title='bbox 464 2916 629 2980; x_wconf 90' lang='lat' dir='ltr'><strong>secundam</strong></span> <span class='ocrx_word' id='word_1_154' title='bbox 639 2916 719 2980; x_wconf 88' lang='lat' dir='ltr'><strong>hanc</strong></span> <span class='ocrx_word' id='word_1_155' title='bbox 732 2915 821 2980; x_wconf 91' lang='lat' dir='ltr'><strong>nobis</strong></span> <span class='ocrx_word' id='word_1_156' title='bbox 834 2915 958 2979; x_wconf 88' lang='lat' dir='ltr'><strong>exhibet</strong></span> <span class='ocrx_word' id='word_1_157' title='bbox 971 2916 1119 2991; x_wconf 86' lang='lat' dir='ltr'><strong>tabulam,</strong></span> <span class='ocrx_word' id='word_1_158' title='bbox 1130 2933 1191 2998; x_wconf 81' lang='lat' dir='ltr'><strong>qua</strong></span> <span class='ocrx_word' id='word_1_159' title='bbox 1202 2914 1399 2996; x_wconf 83' lang='lat' dir='ltr'><strong>apprehensa,</strong></span> 
     </span>
     <span class='ocr_line' id='line_1_21' title="bbox 127 3001 1399 3087; baseline 0 -21"><span class='ocrx_word' id='word_1_160' title='bbox 127 3003 243 3069; x_wconf 84' lang='lat' dir='ltr'><strong>iterum</strong></span> <span class='ocrx_word' id='word_1_161' title='bbox 259 3011 351 3087; x_wconf 86' lang='lat' dir='ltr'><strong>atque</strong></span> <span class='ocrx_word' id='word_1_162' title='bbox 365 3005 481 3068; x_wconf 87' lang='lat' dir='ltr'><strong>iterum</strong></span> <span class='ocrx_word' id='word_1_163' title='bbox 498 3009 529 3068; x_wconf 90' lang='lat' dir='ltr'><strong>et</strong></span> <span class='ocrx_word' id='word_1_164' title='bbox 541 3005 657 3086; x_wconf 87' lang='lat' dir='ltr'><strong>absque</strong></span> <span class='ocrx_word' id='word_1_165' title='bbox 676 3005 739 3068; x_wconf 91' lang='lat' dir='ltr'><strong>ullo</strong></span> <span class='ocrx_word' id='word_1_166' title='bbox 758 3003 881 3067; x_wconf 88' lang='lat' dir='ltr'><strong>nurneri</strong></span> <span class='ocrx_word' id='word_1_167' title='bbox 900 3003 1001 3068; x_wconf 87' lang='lat' dir='ltr'><strong>limite</strong></span> <span class='ocrx_word' id='word_1_168' title='bbox 1020 3023 1037 3067; x_wconf 91' lang='lat' dir='ltr'><strong>e</strong></span> <span class='ocrx_word' id='word_1_169' title='bbox 1057 3001 1216 3084; x_wconf 81' lang='lat' dir='ltr'><strong>naufragio</strong></span> <span class='ocrx_word' id='word_1_170' title='bbox 1232 3003 1399 3066; x_wconf 85' lang='lat' dir='ltr'><strong>salvemur.</strong></span> 
     </span>
     <span class='ocr_line' id='line_1_22' title="bbox 127 3091 1401 3175; baseline -0.001 -20"><span class='ocrx_word' id='word_1_171' title='bbox 127 3093 345 3156; x_wconf 73' lang='lat' dir='ltr'><strong>Misericordiae</strong></span> <span class='ocrx_word' id='word_1_172' title='bbox 365 3092 463 3174; x_wconf 88' lang='lat' dir='ltr'><strong>igitur</strong></span> <span class='ocrx_word' id='word_1_173' title='bbox 484 3092 610 3155; x_wconf 81' lang='lat' dir='ltr'><strong>Domini</strong></span> <span class='ocrx_word' id='word_1_174' title='bbox 632 3092 705 3175; x_wconf 83' lang='lat' dir='ltr'><strong>quic</strong></span> <span class='ocrx_word' id='word_1_175' title='bbox 725 3113 784 3154; x_wconf 82' lang='lat' dir='ltr'><strong>mon</strong></span> <span class='ocrx_word' id='word_1_176' title='bbox 803 3112 903 3154; x_wconf 81' lang='lat' dir='ltr'><strong>summ</strong></span> <span class='ocrx_word' id='word_1_177' title='bbox 920 3093 1101 3174; x_wconf 81' lang='lat' dir='ltr'><strong>consumpti,</strong></span> <span class='ocrx_word' id='word_1_178' title='bbox 1122 3100 1154 3156; x_wconf 90' lang='lat' dir='ltr'><strong>et</strong></span> <span class='ocrx_word' id='word_1_179' title='bbox 1174 3091 1296 3155; x_wconf 84' lang='lat' dir='ltr'><strong>beatam</strong></span> <span class='ocrx_word' id='word_1_180' title='bbox 1315 3107 1401 3172; x_wconf 86' lang='lat' dir='ltr'><strong>spem</strong></span> 
     </span>
     <span class='ocr_line' id='line_1_23' title="bbox 128 3177 1402 3265; baseline -0.002 -19"><span class='ocrx_word' id='word_1_181' title='bbox 128 3199 247 3265; x_wconf 78' lang='lat' dir='ltr'><strong>semper</strong></span> <span class='ocrx_word' id='word_1_182' title='bbox 259 3188 433 3264; x_wconf 83' lang='lat' dir='ltr'><strong>exspectare</strong></span> <span class='ocrx_word' id='word_1_183' title='bbox 446 3183 594 3246; x_wconf 86' lang='lat' dir='ltr'><strong>valemus.</strong></span> <span class='ocrx_word' id='word_1_184' title='bbox 611 3183 701 3245; x_wconf 84' lang='lat' dir='ltr'><strong>Sedes</strong></span> <span class='ocrx_word' id='word_1_185' title='bbox 711 3201 782 3263; x_wconf 90' lang='lat' dir='ltr'><strong>ergo</strong></span> <span class='ocrx_word' id='word_1_186' title='bbox 795 3181 1015 3264; x_wconf 72' lang='lat' dir='ltr'><strong>penitentialis</strong></span> <span class='ocrx_word' id='word_1_187' title='bbox 1027 3199 1098 3244; x_wconf 88' lang='lat' dir='ltr'><strong>vere</strong></span> <span class='ocrx_word' id='word_1_188' title='bbox 1111 3181 1241 3244; x_wconf 80' lang='lat' dir='ltr'><strong>thronus</strong></span> <span class='ocrx_word' id='word_1_189' title='bbox 1255 3177 1359 3260; x_wconf 85' lang='lat' dir='ltr'><strong>gratiae</strong></span> <span class='ocrx_word' id='word_1_190' title='bbox 1371 3187 1402 3243; x_wconf 90' lang='lat' dir='ltr'><strong>et</strong></span> 
     </span>
     <span class='ocr_line' id='line_1_24' title="bbox 127 3269 756 3353; baseline 0 -20"><span class='ocrx_word' id='word_1_191' title='bbox 127 3270 267 3335; x_wconf 89' lang='lat' dir='ltr'><strong>tribunal</strong></span> <span class='ocrx_word' id='word_1_192' title='bbox 280 3269 496 3334; x_wconf 75' lang='lat' dir='ltr'><strong>misericordie</strong></span> <span class='ocrx_word' id='word_1_193' title='bbox 507 3271 685 3353; x_wconf 88' lang='lat' dir='ltr'><strong>appellanda</strong></span> <span class='ocrx_word' id='word_1_194' title='bbox 698 3277 756 3333; x_wconf 90' lang='lat' dir='ltr'><strong>est.</strong></span> 
     </span>
    </p>

    <p class='ocr_par' dir='ltr' id='par_1_5' title="bbox 124 3356 1402 3619">
     <span class='ocr_line' id='line_1_25' title="bbox 166 3356 1402 3441; baseline -0.003 -18"><span class='ocrx_word' id='word_1_195' title='bbox 166 3361 203 3423; x_wconf 92' lang='lat' dir='ltr'><strong>ln</strong></span> <span class='ocrx_word' id='word_1_196' title='bbox 222 3361 279 3424; x_wconf 89' lang='lat' dir='ltr'><strong>hoc</strong></span> <span class='ocrx_word' id='word_1_197' title='bbox 301 3359 437 3424; x_wconf 87' lang='lat' dir='ltr'><strong>maxime</strong></span> <span class='ocrx_word' id='word_1_198' title='bbox 459 3365 592 3423; x_wconf 83' lang='lat' dir='ltr'><strong>tractatu</strong></span> <span class='ocrx_word' id='word_1_199' title='bbox 609 3359 755 3441; x_wconf 70' lang='lat' dir='ltr'><strong>quadam</strong></span> <span class='ocrx_word' id='word_1_200' title='bbox 777 3365 902 3438; x_wconf 87' lang='lat' dir='ltr'><strong>apparet</strong></span> <span class='ocrx_word' id='word_1_201' title='bbox 923 3359 1086 3424; x_wconf 85' lang='lat' dir='ltr'><strong>diversitas</strong></span> <span class='ocrx_word' id='word_1_202' title='bbox 1112 3357 1296 3441; x_wconf 89' lang='lat' dir='ltr'><strong>opinionum</strong></span> <span class='ocrx_word' id='word_1_203' title='bbox 1319 3356 1402 3420; x_wconf 90' lang='lat' dir='ltr'><strong>inter</strong></span> 
     </span>
     <span class='ocr_line' id='line_1_26' title="bbox 127 3445 1402 3530; baseline -0.004 -18"><span class='ocrx_word' id='word_1_204' title='bbox 127 3448 290 3530; x_wconf 85' lang='lat' dir='ltr'><strong>theologos.</strong></span> <span class='ocrx_word' id='word_1_205' title='bbox 309 3450 380 3512; x_wconf 90' lang='lat' dir='ltr'><strong>Plus</strong></span> <span class='ocrx_word' id='word_1_206' title='bbox 393 3447 478 3512; x_wconf 91' lang='lat' dir='ltr'><strong>enim</strong></span> <span class='ocrx_word' id='word_1_207' title='bbox 494 3447 570 3512; x_wconf 83' lang='lat' dir='ltr'><strong>loris</strong></span> <span class='ocrx_word' id='word_1_208' title='bbox 583 3465 672 3530; x_wconf 72' lang='lat' dir='ltr'><strong>aequo</strong></span> <span class='ocrx_word' id='word_1_209' title='bbox 685 3447 738 3511; x_wconf 89' lang='lat' dir='ltr'><strong>alii</strong></span> <span class='ocrx_word' id='word_1_210' title='bbox 755 3446 951 3528; x_wconf 83' lang='lat' dir='ltr'><strong>irrigarem,</strong></span> <span class='ocrx_word' id='word_1_211' title='bbox 970 3447 1023 3510; x_wconf 85' lang='lat' dir='ltr'><strong>alii</strong></span> <span class='ocrx_word' id='word_1_212' title='bbox 1042 3465 1114 3512; x_wconf 82' lang='lat' dir='ltr'><strong>vero</strong></span> <span class='ocrx_word' id='word_1_213' title='bbox 1127 3447 1161 3510; x_wconf 89' lang='lat' dir='ltr'><strong>in</strong></span> <span class='ocrx_word' id='word_1_214' title='bbox 1180 3445 1402 3526; x_wconf 77' lang='lat' dir='ltr'><strong>benignitatem</strong></span> 
     </span>
     <span class='ocr_line' id='line_1_27' title="bbox 124 3529 1401 3619; baseline -0.005 -17"><span class='ocrx_word' id='word_1_215' title='bbox 124 3529 321 3619; x_wconf 84' lang='lat' dir='ltr'><strong>propendisse</strong></span> <span class='ocrx_word' id='word_1_216' title='bbox 334 3537 489 3601; x_wconf 82' lang='lat' dir='ltr'><strong>videntur.</strong></span> <span class='ocrx_word' id='word_1_217' title='bbox 505 3541 565 3602; x_wconf 86' lang='lat' dir='ltr'><strong>Nos</strong></span> <span class='ocrx_word' id='word_1_218' title='bbox 584 3553 669 3613; x_wconf 85' lang='lat' dir='ltr'><strong>vero,</strong></span> <span class='ocrx_word' id='word_1_219' title='bbox 685 3535 814 3616; x_wconf 81' lang='lat' dir='ltr'><strong>vestigia</strong></span> <span class='ocrx_word' id='word_1_220' title='bbox 836 3535 924 3598; x_wconf 86' lang='lat' dir='ltr'><strong>Ducis</strong></span> <span class='ocrx_word' id='word_1_221' title='bbox 941 3553 975 3598; x_wconf 87' lang='lat' dir='ltr'><strong>sc</strong></span> <span class='ocrx_word' id='word_1_222' title='bbox 993 3534 1130 3618; x_wconf 84' lang='lat' dir='ltr'><strong>Magistri</strong></span> <span class='ocrx_word' id='word_1_223' title='bbox 1143 3535 1182 3599; x_wconf 88' lang='lat' dir='ltr'><strong>S.</strong></span> <span class='ocrx_word' id='word_1_224' title='bbox 1200 3533 1353 3616; x_wconf 71' lang='lat' dir='ltr'><strong>diplomi</strong></span> <span class='ocrx_word' id='word_1_225' title='bbox 1366 3532 1401 3596; x_wconf 85' lang='lat' dir='ltr'><strong>cte</strong></span> 
     </span>
    </p>
   </div>
   <div class='ocr_carea' id='block_1_3' title="bbox 13 3620 1400 3710">
    <p class='ocr_par' dir='ltr' id='par_1_6' title="bbox 13 3620 1400 3710">
     <span class='ocr_line' id='line_1_28' title="bbox 13 3620 1400 3710; baseline 0 -24"><span class='ocrx_word' id='word_1_226' title='bbox 13 3703 14 3708; x_wconf 5' lang='grc' dir='ltr'>ἵ</span> <span class='ocrx_word' id='word_1_227' title='bbox 127 3625 255 3710; x_wconf 75' lang='lat' dir='ltr'><strong>tigerio</strong></span> <span class='ocrx_word' id='word_1_228' title='bbox 268 3626 399 3690; x_wconf 83' lang='lat' dir='ltr'><strong>fideliter</strong></span> <span class='ocrx_word' id='word_1_229' title='bbox 411 3627 450 3690; x_wconf 90' lang='lat' dir='ltr'><strong>de</strong></span> <span class='ocrx_word' id='word_1_230' title='bbox 462 3643 546 3690; x_wconf 92' lang='lat' dir='ltr'><strong>more</strong></span> <span class='ocrx_word' id='word_1_231' title='bbox 558 3629 745 3707; x_wconf 86' lang='lat' dir='ltr'><strong>prementes,</strong></span> <span class='ocrx_word' id='word_1_232' title='bbox 766 3623 867 3687; x_wconf 90' lang='lat' dir='ltr'><strong>media</strong></span> <span class='ocrx_word' id='word_1_233' title='bbox 888 3623 938 3687; x_wconf 83' lang='lat' dir='ltr'><strong>ria</strong></span> <span class='ocrx_word' id='word_1_234' title='bbox 957 3623 1112 3695; x_wconf 87' lang='lat' dir='ltr'><strong>incedere,</strong></span> <span class='ocrx_word' id='word_1_235' title='bbox 1129 3641 1192 3687; x_wconf 91' lang='lat' dir='ltr'><strong>non</strong></span> <span class='ocrx_word' id='word_1_236' title='bbox 1215 3620 1400 3686; x_wconf 84' lang='lat' dir='ltr'><strong>declinantes</strong></span> 
     </span>
    </p>
   </div>
   <div class='ocr_carea' id='block_1_4' title="bbox 13 3710 1399 4312">
    <p class='ocr_par' dir='ltr' id='par_1_7' title="bbox 13 3710 1399 4312">
     <span class='ocr_line' id='line_1_29' title="bbox 125 3710 1399 3798; baseline -0.005 -19"><span class='ocrx_word' id='word_1_237' title='bbox 125 3731 225 3796; x_wconf 88' lang='lat' dir='ltr'><strong>usque</strong></span> <span class='ocrx_word' id='word_1_238' title='bbox 244 3716 284 3778; x_wconf 91' lang='lat' dir='ltr'><strong>ad</strong></span> <span class='ocrx_word' id='word_1_239' title='bbox 299 3716 455 3780; x_wconf 72' lang='lat' dir='ltr'><strong>decreram</strong></span> <span class='ocrx_word' id='word_1_240' title='bbox 475 3715 649 3798; x_wconf 74' lang='lat' dir='ltr'><strong>rigoricmi,</strong></span> <span class='ocrx_word' id='word_1_241' title='bbox 670 3733 768 3797; x_wconf 87' lang='lat' dir='ltr'><strong>neque</strong></span> <span class='ocrx_word' id='word_1_242' title='bbox 788 3715 827 3777; x_wconf 89' lang='lat' dir='ltr'><strong>ad</strong></span> <span class='ocrx_word' id='word_1_243' title='bbox 848 3713 1004 3776; x_wconf 59' lang='lat' dir='ltr'><strong>sinitram</strong></span> <span class='ocrx_word' id='word_1_244' title='bbox 1024 3712 1181 3789; x_wconf 66' lang='lat' dir='ltr'><strong>mitens,</strong></span> <span class='ocrx_word' id='word_1_245' title='bbox 1199 3729 1252 3793; x_wconf 91' lang='lat' dir='ltr'><strong>pro</strong></span> <span class='ocrx_word' id='word_1_246' title='bbox 1275 3710 1399 3772; x_wconf 90' lang='lat' dir='ltr'><strong>modulo</strong></span> 
     </span>
     <span class='ocr_line' id='line_1_30' title="bbox 125 3799 1398 3884; baseline -0.005 -18"><span class='ocrx_word' id='word_1_247' title='bbox 125 3811 231 3868; x_wconf 88' lang='lat' dir='ltr'><strong>nostro</strong></span> <span class='ocrx_word' id='word_1_248' title='bbox 251 3803 447 3881; x_wconf 85' lang='lat' dir='ltr'><strong>conabimur;</strong></span> <span class='ocrx_word' id='word_1_249' title='bbox 462 3821 612 3868; x_wconf 90' lang='lat' dir='ltr'><strong>memores</strong></span> <span class='ocrx_word' id='word_1_250' title='bbox 636 3811 740 3872; x_wconf 87' lang='lat' dir='ltr'><strong>tamen</strong></span> <span class='ocrx_word' id='word_1_251' title='bbox 760 3802 844 3866; x_wconf 92' lang='lat' dir='ltr'><strong>illius</strong></span> <span class='ocrx_word' id='word_1_252' title='bbox 863 3801 1009 3884; x_wconf 90' lang='lat' dir='ltr'><strong>principii</strong></span> <span class='ocrx_word' id='word_1_253' title='bbox 1031 3799 1072 3864; x_wconf 57' lang='lat' dir='ltr'><strong>Se</strong></span> <span class='ocrx_word' id='word_1_254' title='bbox 1079 3801 1238 3878; x_wconf 79' lang='lat' dir='ltr'><strong>Antonini,</strong></span> <span class='ocrx_word' id='word_1_255' title='bbox 1253 3807 1338 3882; x_wconf 82' lang='lat' dir='ltr'><strong>part.</strong></span> <span class='ocrx_word' id='word_1_256' title='bbox 1355 3799 1398 3874; x_wconf 87' lang='lat'><strong>11,</strong></span> 
     </span>
     <span class='ocr_line' id='line_1_31' title="bbox 13 3879 1399 3991; baseline -0.005 -35"><span class='ocrx_word' id='word_1_257' title='bbox 13 3927 15 3932; x_wconf 95' lang='lat'>·</span> <span class='ocrx_word' id='word_1_258' title='bbox 126 3892 176 3955; x_wconf 82' lang='lat' dir='ltr'><strong>m.</strong></span> <span class='ocrx_word' id='word_1_259' title='bbox 189 3911 234 3968; x_wconf 82' lang='lat' dir='ltr'><strong>rr,</strong></span> <span class='ocrx_word' id='word_1_260' title='bbox 249 3911 275 3956; x_wconf 87' lang='lat' dir='ltr'><strong>c.</strong></span> <span class='ocrx_word' id='word_1_261' title='bbox 289 3911 323 3957; x_wconf 80' lang='lat' dir='ltr'><strong>rr</strong></span> <span class='ocrx_word' id='word_1_262' title='bbox 335 3913 343 3956; x_wconf 92' lang='lat'>:</span> <span class='ocrx_word' id='word_1_263' title='bbox 357 3891 465 3955; x_wconf 83' lang='lat' dir='ltr'><strong>Metius</strong></span> <span class='ocrx_word' id='word_1_264' title='bbox 476 3893 604 3957; x_wconf 82' lang='lat' dir='ltr'><strong>Dcmim</strong></span> <span class='ocrx_word' id='word_1_265' title='bbox 618 3879 745 3991; x_wconf 64' lang='lat' dir='ltr'><strong>mssdcre</strong></span> <span class='ocrx_word' id='word_1_266' title='bbox 758 3891 904 3956; x_wconf 83' lang='lat' dir='ltr'><strong>rationem</strong></span> <span class='ocrx_word' id='word_1_267' title='bbox 918 3891 954 3954; x_wconf 84' lang='lat' dir='ltr'><strong>dc</strong></span> <span class='ocrx_word' id='word_1_268' title='bbox 967 3891 1063 3955; x_wconf 81' lang='lat' dir='ltr'><strong>rimie</strong></span> <span class='ocrx_word' id='word_1_269' title='bbox 1074 3887 1296 3963; x_wconf 73' lang='lat' dir='ltr'><strong>misericordia,</strong></span> <span class='ocrx_word' id='word_1_270' title='bbox 1308 3906 1399 3970; x_wconf 78' lang='lat' dir='ltr'><strong>quom</strong></span> 
     </span>
     <span class='ocr_line' id='line_1_32' title="bbox 126 3981 1178 4045; baseline 0.003 -1"><span class='ocrx_word' id='word_1_271' title='bbox 126 3981 450 4045; x_wconf 81' lang='lat' dir='ltr'><strong>deaimicseceritate.</strong></span> <span class='ocrx_word' id='word_1_272' title='bbox 1175 4001 1178 4011; x_wconf 87' lang='lat'>·</span> 
     </span>
     <span class='ocr_line' id='line_1_33' title="bbox 164 4066 1399 4154; baseline -0.002 -22"><span class='ocrx_word' id='word_1_273' title='bbox 164 4069 324 4154; x_wconf 73' lang='lat' dir='ltr'><strong>Agendum</strong></span> <span class='ocrx_word' id='word_1_274' title='bbox 342 4076 375 4134; x_wconf 75' lang='lat' dir='ltr'><strong>l⁰</strong></span> <span class='ocrx_word' id='word_1_275' title='bbox 393 4071 431 4134; x_wconf 91' lang='lat' dir='ltr'><strong>de</strong></span> <span class='ocrx_word' id='word_1_276' title='bbox 450 4070 583 4134; x_wconf 87' lang='lat' dir='ltr'><strong>essentia</strong></span> <span class='ocrx_word' id='word_1_277' title='bbox 603 4069 791 4136; x_wconf 78' lang='lat' dir='ltr'><strong>sacramenti</strong></span> <span class='ocrx_word' id='word_1_278' title='bbox 813 4069 1021 4145; x_wconf 81' lang='lat' dir='ltr'><strong>Poeniteutia;</strong></span> <span class='ocrx_word' id='word_1_279' title='bbox 1045 4103 1085 4114; x_wconf 90' lang='lat'>-</span> <span class='ocrx_word' id='word_1_280' title='bbox 1100 4072 1134 4132; x_wconf 76' lang='lat'><strong>2⁰</strong></span> <span class='ocrx_word' id='word_1_281' title='bbox 1152 4068 1191 4131; x_wconf 88' lang='lat' dir='ltr'><strong>de</strong></span> <span class='ocrx_word' id='word_1_282' title='bbox 1212 4069 1277 4150; x_wconf 86' lang='lat' dir='ltr'><strong>ejus</strong></span> <span class='ocrx_word' id='word_1_283' title='bbox 1299 4066 1399 4148; x_wconf 90' lang='lat' dir='ltr'><strong>subje-</strong></span> 
     </span>
     <span class='ocr_line' id='line_1_34' title="bbox 125 4153 1397 4242; baseline -0.005 -19"><span class='ocrx_word' id='word_1_284' title='bbox 125 4163 188 4236; x_wconf 85' lang='lat' dir='ltr'><strong>cto,</strong></span> <span class='ocrx_word' id='word_1_285' title='bbox 203 4177 258 4225; x_wconf 90' lang='lat' dir='ltr'><strong>seu</strong></span> <span class='ocrx_word' id='word_1_286' title='bbox 278 4159 316 4224; x_wconf 91' lang='lat' dir='ltr'><strong>de</strong></span> <span class='ocrx_word' id='word_1_287' title='bbox 333 4157 453 4224; x_wconf 88' lang='lat' dir='ltr'><strong>actibus</strong></span> <span class='ocrx_word' id='word_1_288' title='bbox 474 4157 667 4239; x_wconf 69' lang='lat' dir='ltr'><strong>pomerum</strong></span> <span class='ocrx_word' id='word_1_289' title='bbox 685 4194 723 4206; x_wconf 94' lang='lat'>-</span> <span class='ocrx_word' id='word_1_290' title='bbox 738 4163 771 4224; x_wconf 82' lang='lat'><strong>3⁰</strong></span> <span class='ocrx_word' id='word_1_291' title='bbox 783 4159 820 4222; x_wconf 87' lang='lat' dir='ltr'><strong>de</strong></span> <span class='ocrx_word' id='word_1_292' title='bbox 833 4159 969 4242; x_wconf 88' lang='lat' dir='ltr'><strong>ejusdem</strong></span> <span class='ocrx_word' id='word_1_293' title='bbox 984 4155 1131 4221; x_wconf 88' lang='lat' dir='ltr'><strong>ministro</strong></span> <span class='ocrx_word' id='word_1_294' title='bbox 1149 4173 1204 4220; x_wconf 92' lang='lat' dir='ltr'><strong>seu</strong></span> <span class='ocrx_word' id='word_1_295' title='bbox 1221 4155 1258 4220; x_wconf 88' lang='lat' dir='ltr'><strong>de</strong></span> <span class='ocrx_word' id='word_1_296' title='bbox 1276 4153 1397 4219; x_wconf 77' lang='lat' dir='ltr'><strong>confes-</strong></span> 
     </span>
     <span class='ocr_line' id='line_1_35' title="bbox 125 4265 214 4312; baseline 0.011 -2"><span class='ocrx_word' id='word_1_297' title='bbox 125 4265 214 4312; x_wconf 82' lang='lat' dir='ltr'><strong>samo.</strong></span> 
     </span>
    </p>
   </div>
   <div class='ocr_carea' id='block_1_5' title="bbox 0 0 1614 5042">
    <p class='ocr_par' dir='ltr' id='par_1_8' title="bbox 0 0 1614 5042">
     <span class='ocr_line' id='line_1_36' title="bbox 0 0 1614 5042; baseline 0 3"><span class='ocrx_word' id='word_1_298' title='bbox 0 0 1614 5042; x_wconf 95' lang='lat' dir='ltr'><strong> </strong></span> 
     </span>
    </p>
   </div>
  </div>
 </body>
</html>
