3198 5034
251 245 296 308 20
785 247 995 294 reserares

253 370 381 446 Ordine,
399 385 429 426 n.
447 368 517 429 807.
537 365 639 424 Potest
660 359 757 439 igitur
777 358 908 422 Ecclesia
925 359 964 422 ab
986 359 1039 422 illa
1061 359 1243 440 obligatione
1266 358 1452 440 dispensare.
1470 363 1526 424 Sed

252 471 414 539 nunquam
435 453 592 533 dispensat
612 466 683 511 oum
704 447 881 510 constitutis
900 447 934 510 in
953 447 1062 523 sacris,
1079 454 1115 511 ut
1130 447 1322 511 matrimonii
1336 447 1458 511 vinculo
1472 449 1526 510 ad-

252 544 363 626 stringi
375 547 504 625 queant,
521 537 584 600 nisi
597 555 632 599 ea
645 537 757 616 legent
771 535 809 598 ab
822 535 928 600 officiis
942 536 1131 601 clericalibus
1148 537 1276 599 omnino
1288 542 1459 598 arceantur.
1476 537 1526 600 Sic

251 635 323 700 Pius
338 634 392 696 Vll
406 626 610 694 convalidavit
628 624 772 705 sacrilega
786 625 987 689 matrimonia
1002 625 1222 688 nonnullorum
1241 625 1454 697 Sacerdotum,
1470 625 1526 706 qui

255 731 392 804 tempore
405 714 644 801 perturbationis
656 713 777 777 Gallica
789 711 915 794 nuptias
926 713 1071 776 inierant.

288 817 339 875 tt.
355 845 395 855 -
405 809 507 883 Quas.
523 807 557 867 2⁰
571 807 624 865 An
637 800 780 883 obligatio
799 791 954 863 eatstaan
968 800 1119 884 procedat
1133 802 1304 864 immediate
1322 822 1360 864 en
1374 813 1525 884 praecepto

249 899 409 978 Ecclesia,
422 895 471 960 vet
481 893 625 966 mediate,
640 889 754 953 scilicet
770 909 809 953 ea
822 900 890 952 voto
904 891 985 974 qnod
996 910 1119 965 revera,
1130 891 1269 974 quamuis
1282 891 1389 964 tacite,
1406 893 1439 952 in
1460 895 1525 973 ipsa

250 988 444 1054 ordinatione
457 979 634 1046 emittatur?
797 971 806 990 ⁹

290 1078 399 1160 Hesp:
407 1072 539 1152 Quidam
552 1067 707 1151 probabile
720 1075 910 1148 putaverunt
923 1067 1140 1148 obligationem
1155 1086 1220 1131 esse
1232 1087 1269 1131 ex
1283 1068 1346 1131 sola
1358 1068 1423 1150 lege
1435 1071 1526 1135 eccle-

251 1166 386 1240 siastica,
403 1179 502 1242 neque
523 1159 623 1222 ullum
644 1163 753 1220 votum
773 1155 894 1238 proprie
914 1157 1033 1220 dictum
1054 1156 1088 1218 in
1111 1157 1304 1220 ordinatione
1321 1157 1442 1234 emitti;
1459 1176 1527 1239 qua

252 1263 355 1318 tamen
370 1251 471 1334 opinio
482 1247 633 1328 originem
646 1245 749 1320 babet,
765 1249 800 1308 ut
814 1245 947 1321 videtur,
964 1265 1002 1309 ex
1015 1244 1153 1308 doctrina
1166 1247 1373 1326 quorumdam
1387 1251 1528 1310 veterum

250 1359 408 1426 perperam
423 1339 591 1412 intellecta;
608 1336 660 1398 sed
676 1334 868 1398 communior
881 1341 912 1396 et
925 1336 1056 1398 tenenda
1075 1334 1229 1398 sententia
1248 1334 1338 1411 dicit,
1352 1335 1435 1399 hauc
1452 1336 1528 1398 obli-

251 1433 406 1514 gationem
419 1447 457 1491 ex
471 1434 541 1490 voto
555 1424 640 1488 oriri.
657 1427 697 1485 Et
707 1442 783 1491 sane
802 1423 863 1485 nisi
883 1441 953 1486 eam
973 1442 1011 1486 ex
1023 1427 1092 1486 voto
1113 1429 1248 1504 repetas,
1261 1424 1422 1505 probabile
1435 1425 1528 1500 foret,

250 1520 401 1586 Olericum
420 1535 483 1580 non
502 1533 567 1578 esse
585 1531 674 1576 reum
693 1511 841 1593 sacrilegii
860 1511 896 1574 in
915 1511 1043 1593 peccatis
1065 1511 1198 1574 internis
1216 1520 1321 1576 contra
1335 1512 1527 1590 castitatem,

251 1610 334 1691 quod
348 1615 394 1670 est
409 1612 514 1669 contra
527 1601 671 1665 omnium
685 1600 881 1664 sententiam.

290 1701 340 1761 tt.
356 1731 397 1744 -
410 1696 511 1770 Quas.
526 1697 559 1756 3⁰
570 1692 623 1753 An
635 1688 782 1771 obligatio
795 1689 950 1752 caelibatus
967 1691 1007 1751 sit
1019 1688 1200 1752 carcinomatis
1211 1691 1245 1752 in
1258 1687 1418 1752 Ecclesia?

290 1787 402 1868 Rern:
416 1787 512 1846 Datur
532 1780 636 1860 abque
658 1777 792 1859 exceptio
812 1796 849 1840 ex
866 1779 1026 1842 tolerantia
1044 1777 1183 1841 Ecclesia
1201 1779 1282 1858 apud
1299 1777 1482 1844 Orientales.
1496 1782 1530 1842 ln

253 1873 395 1938 orientali
410 1870 494 1934 enim
504 1867 636 1932 Ecclesia
645 1867 812 1930 sacerdotes
821 1865 946 1946 quidem
956 1885 1119 1948 nunquam
1128 1864 1364 1929 matrimonium
1372 1867 1458 1931 inire
1465 1887 1531 1948 pos·

252 1966 326 2026 sunt
339 1965 407 2043 post
421 1957 647 2023 ordinationem
662 1955 893 2030 sacerdotalem,
910 1955 1065 2018 ueletiam
1083 1961 1151 2036 post
1163 1954 1372 2030 diaconatum
1389 1959 1446 2020 sed
1460 1975 1529 2020 oon-

248 2049 351 2134 jugati
365 2054 437 2113 ante
451 2045 649 2110 diaconatum
663 2049 793 2124 possunt
807 2045 845 2106 ad
857 2043 984 2107 Ordines
998 2044 1158 2108 ulteriores
1172 2042 1312 2124 provehi,
1328 2047 1359 2105 et
1370 2042 1529 2108 nibilomi-

253 2157 401 2203 nuscum
416 2134 567 2199 uxoribus
581 2131 764 2195 conversari.
781 2131 986 2212 Excipiuntur
1000 2131 1155 2214 Episcopi,
1172 2132 1227 2213 qui
1245 2149 1351 2194 omnes
1367 2135 1529 2213 perfectam

251 2227 428 2292 castitatem
447 2227 621 2286 constanter
640 2239 760 2283 servare
778 2219 901 2282 debent.
915 2221 1007 2300 Apud
1029 2225 1145 2284 Graecos
1164 2227 1269 2283 autem
1292 2221 1529 2286 subdiaconatus

252 2317 334 2380 inter
348 2332 446 2378 sacros
459 2311 587 2374 Ordines
601 2327 665 2372 non
679 2309 910 2371 adnumeratur.
922 2308 1000 2370 llinc
1009 2309 1130 2372 Clericis
1141 2328 1203 2372 non
1215 2310 1387 2391 conjugatis
1400 2313 1435 2375 in
1449 2311 1528 2374 ordi·
1582 2341 1583 2370 ;

252 2405 376 2468 natione
390 2402 567 2464 decanatus
581 2404 767 2479 preceptum
781 2395 930 2459 castitatis
942 2396 1123 2478 imponitur.

292 2495 394 2568 Quas.
415 2497 448 2554 4⁰
463 2491 515 2554 An
531 2497 683 2550 teneretur
705 2486 746 2548 ad
767 2490 948 2566 castitatem,
965 2487 1020 2570 qni
1039 2506 1173 2570 expresse
1184 2485 1277 2549 nollet
1296 2489 1463 2552 castitatem
1480 2508 1528 2551 oo·

252 2580 339 2644 vere?

293 2670 383 2752 Hesp.
395 2687 408 2729 .·
420 2667 474 2731 Hic
489 2672 645 2730 teneretur
660 2663 863 2727 nihilominus
877 2665 916 2728 ad
930 2663 1113 2740 castitatem,
1126 2664 1174 2727 sin
1188 2664 1293 2726 minus
1306 2683 1344 2726 ex
1359 2674 1441 2741 voto,
1458 2683 1527 2730 aum

254 2776 345 2822 uemo
359 2757 479 2820 invitus
489 2762 559 2819 voto
573 2753 662 2834 ligari
679 2757 779 2834 queat,
797 2753 849 2815 sed
861 2759 940 2816 certe
954 2772 992 2816 ex
1006 2759 1153 2834 praecepto
1166 2753 1313 2828 Ecclesia,
1329 2770 1401 2833 quae
1413 2773 1451 2817 ex
1463 2773 1526 2818 mo·
1581 2799 1582 2832 2

255 2848 319 2910 tivo
334 2843 499 2927 Religionis
514 2861 587 2906 eum
600 2843 639 2906 ad
651 2841 835 2916 castitatem,
850 2841 1006 2905 deficiente
1018 2849 1099 2918 uoto,
1111 2841 1323 2921 adstringeret.
1334 2877 1373 2887 -
1385 2843 1436 2906 Ita
1451 2865 1528 2906 com·
1581 2863 1582 2921 p

253 2940 385 2998 maniter
405 2952 476 2998 cum
495 2931 529 2995 S.
547 2933 618 3014 Lip.
634 2952 665 2992 n.
682 2935 752 2996 809.
770 2967 810 2976 -
823 2930 885 2993 Alii
900 2932 1021 3004 uolunt,
1038 2930 1128 2993 illum
1147 2929 1243 2992 teneri
1261 2930 1302 2993 ad
1315 2937 1426 2996 votum
1440 2932 1528 2996 casti-

255 3023 328 3089 tatis
342 3021 563 3095 emittendum;
576 3025 607 3083 et
619 3038 705 3102 posse
719 3019 884 3082 Ecclesiam
898 3018 980 3081 adid
994 3035 1067 3082 eum
1082 3019 1223 3098 obligare,
1231 3036 1321 3082 nemo
1333 3019 1525 3085 diffitebitur.

293 3117 343 3176 ta.
360 3147 400 3156 -—
416 3112 517 3185 Quas.
534 3114 567 3173 5⁰
581 3111 646 3177 An,
669 3106 717 3170 oet
738 3106 931 3190 quandonam
954 3109 1144 3189 conjugatos,
1166 3108 1279 3170 m'oente
1299 3129 1413 3191 neore,
1433 3127 1529 3172 sacros

258 3201 385 3263 Ordines
398 3199 547 3280 suscipere
562 3195 678 3259 nalem?

295 3289 385 3370 Hesp.
403 3306 415 3349 :
429 3285 526 3350 Licite
539 3291 639 3367 potest
658 3287 836 3366 conjugatus
851 3285 1001 3350 adsueras
1019 3285 1145 3349 Ordines
1163 3287 1332 3366 promoveri
1350 3305 1387 3349 ex
1409 3283 1528 3351 licentia
1580 3343 1581 3353 .

204 3419 207 3424 -
254 3377 360 3441 uxoris
374 3393 517 3457 expressa
530 3381 561 3437 et
578 3373 705 3436 omnino
720 3377 899 3454 spontanea,
916 3377 1006 3438 modo
1020 3381 1052 3438 et
1065 3375 1132 3455 ipsa
1145 3374 1314 3437 castitatem
1329 3383 1448 3438 voveat.
1466 3377 1529 3436 Non

254 3471 359 3530 autem
375 3471 497 3528 tenetur
513 3467 588 3526 tunc
606 3481 685 3525 uxor
703 3461 822 3543 ingredi
838 3463 1041 3544 Religionem,
1054 3465 1146 3543 juxta
1160 3461 1394 3541 probabiliorem
1409 3470 1530 3526 senten-

257 3556 332 3618 tiam
350 3561 455 3618 contra
472 3552 625 3626 Socratica,
642 3557 712 3626 etc,
727 3551 789 3614 nisi
803 3551 852 3614 vir
866 3553 905 3615 ad
926 3553 1140 3632 Episcopatum
1158 3555 1350 3627 assummum
1367 3551 1529 3614 autetiam

255 3644 316 3708 nisi
330 3643 385 3707 fiat
398 3642 579 3723 Religiosrm,
596 3645 625 3704 et
638 3640 736 3722 ipsius
750 3659 828 3704 uxor
842 3641 883 3703 sit
893 3639 1027 3722 juvenis.
1039 3673 1080 3684 —
1091 3637 1142 3700 Ita
1152 3637 1188 3700 S.
1203 3639 1272 3719 Lip.
1285 3638 1338 3700 tit.
1351 3642 1400 3714 Vl,
1411 3661 1443 3701 n.
1458 3641 1526 3703 812.

255 3767 293 3776 —
308 3733 371 3795 Alii
385 3731 507 3804 dicunt,
526 3731 607 3811 quod
626 3746 704 3791 uxor
723 3736 797 3792 tunc
818 3733 938 3791 tenetur
951 3727 1077 3808 quidem
1091 3727 1310 3790 nonasterium
1326 3727 1463 3810 ingredi,
1479 3725 1529 3788 sed

255 3837 317 3881 non
328 3819 475 3901 profiteri.

295 3911 345 3970 tt.
358 3943 399 3954 -
410 3911 512 3984 Quan.
526 3911 560 3970 6⁰
574 3908 622 3968 An
637 3925 726 3982 acor,
741 3925 806 3987 pua
817 3905 896 3968 vooit
909 3905 1078 3968 castitatem
1092 3912 1183 3966 entra
1194 3905 1380 3988 Religionem
1389 3914 1460 3990 post
1470 3901 1534 3965 oiri
1578 3893 1579 3898 ’

255 3995 489 4074 ordinationem,
503 3995 613 4080 possit,
626 4014 659 4056 eo
672 3993 826 4075 defanata,
843 3992 940 4056 aalide
956 3993 1177 4055 matrimonium
1189 3995 1390 4058 contrahere?

294 4081 326 4143 I‘·
346 4081 503 4146 Sententia
524 4092 631 4165 negat,
651 4089 682 4146 et
702 4083 850 4145 innititur
868 4087 941 4146 ture
960 4099 1041 4156 can,
1054 4102 1080 4144 c.
1102 4081 1181 4158 Quia
1201 4093 1272 4145 sant
1288 4091 1342 4160 lO,
1359 4085 1388 4147 d.
1404 4087 1460 4156 28,
1478 4075 1532 4140 ubi

254 4169 366 4234 dicitur
377 4171 414 4233 de
429 4172 482 4233 tali
494 4171 694 4235 matrimonio
704 4191 711 4233 :
722 4170 869 4248 Qaimate
878 4171 1073 4250 sociatisnnt,
1084 4170 1313 4254 disjungantur.
1327 4173 1415 4237 Ratio
1427 4174 1531 4232 autem

253 4257 346 4339 hujus
368 4257 527 4323 decisionis
546 4267 607 4336 est,
625 4259 699 4340 quia
718 4258 925 4348 Ecclesia,‚ob
946 4258 1150 4322 reverentiam
1168 4261 1293 4325 Ordinis
1313 4281 1332 4325 a
1349 4260 1448 4344 primo
1463 4255 1530 4318 viro

253 4347 421 4429 assumpti,
438 4347 537 4410 reddit
555 4367 684 4412 uxorem
704 4346 875 4411 inhabilem
889 4349 928 4411 ad
942 4347 1132 4430 subsequens
1153 4351 1342 4433 conJ'ugium.
1356 4351 1441 4412 Hanc
1461 4360 1529 4406 sen-

255 4434 384 4498 tentiam
399 4441 486 4498 rocat
497 4437 739 4500 communiorem
753 4441 784 4498 et
798 4435 886 4498 valde
899 4436 1087 4517 probabilem
1102 4437 1139 4500 S.
1156 4439 1242 4522 Liq,
1259 4461 1291 4500 n.
1307 4443 1378 4503 812.

293 4522 344 4584 11⁶
364 4523 522 4586 Sententia
539 4525 690 4606 affirmat.
707 4523 796 4589 Ratio
817 4528 877 4599 est,
899 4524 972 4606 quia
992 4543 1054 4588 non
1075 4533 1194 4590 constat
1211 4527 1270 4590 tale
1290 4520 1527 4591 matrimonium
