3224 5044
205 159 275 219 296
743 163 949 210 rodericus

204 283 355 348 indirecta
367 277 460 358 sigilli
480 276 615 340 violatio.
634 311 673 320 -
689 275 740 338 Ita
753 280 962 338 communiter.
977 310 1018 324 -
1031 275 1065 336 S.
1082 275 1165 356 Lip„
1182 298 1214 340 0.
1229 279 1300 340 639.
1317 313 1355 322 -
1373 277 1467 340 atter
1473 327 1480 346 ,

206 393 236 434 0.
251 375 321 436 191.
337 405 378 414 -
391 367 515 447 Sporer,
532 387 563 426 0.
580 368 650 440 839,
664 370 720 427 otc.

246 461 338 542 Reap.
357 461 390 521 30
404 455 481 538 Nep.
500 459 620 529 autem,
637 453 663 518 si
678 453 831 534 poenitens
847 457 931 534 petat
953 454 1128 517 schedulam
1144 454 1178 516 10
1196 455 1381 518 conlassione
1397 462 1485 519 extra
1597 505 1598 536 ,

208 549 349 631 praelatas
368 543 631 617 circumstantias,
652 561 706 605 seu
724 544 847 624 quando
861 561 923 606 non
938 543 1013 605 solet
1030 543 1175 606 omnibus
1194 543 1277 618 dari,
1294 544 1340 606 vel
1355 563 1373 606 a
1389 547 1485 626 Supe

208 637 340 701 rioribus
356 651 418 696 non
431 631 575 713 exigitur.
598 631 687 696 Ratio
708 636 770 706 est,
791 631 865 710 quia
883 637 958 693 tunc
978 630 1201 707 Confessarius,
1216 631 1296 694 nihil
1316 633 1434 708 dicens,
1453 653 1486 696 se

207 726 301 788 habet
314 741 397 786 mere
413 721 570 801 negative,
589 727 620 783 et
633 738 696 783 non
710 721 857 800 approbat
873 719 959 781 illam
973 719 1191 783 confessionem
1206 720 1382 783 testimonio
1400 724 1487 802 posi-

208 814 288 888 tivo,
304 814 342 875 ad
359 811 439 892 quod
458 828 522 872 non
537 813 670 871 tenetur.
695 809 827 872 Aliunde
846 807 998 889 paenitens
1016 825 1079 871 non
1097 809 1287 888 compellitur
1305 811 1486 874 necessitate

208 900 381 966 declarandi
395 899 480 974 aliis,
494 916 601 960 senon
613 897 708 960 101000
722 897 916 972 absolutum,
933 898 1016 959 unde
1030 896 1056 958 si
1072 897 1129 960 hoc
1145 898 1239 972 dicat,
1255 897 1320 978 ipse
1334 917 1424 962 suam
1436 900 1486 962 10-

210 989 442 1073 dispositionem
465 985 622 1067 patefacit;
646 1004 710 1049 non
728 1004 799 1049 vero
818 984 1037 1049 confessarius.
1053 1021 1091 1034 -
1106 987 1156 1048 Ita
1174 987 1269 1068 Lupo,
1287 987 1367 1069 disp.
1388 1007 1485 1061 xmrr,

210 1103 241 1141 0.
258 1085 309 1152 8¹1,
326 1098 393 1138 cum
406 1076 490 1138 aliie.

251 1167 408 1230 Interdum
430 1171 536 1228 tamen
556 1169 655 1244 potest
674 1161 883 1226 confessarius
908 1163 1003 1225 etiam
1026 1163 1189 1244 poenitenti
1212 1164 1392 1244 indisposita
1415 1165 1487 1227 dare

211 1256 387 1321 schedulam
401 1253 596 1316 confessionis
615 1252 653 1315 ob
674 1251 759 1314 varia
773 1252 981 1326 incommoda,
995 1270 1064 1332 quae
1084 1271 1122 1314 ex
1140 1255 1205 1333 ejus
1223 1253 1422 1332 denegatione
1441 1273 1487 1316 00

211 1349 392 1428 querculum
409 1359 463 1404 nec
482 1346 555 1403 tunc
570 1340 780 1420 cooperabitur
795 1340 949 1419 sacrilegio
964 1340 1159 1420 penitentie,
1181 1341 1235 1421 qui
1250 1340 1325 1403 iorte
1343 1340 1400 1405 hoc
1416 1361 1486 1405 oon-

210 1432 350 1498 fessionis
365 1430 542 1494 testimonio
556 1437 662 1491 utetur
673 1429 712 1490 ad
725 1433 958 1492 Sacramentum
970 1429 1127 1505 vivorum,
1142 1450 1173 1494 v.
1187 1449 1245 1509 gr,
1261 1431 1487 1494 Eucharistiam

212 1522 259 1584 vel
274 1517 508 1584 Matrimonium
522 1517 557 1580 in
571 1523 655 1580 statu
669 1517 783 1597 peccati
800 1517 1023 1598 recipiendum
1040 1518 1134 1594 ratio,
1148 1519 1221 1600 quia
1234 1518 1266 1581 id
1283 1537 1347 1582 suae
1360 1520 1486 1583 malitiae

210 1609 365 1692 paenitens
378 1606 512 1669 tribuero
526 1606 657 1668 debebit.
672 1605 834 1680 -Elbet,
853 1628 883 1667 n.
900 1610 970 1672 aaa.

252 1697 340 1779 Hesp.
365 1701 399 1760 10
423 1695 503 1778 Nep.
526 1694 622 1757 etiam
648 1695 767 1775 quoties
788 1696 941 1776 poenitens
962 1694 1140 1758 simulatam
1161 1697 1379 1760 confessionem
1402 1697 1485 1771 lecit,

214 1808 244 1850 a.
270 1806 328 1867 gr,
354 1786 392 1847 ad
412 1801 537 1865 poenom
557 1783 750 1863 fugiendam,
772 1783 933 1847 infamiam
952 1785 1127 1860 vitandam,
1144 1792 1198 1848 aut
1220 1785 1395 1850 schedulam
1411 1786 1487 1848 arri-

214 1879 373 1961 piendam,
388 1884 425 1940 ut
437 1875 463 1938 si
474 1875 598 1958 juvenis
608 1875 728 1939 intuitu
737 1876 928 1939 matrimonii
942 1876 985 1938 sic
997 1877 1195 1940 confiteatur:
1213 1877 1285 1954 If'cci
1299 1879 1382 1960 qnod
1393 1877 1488 1939 solent

214 1970 315 2050 faeere
328 1969 457 2048 juvenes
475 1985 547 2028 meoe
561 1965 742 2027 conditionis
758 1985 771 2028 .·
785 1965 868 2027 m'bil
885 1975 1021 2048 superest
1041 1966 1127 2028 aliud
1146 1965 1306 2028 dicendum
1318 1987 1331 2028 .·
1348 1987 1406 2028 noa
1415 1976 1491 2048 pcto

215 2057 448 2134 absolutionem,
466 2055 519 2116 sed
542 2056 742 2116 testimonium
764 2065 897 2137 peractae
917 2056 1124 2136 confessionis.
1147 2059 1214 2118 Non
1234 2055 1318 2118 enim
1335 2055 1490 2135 frangitur

216 2145 369 2225 sigillum,
384 2145 448 2207 sive
463 2143 606 2206 schedula
620 2145 786 2223 denegetur
797 2142 896 2218 intra,
913 2143 977 2206 sive
989 2149 1076 2206 extra
1087 2142 1315 2207 consessionem.
1327 2143 1415 2208 Ratio
1429 2149 1488 2216 est,

216 2234 291 2314 quia
305 2233 441 2312 sigillum
454 2232 554 2294 oritur
568 2250 605 2293 ex
619 2231 682 2294 sola
697 2230 883 2294 confessione
902 2232 1128 2307 sacramentali,
1145 2250 1213 2312 qua
1231 2232 1282 2294 hic
1300 2232 1384 2295 nullo
1400 2233 1490 2295 modo

216 2322 357 2385 habetur.
376 2325 434 2384 Nec
454 2318 621 2400 generatim
642 2323 741 2399 potest
760 2319 967 2382 confessarius
989 2321 1101 2384 talibus
1120 2321 1295 2384 schedulam
1314 2322 1488 2392 concedere,

218 2410 292 2491 qrria
306 2410 372 2471 sine
386 2408 503 2471 ratione
525 2406 685 2470 sufficienti
702 2426 808 2470 eorum
823 2407 927 2470 futuro
942 2408 1096 2488 sacrilegio
1111 2414 1329 2490 cooperaretur.
1345 2414 1492 2474 Praeterea

218 2497 331 2560 falsum
348 2502 507 2568 assereret,
531 2514 641 2576 nempe
657 2495 738 2575 ipsos
758 2495 852 2558 fuisse
870 2495 1034 2571 confessos,
1057 2499 1138 2578 quod
1161 2515 1270 2561 verum
1292 2517 1355 2560 non
1374 2506 1431 2562 est.
1452 2534 1492 2544 -

218 2585 319 2666 Luqo,
337 2584 415 2668 disp.
431 2602 508 2646 xxrrr
519 2632 526 2658 ,
538 2605 571 2648 0.
585 2589 635 2648 8¹1.
647 2619 687 2630 -
701 2585 806 2662 boet,
823 2606 854 2646 η.
871 2588 946 2658 191,
962 2577 1018 2648 01οζ

259 2678 330 2737 661.
351 2711 392 2825 d-
415 2675 516 2809 (im
536 2677 570 2736 90
591 2673 670 2749 Quid
689 2693 779 2755 apere
797 2673 902 2736 debeat
924 2673 1133 2754 Confessamus
1152 2677 1286 2758 detepem
1298 2678 1493 2758 poenitentem
1603 2765 1604 2772 ἵ

218 2783 282 2826 esca
296 2783 349 2824 aar
371 2784 431 2824 um.

259 2852 349 2935 [imp.
374 2858 436 2915 1οε
460 2852 491 2914 Si
515 2853 698 2916 surditatem
721 2853 862 2915 advertat
879 2852 913 2914 10
935 2853 1083 2934 principio
1107 2853 1317 2931 000100010010,
1338 2855 1495 2936 imponere
1603 2885 1604 2904 r

220 2941 383 3023 paenitenti
398 2941 501 3016 debet,
515 2948 552 3004 ut
567 2947 699 3022 tempore
714 2943 818 3004 011000
832 2949 999 3022 opportuno
1011 2943 1123 3005 redeat.

260 3032 351 3112 Resp.
376 3033 408 3092 10
431 3049 437 3091 ;
464 3031 495 3092 Si
517 3031 552 3092 in
575 3032 705 3094 decursu
725 3030 920 3093 confessionis
943 3030 976 3092 id
999 3031 1219 3111 deprehendat,
1241 3034 1408 3113 pencrmim
1432 3052 1494 3096 non

221 3122 321 3200 potest
334 3119 396 3180 0110
408 3137 479 3180 voce
493 3117 656 3198 poenitenti
669 3119 824 3198 imponere
836 3125 872 3181 ut
883 3119 1000 3194 redeat,
1016 3137 1054 3181 ne
1065 3118 1134 3181 aliis
1146 3119 1264 3199 ingerat
1279 3121 1493 3202 suspicionem,

220 3207 312 3270 illum
327 3208 364 3269 de
377 3206 506 3270 materia
525 3206 610 3286 gravi
630 3207 801 3269 molossum
819 3206 928 3282 luisse;
945 3208 997 3270 sed
1015 3207 1122 3270 audiat
1138 3215 1275 3288 peccata,
1296 3227 1357 3288 quo
1377 3209 1495 3272 meliori

221 3295 312 3360 modo
337 3301 451 3376 potest,
476 3302 521 3369 et,
549 3295 762 3376 pretermissis
787 3295 1094 3375 interrogationibus,
1117 3295 1313 3376 impertiatur
1334 3296 1498 3376 penitenti

222 3384 444 3447 absolutionem
455 3385 546 3448 modo
557 3385 709 3459 absoluto,
724 3384 750 3446 si
762 3403 834 3447 eum
847 3384 1032 3464 dispositum
1038 3384 1170 3467 judicet,
1183 3386 1230 3448 vel
1242 3383 1495 3460 conditionatam,

222 3473 250 3535 si
268 3473 305 3535 de
324 3471 520 3553 dispositione
538 3473 671 3549 dubitet;
692 3479 722 3536 et
740 3473 955 3554 paenitentiam
973 3474 1072 3536 levem
1086 3473 1114 3535 ei
1129 3473 1283 3554 imponat,
1303 3491 1341 3535 ne
1353 3470 1406 3536 alii
1420 3489 1498 3536 eum

222 3561 355 3642 graviter
369 3579 504 3642 peccasse
517 3560 704 3626 existiment.
714 3597 752 3608 -
764 3562 812 3622 Ito
826 3562 862 3624 S.
879 3561 962 3644 Lip„
977 3583 1009 3622 a.
1023 3565 1099 3638 611,
1113 3580 1185 3626 curn
1200 3562 1271 3624 ala'is
1284 3560 1497 3624 communiter.

263 3655 333 3714 663.
348 3685 387 3698 -
401 3653 503 3726 Qonn.
517 3657 569 3716 100
588 3651 637 3712 Aa
650 3655 747 3732 possit
763 3649 973 3731 Consectarias
992 3671 1108 3714 monere
1121 3652 1293 3734 complicem
1306 3650 1357 3732 (de
1373 3651 1501 3712 licentia

222 3741 417 3823 poeniteatis),
433 3740 480 3802 vel
494 3741 589 3802 alium
603 3740 644 3802 od
655 3741 827 3823 complicem
842 3741 1074 3821 corripendum?

264 3831 354 3914 Besp.
372 3829 499 3912 Aspim.
516 3829 604 3894 Ratio
624 3835 686 3903 est,
702 3829 776 3910 quia
795 3829 932 3908 complex
950 3847 987 3891 ex
1006 3828 1191 3892 consessione
1204 3828 1331 3892 alterius
1344 3827 1500 3909 complicis

225 3920 347 3984 nullum
356 3923 409 4001 jus
420 3917 597 4000 aequiritad
606 3917 742 3997 sigillum
755 3918 985 3992 sacramentum
997 3917 1051 3980 hoe
1064 3917 1148 3980 enim
1162 3917 1300 3997 sigillum
1313 3916 1497 3980 institutum

225 4013 273 4070 est
285 4008 319 4069 10
338 4009 471 4070 levorem
485 4006 704 4089 penitentium
725 4012 863 4082 tantum;
884 4013 915 4068 01
933 4005 1060 4086 proinde
1075 4010 1127 4087 jus
1146 4005 1253 4068 secreti
1271 4005 1442 4086 acquiritur
1455 4003 1500 4066 illi

227 4094 300 4168 soli,
318 4095 372 4174 qui
386 4097 463 4159 illud
475 4094 650 4160 committit.
665 4131 705 4142 -
719 4096 756 4158 S.
769 4096 854 4177 Lip„
871 4115 902 4157 a.
919 4100 989 4168 611,
1004 4103 1034 4155 00
1045 4096 1105 4156 atii
1117 4096 1366 4158 communissima.

266 4183 423 4246 ordinarie
436 4191 540 4247 tamen
553 4202 615 4247 non
629 4183 751 4264 expedit
766 4190 802 4246 01
818 4183 1025 4247 confessarius
1043 4184 1136 4246 talem
1156 4182 1313 4246 licentiam
1332 4188 1431 4262 petat;
1449 4179 1501 4244 sed

226 4270 324 4335 satius
338 4270 412 4344 erit,
425 4273 625 4352 paenitentem
636 4273 779 4336 inducere
789 4274 827 4335 ad
837 4272 869 4336 id
878 4279 965 4335 extra
978 4269 1196 4335 confessionem
1210 4271 1496 4352 sibiaperiendum;

224 4360 289 4424 imo
300 4359 412 4424 melius
425 4361 520 4424 etiarn
534 4362 607 4438 erit,
625 4369 661 4425 ut
674 4361 739 4442 ipse
749 4361 901 4441 poenitens
914 4379 979 4423 rem
995 4360 1108 4424 delerat
1120 4360 1224 4435 alteri,
1239 4359 1295 4441 qui
1309 4360 1390 4422 malo
1404 4375 1501 4421 reme-

226 4449 314 4514 dium
330 4448 436 4514 afferre
447 4457 549 4530 queat.
566 4485 607 4498 -
619 4449 654 4512 S.
668 4450 753 4531 Liq,
769 4449 847 4511 ibid.
