3198 5034
200 207 244 269 72
734 210 940 258 ansericus

202 335 287 417 (quae
306 327 515 409 irregularitas
531 345 568 388 ex
587 345 619 388 se
633 327 728 387 cessat
746 341 798 404 per
817 321 1033 404 professionem
1049 321 1253 402 religiosam),
1271 321 1370 402 quoad
1386 321 1472 401 biga-

200 424 296 486 miam
313 417 407 481 etiam
424 433 547 490 veram,
567 422 597 477 et
610 413 760 477 defectum
775 411 934 493 publicum
948 410 1093 475 lenitatis.

238 515 270 574 9ι
289 507 364 572 Gom
378 505 587 579 secutoribus,
607 509 638 567 ιο
655 507 782 583 possunt
796 500 971 580 dispensare
983 499 1018 562 in
1033 497 1177 562 omnibus
1191 498 1471 579 irregularitatibus
1591 467 1592 488 ἶ

200 597 322 663 occultis
337 614 374 658 ex
387 593 512 668 delicto,
530 599 566 655 ιιι
580 593 760 674 Episcopus,
777 594 808 652 9
822 593 950 669 possunt
962 587 1137 669 dispensare
1151 591 1181 650 et
1194 593 1383 650 commutare
1399 590 1471 651 rota

198 695 229 750 et
239 691 415 769 juramenta
432 688 469 745 ut
482 681 661 763 Episcopus,
681 679 781 742 sedin
797 678 859 740 foro
877 684 1001 740 tantum
1016 678 1151 752 interno;
1168 682 1200 741 3⁰
1213 677 1389 757 dispensare
1403 693 1472 756 pos

199 781 274 839 sunt
296 791 367 836 corn
389 771 569 854 conjugibus
592 771 627 832 in
647 768 866 850 impedimento
888 766 1029 846 exigendi
1052 765 1149 829 debiti
1171 772 1293 847 propter
1315 764 1472 828 incestum

199 863 399 930 commissum
419 879 491 923 omn
511 877 641 941 persona
664 856 889 937 consanguinea
913 855 1087 936 compartis.
1101 891 1140 900 -
1153 853 1187 916 S.
1210 855 1281 937 Lip.
1295 873 1327 917 n.
1344 857 1413 918 109.
1430 889 1473 898 -

199 955 326 1032 Insuper
339 948 484 1030 Religiosi
502 953 632 1030 possunt
648 947 822 1027 dispensare
840 943 875 1006 in
889 952 959 1008 roto
977 943 1128 1007 castitatis
1148 961 1220 1006 curn
1241 941 1422 1023 conjugibus
1436 941 1472 1004 in

199 1041 305 1105 ordine
317 1040 356 1101 ad
371 1055 468 1102 usum
483 1035 690 1112 matrimonii,
707 1035 854 1098 siccante
869 1034 933 1096 sive
951 1039 1018 1114 post
1036 1032 1154 1095 initum
1167 1031 1406 1094 matrimonium
1421 1048 1473 1094 vo

200 1136 270 1194 tum
282 1129 431 1192 emissum
445 1125 547 1189 brerit.

265 1300 310 1369 V.
324 1339 369 1349 —
385 1301 485 1367 Circa
499 1297 658 1374 Mosam,
683 1295 968 1365 dominacionem
981 1301 1011 1362 et
1022 1295 1148 1362 adimo
1163 1293 1401 1362 Sacramenta.

241 1475 309 1534 l'lS.
323 1506 364 1516 -
378 1477 410 1532 l⁰
423 1469 586 1550 Regulares
599 1472 730 1548 possunt
743 1466 890 1530 celebrem
901 1465 1026 1530 Missam
1045 1483 1108 1527 una
1126 1464 1201 1528 hora
1222 1471 1293 1528 ante
1311 1483 1471 1542 auroram,

200 1559 289 1622 idest
303 1559 403 1621 tribus
415 1558 499 1620 horis
510 1564 582 1620 ante
594 1563 699 1620 ortum
711 1556 793 1632 solie,
809 1557 861 1618 sed
874 1561 1000 1618 tanturn
1011 1554 1046 1616 in
1058 1553 1190 1616 ecelesiis
1204 1552 1344 1635 propriis,
1358 1554 1391 1616 in
1403 1555 1474 1636 qui·

200 1649 259 1710 bus
286 1647 318 1710 id
342 1648 435 1711 eliam
462 1646 558 1708 facere
584 1652 714 1726 possunt
740 1645 912 1707 Sacerdotes
939 1643 1096 1706 saecrdares
1119 1661 1156 1705 ex
1183 1643 1288 1705 ecdem
1313 1641 1474 1725 privilegio
1595 1629 1596 1690 ἶ

200 1737 303 1818 (Greg.
319 1737 416 1818 XIII);
434 1741 503 1816 post
521 1734 684 1797 meridient
701 1739 806 1796 autern
819 1751 883 1795 una
898 1737 1023 1794 tantum
1041 1731 1126 1794 hora.
1143 1733 1220 1793 Nam
1234 1729 1304 1794 lieet
1321 1751 1359 1794 ex
1377 1731 1477 1812 privi-

202 1824 278 1905 legio
293 1842 432 1888 concesso
447 1823 484 1886 ab
496 1822 634 1904 Eugeuio
650 1821 777 1885 IVon
792 1827 916 1903 possent
930 1821 1077 1883 celebrere
1095 1819 1189 1882 etiam
1204 1819 1304 1882 trihus
1321 1820 1359 1884 ab
1374 1820 1474 1901 elapso

202 1913 330 1976 meridie
343 1913 441 1988 horis,
458 1919 491 1976 at
502 1913 586 1975 istud
600 1911 796 1992 privilegium
809 1929 828 1973 a
841 1912 871 1972 S.
888 1909 941 1972 Pio
954 1911 982 1971 V
995 1913 1169 1972 revocatum
1183 1914 1241 1971 est.

244 2006 278 2064 9θ
294 2006 425 2064 Possunt
440 2000 619 2063 ministrare
633 1998 862 2062 Eucharistiam
875 1997 909 2060 in
928 1997 993 2060 suis
1007 1997 1139 2060 ecelesiis
1153 1997 1297 2061 omnibus
1315 1997 1473 2077 fidelibus,

204 2098 326 2174 excepto
339 2090 494 2154 Paschatis
506 2090 566 2153 die.

246 2185 279 2244 3⁰
293 2185 425 2242 Possunt
440 2177 654 2240 administrare
672 2177 928 2240 Communionem
948 2177 1134 2257 paschalem,
1151 2180 1327 2240 Extremam
1350 2176 1476 2240 Unctio-
1597 2214 1598 2222 .

205 2287 278 2332 nem
294 2274 324 2330 et
335 2265 492 2329 Viatioum
510 2265 574 2328 suis
589 2265 735 2340 subditis,
752 2264 879 2328 novitiis
890 2271 923 2327 et
935 2263 1148 2328 familiaribus.
1165 2301 1204 2310 -
1215 2263 1250 2326 S.
1267 2265 1337 2347 La'q.
1353 2285 1384 2329 n.
1402 2269 1474 2341 let,

207 2361 277 2420 999.
288 2391 329 2404 -
340 2360 406 2418 Νοιι
420 2356 554 2434 gaudent
567 2361 672 2416 tamen
682 2353 739 2415 hoc
749 2352 907 2433 privilegio
920 2354 1172 2434 congregationes
1181 2355 1349 2430 saculares,
1361 2356 1476 2419 secluso

208 2444 329 2526 speciali
344 2444 468 2506 ludulto
482 2443 653 2523 apostolica
668 2441 850 2522 eujusmodi,
865 2461 894 2503 v.
906 2460 964 2522 gr.,
975 2449 1109 2506 recenter
1120 2441 1313 2524 Sulpicianis,
1327 2443 1474 2520 Maristis,

205 2539 236 2594 et
252 2531 438 2595 Oratorianis
455 2548 631 2594 concessum
644 2537 701 2594 est.

536 2709 594 2778 Vl.
606 2748 650 2758 —
670 2711 769 2779 Circo
787 2729 885 2778 eoeas
902 2710 1144 2798 particulares.

247 2877 279 2935 ιο
293 2876 426 2934 Possunt
446 2872 624 2953 dispensare
643 2890 714 2935 cum
736 2889 825 2934 causa
847 2871 879 2934 in
899 2872 1016 2952 legibus
1035 2871 1242 2935 ecclesiasticis
1258 2890 1328 2936 cum
1343 2872 1478 2936 subditis

206 2959 286 3036 suis,
309 2968 345 3023 ut
366 2961 521 3042 Episcopi,
542 2981 573 3024 v.
596 2979 654 3040 gr.,
678 2959 756 3023 eirca
781 2959 920 3025 Officium
945 2961 1104 3036 divinum,
1124 2961 1294 3043 jejunium,
1315 2961 1480 3024 abstinen-

207 3049 298 3124 tiam,
315 3055 384 3126 ete.;
397 3049 470 3130 quia
485 3049 601 3113 habent
610 3049 857 3131 iurisdictionem
870 3049 959 3130 quasi
971 3049 1178 3131 episcopalem.

246 3141 278 3200 2⁰
285 3140 415 3200 Possunt
425 3137 600 3219 Superiores
614 3138 766 3217 regulares
778 3138 953 3218 permittere
966 3138 1098 3201 subditis
1110 3137 1289 3219 simpliciter
1296 3139 1477 3217 tonsuratis,

206 3233 244 3290 ιιι
254 3226 289 3289 in
303 3226 433 3289 ecelesiis
447 3225 610 3307 predicent
624 3225 725 3308 (Greg.
740 3229 833 3309 ΧΠΙ).

247 3319 281 3380 3⁰
292 3315 435 3396 Religiosi
453 3315 661 3378 mendicantes
677 3315 909 3380 communicant
922 3315 1091 3397 generatim
1106 3316 1187 3380 inter
1203 3335 1235 3378 se
1252 3317 1289 3380 de
1303 3317 1368 3381 suis
1382 3317 1481 3398 privi-

207 3403 310 3485 legiis,
324 3409 394 3466 tum
408 3403 486 3467 eirca
499 3420 658 3482 personas,
675 3411 744 3468 tum
762 3404 840 3468 cirea
862 3406 935 3469 loca.
953 3407 995 3468 At
1016 3423 1079 3467 non
1095 3405 1339 3480 communicant,
1355 3405 1482 3487 qnando

209 3499 284 3556 sunt
295 3491 421 3554 omnino
434 3492 589 3572 specialia,
607 3493 655 3556 vel
666 3493 784 3570 odiosa,
798 3495 847 3558 vel
860 3492 1012 3557 contraria
1025 3492 1146 3574 proprio
1162 3493 1271 3569 statui,
1287 3494 1333 3556 ita
1344 3499 1381 3557 ut
1395 3511 1482 3557 com—

208 3580 298 3644 muni
310 3581 389 3644 bono
404 3600 458 3644 seu
472 3581 678 3646 observantia
691 3582 857 3663 Religionis
867 3581 1075 3663 praejudicent.

248 3669 357 3734 Sedulo
373 3677 479 3734 autem
494 3671 718 3734 advertendum
735 3677 797 3746 est,
814 3671 878 3734 haec
893 3669 1050 3752 privilegia
1065 3669 1224 3750 Religiosis
1237 3671 1363 3734 familiis
1374 3689 1393 3733 a
1404 3675 1483 3737 lure

209 3759 367 3835 canonico,
383 3759 463 3822 vela
483 3761 593 3821 Sancta
606 3761 680 3822 Sede
694 3777 846 3835 concessa,
863 3759 934 3820 solis
948 3764 1116 3838 competere
1130 3760 1358 3840 Superioribus,
1375 3760 1429 3841 qui
1443 3779 1483 3824 ea

211 3861 266 3925 pro
280 3847 429 3926 sapientia
443 3865 498 3910 sua
511 3847 643 3909 subditis
654 3847 898 3923 communicant3
908 3846 1034 3926 insuper
1044 3853 1149 3910 autem
1160 3849 1266 3911 eadem
1280 3867 1342 3912 non
1354 3851 1482 3913 extendi

210 3933 249 3994 ad
271 3933 397 4082 prdines
418 3952 480 3998 non
509 3934 612 3998 stricte
634 3934 811 4014 Religiosos,
833 3935 888 4016 qui
910 3934 1160 4014 Congregationes
1181 3937 1338 4002 sacrdares
1358 3956 1482 4002 nuncu·

210 4039 270 4102 pan
286 4039 333 4082 ur.

752 4133 941 4196 APPENDIX

496 4279 535 4323 oa
557 4279 650 4326 sraru
671 4279 800 4324 neronnr
821 4278 1012 4325 amotarum
1032 4279 1065 4325 m
1087 4279 1195 4325 eatan

250 4386 407 4450 Permulta
417 4389 603 4452 Monasteria
614 4395 684 4452 tum
695 4390 849 4466 virorum,
865 4395 935 4452 tum
947 4389 1161 4465 faeminarum,
1177 4389 1293 4454 decimo
1307 4397 1412 4455 octavo
1426 4409 1484 4456 sae·

211 4475 277 4540 culo
286 4477 323 4539 ad
334 4475 427 4540 finem
436 4483 589 4557 vergente,
598 4477 632 4540 in
645 4477 741 4542 Gallia
753 4477 1005 4543 numerabantur.
1013 4480 1069 4542 Sed
1081 4477 1212 4542 immani
1221 4494 1327 4541 rerum
1337 4480 1482 4544 omnium
