3180 5040
686 506 958 588 receuoir

303 695 392 805 DE
429 691 901 806 INDULGENTHS
938 690 1020 800 ET
1055 691 1364 808 JUBILAEO

745 935 901 949 n·—

717 1089 894 1166 CAPUT
919 1089 936 1164 1

639 1263 689 1313 nn
714 1249 1011 1311 rundncnnrrre

229 1409 318 1470 1089.
332 1437 374 1450 -
384 1402 597 1483 Indulpentin
612 1408 649 1463 ut
664 1419 723 1463 vox
739 1400 807 1480 ipsa
820 1400 952 1472 indicet,
970 1399 1055 1461 idem
1069 1405 1116 1461 est
1131 1418 1166 1462 ac
1181 1402 1294 1480 gratia,
1313 1407 1468 1468 wdone-

191 1496 249 1568 lio,
266 1491 489 1565 misericordia,
502 1490 652 1554 remissio.
666 1489 860 1568 Indulgentia
872 1488 957 1550 enim
973 1493 1021 1550 est
1032 1489 1214 1553 condonatio
1224 1509 1319 1570 plena
1326 1494 1462 1571 peccatis

189 1584 314 1658 debite,
329 1601 382 1662 per
395 1579 630 1661 applicationem
645 1577 892 1640 satisfactionum
906 1576 1022 1640 Christi
1035 1583 1066 1638 et
1079 1581 1272 1641 Sanctorum:
1286 1597 1355 1642 nam
1366 1581 1460 1642 Chri-

191 1680 258 1735 stus
276 1672 411 1735 Salvator
430 1676 534 1732 noster
547 1671 606 1730 Deo
622 1667 704 1728 Patri
720 1685 774 1746 pro
785 1666 875 1746 plena
887 1671 1080 1746 peccatorum
1096 1673 1265 1729 nostrorum
1276 1668 1460 1731 remissione

192 1780 264 1823 suas
284 1758 505 1822 satisfactiones
524 1755 648 1820 obtulit.
664 1760 718 1819 He
732 1760 837 1817 autem
858 1753 1078 1818 satisfactiones
1096 1755 1188 1836 pretii
1202 1755 1330 1830 muniti,
1346 1757 1464 1838 quinum

191 1851 339 1913 accedunt
355 1849 451 1910 etiarn
471 1845 692 1910 satisfactiones
706 1847 805 1906 Beate
817 1842 970 1922 Virginis,
985 1862 1105 1910 necnon
1122 1844 1342 1909 satisfactiones
1359 1865 1464 1927 super-

192 1937 384 2000 abundantes
397 1939 594 2009 Sanctorrun,
611 1933 757 1996 dicuntur
770 1931 909 1995 Ecclesia
925 1931 1094 2012 tesaurus,
1105 1933 1143 1996 de
1156 1951 1218 2014 quo
1233 1951 1287 2014 per
1300 1935 1465 2016 Indume-

193 2027 251 2088 tias
266 2026 498 2106 participamus

234 2118 402 2176 Duersrrro.
419 2112 612 2193 indulgentia
626 2118 672 2173 cst
684 2108 823 2172 remissio
837 2127 935 2190 plenae
950 2111 1126 2191 temporalis
1139 2115 1198 2176 lieo
1212 2113 1324 2176 debite
1338 2132 1390 2194 pro
1403 2131 1468 2193 pec-

192 2203 268 2264 catis
287 2203 387 2283 quoad
404 2203 526 2282 culpam
550 2200 702 2274 remissie,
724 2217 862 2262 concessa
884 2199 1058 2278 elegitimo
1076 2200 1235 2276 Ministro,
1259 2208 1347 2265 extra
1366 2207 1466 2265 Sacra-

193 2297 335 2354 mentum
350 2291 555 2364 Paenitentia,
574 2309 626 2370 pcr
640 2288 872 2369 applicationem
886 2288 1021 2350 thesauri
1037 2289 1185 2352 Ecclesia.

233 2385 362 2442 Divisio.
379 2379 588 2458 Multipliciter
600 2377 792 2456 indulgentia
807 2375 1030 2456 distinguitur:

234 2472 265 2527 1ο
278 2467 443 2540 Pleume,
460 2467 507 2526 rel
519 2465 664 2544 pardalis
670 2511 681 2542 ,
696 2471 788 2544 prout
802 2464 921 2544 integra
934 2485 1021 2547 paena
1032 2466 1204 2546 tenporalis
1216 2467 1404 2543 remittitur,
1419 2469 1469 2531 rel

194 2553 328 2632 ejusdem
342 2570 412 2630 pers
426 2558 563 2613 tantrrm.

233 2646 264 2703 ⁶2⁰
280 2640 467 2718 Pereonclis,
483 2641 531 2702 rel
548 2640 665 2718 loculis,
681 2647 735 2704 aut
751 2642 859 2720 reales,
875 2651 966 2723 prout
983 2641 1148 2704 maceditur
1162 2642 1340 2703 immediate
1354 2662 1467 2722 perso

193 2732 257 2805 nie,
272 2751 301 2794 v.
317 2720 374 2811 grss,
389 2730 654 2805 Condaternitati,
669 2731 773 2794 celest
788 2731 877 2794 affixa
890 2733 982 2795 alicui
993 2733 1071 2806 looo,
1083 2751 1115 2792 u.
1126 2749 1183 2810 gr„
1194 2729 1320 2810 Templo
1332 2778 1339 2802 ,
1352 2735 1470 2793 (treto-

192 2820 253 2895 rio,
267 2825 336 2895 ete,
352 2828 407 2884 aut
421 2820 594 2883 adnectitur
606 2819 698 2882 alicui
711 2819 769 2892 rei,
785 2839 815 2883 r.
833 2839 891 2899 gn,
905 2821 1053 2900 Imagini,
1067 2818 1170 2893 Eruci,
1183 2817 1326 2894 Rosario,
1342 2826 1402 2882 etc.

233 2915 265 2972 3⁰
283 2909 488 2992 Temporalem
506 2912 558 2971 aul
568 2919 736 2991 perpetuo,
751 2917 843 2990 prout
857 2911 895 2972 ad
913 2917 1036 2991 tempus
1056 2908 1313 2984 determinatum,
1329 2916 1385 2972 aut
1400 2909 1467 2974 nne

195 2999 255 3060 ullo
270 2999 402 3060 termmo
415 2997 538 3077 profixo
555 2998 740 3061 conceditur.

317 3124 543 3208 Principia.

237 3259 421 3322 roeo-1.
441 3256 571 3320 Ecclesia
589 3257 681 3320 habet
702 3275 805 3321 veram
824 3262 1006 3338 potestatem
1026 3257 1236 3338 Indulgentiae
1250 3257 1468 3320 concedendi...

195 3347 228 3408 E
228 3355 255 3408 st
275 3347 311 3407 de
333 3345 408 3408 Fide
429 3357 536 3406 contra
557 3345 769 3409 Pcoteetentes.
794 3346 917 3409 Etenim
940 3346 1097 3420 Christus,
1119 3353 1156 3412 ut
1176 3365 1213 3410 ex
1236 3349 1285 3409 SS.
1306 3345 1471 3423 Scripturis
1576 3409 1577 3434 i

195 3443 295 3516 patet,
313 3435 397 3498 dedit
416 3435 555 3498 Ecclesia
568 3436 691 3515 plenam
708 3443 892 3516 potestatem
909 3435 1026 3515 ligandi
1041 3437 1089 3499 vel
1102 3436 1254 3511 ,solvende
1270 3439 1336 3496 term
1351 3431 1386 3494 in
1401 3431 1470 3494 foro

196 3525 333 3599 interno,
351 3533 421 3588 turn
438 3524 472 3586 in
491 3524 555 3586 loro
569 3531 693 3588 externo
708 3525 872 3604 spirituali.
889 3527 934 3586 lta
951 3525 1102 3604 cumipse
1116 3525 1258 3590 Christus
1273 3523 1351 3588 dixit
1362 3524 1470 3593 Petro,
1576 3545 1577 3566 ³

195 3615 305 3677 naeth.
324 3633 393 3688 xri,
410 3618 470 3676 le:
489 3613 702 3696 Quodcumque
723 3615 865 3695 le'povecis
886 3632 978 3694 caper·
1002 3623 1133 3692 terrem,
1158 3615 1216 3675 erit
1240 3613 1366 3694 liparam
1386 3621 1416 3672 et
1441 3615 1473 3669 iu
1576 3625 1577 3672 ;

194 3705 293 3781 ecelis;
309 3714 339 3764 et
354 3702 558 3784 quodcumque
574 3703 700 3764 solveris
718 3723 807 3784 super
826 3713 954 3782 terram,
970 3703 1030 3763 crit
1043 3701 1175 3766 soletum
1190 3711 1220 3764 et
1234 3703 1267 3763 ia
1281 3700 1377 3764 coeln.
1394 3703 1472 3778 Ergo

196 3792 279 3855 dedit
291 3797 393 3866 Petro,
408 3791 441 3853 id
454 3797 501 3852 est
512 3791 651 3854 Ecclesia
666 3811 744 3867 sure,
757 3797 940 3872 potestatem
951 3791 1090 3854 solvendi
1102 3791 1253 3872 qmdquid
1264 3797 1313 3854 est
1324 3790 1470 3870 ligatum:
1576 3787 1577 3792 ’

196 3901 266 3960 ergo
285 3882 379 3944 etiam
400 3885 583 3961 potestatem
600 3880 752 3944 liberandi
769 3901 787 3943 a
803 3899 894 3961 plena
912 3880 1042 3961 peccatis
1058 3881 1170 3944 debita.
1192 3879 1316 3944 Amedit
1336 3877 1472 3942 dedititia
1576 3935 1577 3952 ,

198 3969 288 4031 Cone.
312 3971 412 4050 Trid,
437 3989 507 4031 sess.
528 3972 620 4044 XXV,
644 3971 762 4032 decreto
789 3971 824 4031 de
846 3969 1066 4052 Indulgentiae,
1091 3969 1146 4032 ubi
1168 3969 1366 4031 anathemate
1389 3968 1473 4030 dam-
1576 3981 1577 4032 ἶ

195 4063 320 4130 nentur,
339 4059 393 4138 qui
408 4068 462 4120 cat
476 4059 595 4120 e'nutiles
612 4077 672 4119 esee
687 4067 842 4131 asserunt,
860 4059 908 4120 cel
921 4079 969 4121 eae
983 4056 1165 4121 concedendi
1182 4061 1216 4118 in
1233 4057 1377 4119 Ecclesia
1392 4065 1474 4137 pote·

195 4154 304 4297 stotlcne
313 4165 373 4208 esse
386 4156 509 4228 nepam.
522 4150 608 4211 Patet
621 4147 750 4228 insuper
761 4167 799 4210 cx
812 4147 980 4236 uniuersali
996 4147 1174 4224 traditione,
1186 4151 1216 4209 et
1229 4151 1375 4228 perpetua
1389 4144 1475 4226 proni

195 4239 251 4298 Ecc
264 4253 344 4298 esrae.

235 4331 324 4390 1091.
340 4359 381 4370 -
394 4325 431 4386 Π.
449 4325 511 4388 Soli
531 4325 668 4390 Ecclesiae
688 4327 808 4391 Praelati
822 4329 937 4391 hahent
950 4333 1132 4410 potestatem
1149 4326 1363 4406 indulgentias
1376 4343 1477 4388 conce-
1576 4323 1577 4328 ’

198 4413 300 4472 dendi.
308 4413 430 4476 Etenim
439 4414 504 4478 hee
512 4414 638 4479 facultas
645 4424 814 4498 competere
821 4417 860 4479 iis
871 4417 971 4480 solum
981 4423 1091 4499 potest,
1104 4415 1158 4497 qui
1167 4416 1283 4478 habent
1293 4422 1477 4496 potestatem

195 4497 227 4556 in
242 4517 349 4576 corpus
364 4503 531 4581 mysticum
542 4504 670 4582 Christi,
684 4511 714 4569 et
730 4507 785 4588 qui
799 4505 980 4572 thesaurrnn
991 4506 1131 4571 Ecclesia
1141 4503 1319 4586 dispensare
1332 4509 1475 4585 possunt.
1576 4533 1577 4552 1
