3224 5044
671 211 715 254 nu
734 211 868 254 caurus
1342 199 1406 256 [lio

112 327 235 383 lamen
249 317 377 382 iorluilo
392 337 478 394 cesu;
496 323 528 381 2⁰
548 319 638 384 titulo
651 319 810 395 domicilii,
829 339 883 382 scu
898 339 969 383 curn
983 322 1172 384 ordinandus
1185 321 1219 382 in
1234 321 1317 384 illius
1329 321 1406 384 dim-

111 407 182 470 cesi
197 425 312 470 verum
327 414 358 469 ol
369 408 528 488 proprium
542 407 730 468 domicilium
743 408 851 482 habel,
868 427 929 470 non
944 427 1015 472 rere
1029 409 1324 489 quasi-domicilium
1339 415 1407 474 Iem-

111 505 213 574 tum;
237 502 269 560 3⁰
291 496 381 558 lilulo
397 496 545 576 beneficii,
567 515 621 558 seu
639 515 710 559 cum
726 497 914 560 ordinandus
929 497 1104 579 beneficium
1119 500 1153 559 io
1167 499 1318 580 Episcopi
1332 499 1407 560 dicu-

112 585 182 648 eesi
199 583 456 666 possidete-*Ilo
469 585 650 666 Bomifccius
675 586 765 664 VIII,
783 605 850 668 cop.
865 587 939 649 Cum
955 587 1055 648 mullus
1071 587 1312 648 ordinandorum
1326 591 1356 649 8.
1373 587 1410 648 de

115 685 223 756 temp.
244 673 346 734 erdem.
367 678 399 734 in
414 679 457 737 6⁰.

161 761 313 844 Triplici,
339 779 431 843 quem
459 763 714 836 memoravimus,
746 764 836 826 tilulo
864 770 994 844 quartus
1017 765 1146 838 accedit,
1170 783 1278 846 nempe
1300 764 1409 828 nudus

115 851 378 933 scmc'liocitclis,
398 852 429 914 vi
448 855 534 932 quus
555 851 720 933 Episcopus
741 857 839 932 polesl
857 851 1039 916 familiarem
1053 871 1147 916 suum
1165 872 1228 916 non
1248 853 1410 916 subditum

115 941 291 1014 ordinare,
307 940 333 1002 si
348 958 401 1020 per
415 941 587 1003 triennium
606 959 678 1002 eum
695 959 798 1004 secum
816 941 976 1014 habuerit,
995 950 1027 1004 el
1046 942 1245 1018 beneficium,
1263 942 1349 1005 omni
1363 961 1411 1004 re-

118 1036 216 1091 mota
234 1029 357 1103 fraude,
380 1030 488 1092 statim
503 1030 563 1109 ipsi
581 1028 723 1091 conferat.
741 1065 782 1074 -—
797 1030 846 1092 Sic
867 1030 966 1107 Trio,
987 1050 1053 1092 sess.
1070 1033 1180 1106 XXIII,
1197 1052 1224 1092 c.
1241 1045 1287 1105 rx,
1302 1032 1338 1092 de
1352 1031 1410 1094 Rc-

117 1121 225 1200 (ono.
244 1151 284 1162 —-
298 1117 333 1179 S.
345 1119 414 1199 esp.
431 1139 462 1178 m.
481 1123 552 1183 780.

164 1207 208 1268 In
223 1205 336 1280 Gallia,
351 1225 389 1270 ex
402 1207 490 1288 praxi
505 1207 651 1287 generali,
672 1206 754 1270 solus
775 1207 941 1288 Episcopus
959 1206 1086 1288 originis
1106 1207 1247 1271 ordInace
1261 1207 1351 1282 solel;
1367 1215 1412 1270 alr

121 1303 242 1358 lamen
258 1293 327 1356 ulis
345 1297 533 1359 consuetudo
547 1295 612 1360 rim
627 1295 701 1376 logis
717 1295 828 1358 habere
842 1315 905 1359 non
917 1304 1066 1360 censetur.
1083 1301 1151 1361 Non
1166 1302 1300 1377 percarui
1316 1296 1414 1376 igilur

123 1383 304 1464 Episcopus
315 1384 450 1464 aliquem
461 1386 576 1448 radone
590 1383 738 1448 domicilii
755 1385 911 1448 ordinans.
930 1419 970 1431 —
983 1384 1122 1461 Bouucr,
1142 1407 1169 1446 c.
1190 1405 1234 1462 nr,
1250 1396 1310 1448 art.
1327 1389 1356 1448 8
1373 1419 1414 1430 -

125 1473 281 1548 (ἕσπεσθε,
298 1493 329 1534 o.
347 1479 417 1538 648.

169 1567 248 1625 707.
261 1595 302 1610 -
314 1565 416 1639 Onna.
430 1568 463 1626 2⁰
476 1564 605 1639 Quinam
625 1564 743 1626 lilleras
757 1563 944 1626 dimissorias
958 1564 1117 1626 concedere
1126 1563 1261 1646 possint?

170 1651 267 1732 Ilcsp.
286 1657 318 1712 l⁰
335 1671 341 1711 :
362 1653 448 1714 Solus
463 1652 624 1715 ordinandi
636 1653 816 1732 Episcopus,
835 1654 903 1714 sede
917 1671 979 1714 non
993 1658 1135 1726 vacante,
1152 1652 1342 1715 dimissorias
1360 1652 1412 1714 lit-

128 1747 221 1800 lecas
235 1738 306 1799 dare
321 1745 434 1817 potesl,
451 1741 514 1802 sive
529 1759 581 1819 per
592 1759 639 1813 se,
653 1740 718 1801 sive
729 1758 782 1819 per
797 1739 932 1802 Vicarics
947 1759 1018 1802 suos
1032 1740 1185 1819 generales
1195 1789 1203 1813 ,
1214 1740 1328 1819 quibus
1345 1739 1414 1818 Epi-

128 1826 222 1904 scopi
231 1826 310 1886 hanc
319 1827 493 1890 liordlalem
502 1828 657 1890 ordinarie
668 1827 838 1890 conferunt.
847 1826 945 1890 Solius
956 1827 1041 1889 enim
1053 1827 1191 1907 Episcopi
1203 1834 1250 1890 cst
1260 1827 1415 1890 dioecesim

129 1913 325 1992 gemmeum,
340 1921 372 1976 el
385 1915 539 1978 ordinario
546 1919 616 1996 jure
629 1915 756 1978 Ordines
768 1915 912 1977 conferre.

175 2002 271 2084 Ilop.
288 2006 321 2063 2⁰
336 2021 343 2063 :
361 2005 434 2065 Sede
448 2010 553 2066 autem
568 2009 710 2077 vacante,
728 2003 904 2083 Capitulum
922 2003 1015 2066 habel
1034 2004 1160 2086 quidem
1178 2005 1353 2068 inuisitatem
1364 2005 1415 2067 lio

133 2097 222 2152 teras
235 2089 424 2154 dimissorias
440 2092 636 2166 concedendi,
654 2093 705 2154 scd
720 2111 782 2154 non
796 2091 877 2154 inira
890 2111 1009 2154 anncrm
1026 2114 1044 2155 a
1060 2095 1109 2156 die
1122 2093 1300 2156 vacationis.
1314 2129 1352 2138 —
1366 2093 1415 2152 Ilo

131 2199 173 2240 eor
191 2178 222 2240 T
220 2199 229 2237 r
238 2179 296 2257 i=l.,
310 2199 378 2240 sess.
393 2183 461 2254 VII,
476 2203 501 2242 c.
518 2201 552 2254 x,
569 2181 606 2242 dc
623 2181 759 2261 Ilesorm.

179 2271 253 2330 708.
268 2300 309 2315 -
322 2271 425 2344 Qunn.
440 2275 472 2333 3⁰
484 2270 650 2352 Aquarium
664 2271 822 2350 Episcopo
837 2270 1004 2352 Repulares
1016 2272 1183 2332 urdc'uumdi
1195 2271 1277 2332 sc'nl?

178 2357 271 2436 Resp.
285 2375 296 2418 .·
309 2359 471 2437 Regulares
483 2359 644 2421 ordinandi
660 2359 784 2420 suntab
801 2358 959 2439 Episcopo,
974 2360 1007 2421 in
1022 2362 1108 2442 cnjus
1121 2359 1241 2422 dioecesi
1255 2368 1302 2422 esl
1315 2363 1418 2423 nons-

135 2445 288 2518 slerium,
304 2446 357 2508 ubi
373 2454 446 2510 lunc
459 2455 700 2510 commorantur.
712 2481 752 2492 --
764 2446 812 2508 Sic
825 2465 863 2509 ex
877 2466 941 2528 emp.
960 2447 1035 2510 Cum
1050 2448 1165 2511 nullus.

179 2535 215 2598 Si
231 2541 335 2596 lamen
351 2535 514 2616 Episcopus
528 2537 575 2598 vei
590 2537 699 2600 absens
711 2535 803 2598 lueril
818 2537 865 2598 vel
876 2537 1101 2600 ordinationem
1111 2537 1222 2608 hahere
1235 2555 1294 2600 non
1309 2537 1415 2618 possit,

135 2623 296 2704 Superior,
321 2623 504 2688 dimissoriis
528 2625 666 2700 traditis,
688 2623 799 2705 polenii
826 2625 965 2688 subditos
985 2627 1023 2688 ad
1044 2627 1213 2706 quemlihet
1237 2627 1418 2707 Episcopum

136 2712 328 2774 ordinandos
351 2713 489 2786 millcrc,
514 2715 603 2776 modo
627 2713 700 2775 huic
718 2713 863 2792 Episcopo
884 2715 1047 2776 escendanl
1069 2713 1285 2776 testimonium
1306 2714 1420 2776 Vicorii

139 2798 308 2876 generalis,
326 2800 371 2859 vel
387 2799 570 2874 cancellarii,
592 2819 646 2862 seu
660 2801 813 2861 secrelarii
828 2801 942 2880 proprii
961 2802 1110 2882 Episcopi.
1129 2835 1172 2846 -
1197 2801 1267 2862 Vide
1280 2803 1313 2862 S.
1334 2803 1417 2882 Lm,

40 2931 47 2946 .
139 2907 174 2946 u.
193 2889 265 2947 788.

185 2976 223 3035 In
244 2974 434 3038 ordinalione
455 2983 560 3039 aulem
586 2975 800 3054 negulcricm,
824 2979 973 3042 servanda
992 2986 1038 3040 est
1059 2977 1219 3059 disposicio
1237 2977 1420 3040 Poulifioelis

142 3063 279 3128 Romani
294 3064 392 3144 quoad
406 3065 585 3126 farinulam:
601 3065 761 3125 Promissis
778 3065 941 3128 ordinario
957 3075 1007 3127 luc
1023 3067 1236 3144 obedienciam,
1248 3073 1306 3128 ele.
1322 3067 1421 3126 -Sic

143 3153 247 3214 Sacra
263 3153 374 3232 (sempr.
392 3154 469 3230 llic,
484 3153 533 3215 die
546 3157 586 3215 22
602 3151 677 3214 Iulii
692 3157 784 3225 18l8‚
799 3157 831 3214 io
848 3153 1020 3216 Gondouem.

187 3245 290 3316 Qnun.
305 3248 337 3304 4⁰
361 3241 504 3316 Quoencm
521 3241 612 3302 MIssu
631 3239 758 3301 diceudo
772 3245 811 3300 sil
831 3243 867 3303 ob
888 3244 1039 3324 Episcopo
1052 3243 1085 3304 in
1104 3243 1268 3305 collatione
1285 3241 1423 3320 pomer-ali

146 3331 313 3406 Ordioum,
336 3332 457 3412 quoodo
477 3333 508 3391 im
532 3329 673 3392 Sobbclis
695 3341 825 3411 quoluor
848 3331 1040 3412 Tcmpcrum,
1061 3342 1118 3392 aul
1139 3343 1209 3394 cnlc
1235 3333 1423 3394 Dominicana

142 3423 294 3502 passionis
308 3425 440 3482 occurrit
453 3419 580 3501 aliquod
599 3419 724 3501 seclum,
742 3439 782 3478 cn
802 3419 918 3482 scilicet
932 3420 968 3482 dc
976 3420 1073 3500 serio,
1091 3439 1130 3480 aa
1145 3440 1213 3482 uero
1228 3421 1263 3480 dc
1276 3417 1372 3499 seclo?

187 3509 277 3590 Iicsp.
294 3528 306 3570 .·
320 3513 362 3572 De
382 3508 455 3572 seria
474 3509 622 3572 celebrare
640 3507 739 3571 debet.
757 3541 796 3552 -
810 3507 862 3570 Ilo
879 3505 915 3569 S.
933 3508 1050 3586 compr.
1066 3509 1131 3568 llil.
1149 3507 1308 3570 mullolies
1328 3508 1424 3569 decim

145 3597 241 3660 ravil..
254 3629 295 3644 -·
327 3597 360 3660 V.
376 3598 484 3672 Cusus,
500 3619 531 3659 m.
545 3603 602 3660 821
620 3607 648 3658 el
660 3616 722 3678 seq.

575 3901 582 3918 .
659 3832 834 3910 CAPUT
862 3831 918 3908 IV

460 4031 506 4079 DE
533 4030 704 4080 SURJECTO
731 4029 954 4080 SACRAMENTI
982 4029 1122 4078 ORDINIS

277 4175 502 4254 Principia.

194 4305 264 4367 708.
278 4333 317 4350 -
334 4305 358 4364 I.
375 4303 551 4382 Subjccium
562 4302 685 4365 Ordinis
696 4310 742 4366 est
755 4305 838 4368 sulus
852 4322 919 4366 mas
933 4302 1115 4383 baptizalus.

194 4393 287 4454 Ilolio
301 4391 349 4456 1⁰³¹
361 4397 426 4465 est,
442 4389 515 4471 quio
528 4389 650 4454 feminee
663 4409 701 4454 ex
712 4391 819 4456 divina
832 4391 1027 4454 insliiulione
1041 4399 1117 4469 sunl.
1126 4389 1251 4456 muns
1263 4391 1427 4474 cuijus

155 4497 281 4560 persus
299 4480 463 4561 iucspaoes.
480 4481 606 4542 Conslsl
619 4497 657 4541 er
675 4479 769 4542 sacris
787 4479 928 4556 Lilleris3
948 4482 960 4542 l
981 4483 1047 4544 Gor.
1069 4497 1134 4554 nr,
1154 4484 1205 4556 sl,
1224 4479 1277 4543 ail-
1289 4483 1396 4560 Apnsl.
1414 4497 1423 4540 r
