3220 5042
486 216 529 260 nn
555 213 791 260 sscasnnnro
818 211 1055 256 rmnrrnnrnn
1335 201 1402 262 265

170 327 266 408 Itesp.
279 325 352 388 :Sic
366 325 525 406 respondet
538 326 574 388 S.
590 327 673 406 etp„
690 345 722 387 n.
737 328 796 388 556
812 342 818 384 :
842 323 969 385 Videlur
983 341 1021 383 ea
1034 343 1096 382 uria
1106 331 1200 402 parite
1213 328 1407 406 crepandum:

125 437 203 478 ream
215 416 242 476 si
251 415 427 496 Episcopus
441 413 491 476 vel
502 415 581 475 alias
597 414 634 475 ab
647 435 681 474 eo
699 413 854 494 delepatas
864 421 990 492 possent
1011 411 1090 471 bunc
1106 431 1217 491 casum,
1234 417 1356 493 quaudo
1369 421 1406 478 sit

125 503 283 581 occultus,
308 503 478 578 absolvere,
505 503 671 565 reservatio
694 501 856 583 Pontificis
879 500 1018 560 evaderet
1043 499 1161 559 inutilis
1186 501 1375 566 et'illusoria
1394 527 1406 566 .·

124 613 215 654 casus
231 593 310 653 enim
325 612 386 652 uon
399 601 501 674 potest
515 593 577 652 nisi
589 590 703 654 occulte
716 590 890 651 accidere...

167 683 314 743 Attamen
330 680 535 762 probabiliter
554 680 675 742 videtur
694 699 786 761 posse
814 678 893 752 clici,
916 678 1011 757 quod,
1033 679 1123 738 etiam
1149 677 1235 740 salva
1259 679 1406 760 facultate

121 769 298 852 Episcopis
313 789 331 830 a
346 767 437 831 Cone.
454 770 611 851 impertita
631 767 806 828 absolvendi
830 767 908 827 bunc
924 786 1041 844 casum,
1059 766 1179 847 quando
1195 777 1237 828 est
1254 769 1404 848 occultus,

122 858 292 921 reservatio
308 857 470 939 Pontificis
489 879 551 918 uon
566 857 688 918 omnino
704 856 880 917 redderetur
899 855 1018 916 inutilis
1031 865 1059 916 et
1077 855 1238 916 illusoria:
1252 867 1315 918 tum
1334 861 1405 939 quia

123 947 198 1008 lieet
215 945 373 1008 ordinarie
388 966 473 1006 casus
491 947 529 1007 sit
546 945 690 1019 occultus,
707 955 807 1006 tamen
818 943 987 1025 aliquando
998 953 1101 1026 potest
1118 945 1255 1027 accidere
1273 946 1354 1028 quod
1367 949 1406 1008 sit

118 1035 285 1118 publicus;
308 1045 370 1096 tum
389 1037 461 1116 qaia
483 1035 534 1097 lev
557 1035 772 1096 reservationis
791 1032 899 1093 saltem
924 1031 1027 1093 Romae
1046 1031 1143 1093 locum
1168 1033 1307 1108 baberet,
1326 1045 1353 1096 et
1374 1037 1405 1096 in

122 1125 198 1185 aliis
214 1124 286 1185 locis
299 1123 350 1184 ubi
363 1123 501 1185 Trident.
516 1144 576 1184 nou
593 1133 636 1182 est
650 1132 817 1202 receptum,
835 1129 864 1182 et
878 1121 931 1181 ubi
944 1121 1097 1203 Episcopi
1107 1131 1258 1202 nequeunt
1269 1124 1405 1204 praefato

122 1211 277 1292 facultate
291 1213 373 1274 vti...
1237 1277 1247 1294 ⁶

168 1305 287 1364 Verum
305 1301 465 1364 sententia
484 1299 634 1380 negativa
648 1317 732 1362 nunc
745 1299 873 1363 omnino
892 1297 1113 1361 adherendum
1127 1302 1181 1360 est.
1199 1303 1323 1363 Constat
1337 1308 1406 1363 tum

121 1408 163 1451 ex
177 1388 384 1452 Declaratione
397 1388 432 1450 S.
452 1389 565 1470 Conpr.
582 1388 815 1470 Inquisitionis,
833 1387 882 1450 die
897 1393 935 1452 18
951 1386 1026 1450 tulii
1041 1391 1135 1462 18603
1152 1394 1222 1450 tum
1237 1389 1405 1469 prasertim

122 1496 162 1539 ex
178 1481 284 1540 const.
298 1477 481 1559 Apostolica·
495 1477 594 1552 Sedis,
612 1496 672 1558 qua
686 1477 885 1558 excipiuntur
900 1496 919 1538 a
937 1475 1080 1539 facultate
1095 1493 1235 1538 concesso
1247 1477 1405 1558 Episcopis

120 1565 158 1628 in
171 1565 298 1647 praelato
313 1587 338 1626 c.
360 1567 464 1627 Liceat
484 1585 572 1629 cesus
591 1566 711 1647 papales
731 1584 836 1628 omnes
856 1564 977 1645 speciali
999 1565 1088 1626 modo
1107 1565 1243 1627 Pontifici
1265 1571 1405 1630 Romano

121 1655 282 1718 reservati.
298 1690 339 1700 -
361 1655 392 1716 V.
411 1653 522 1728 Casus,
540 1677 571 1715 n.
588 1659 648 1718 645
663 1663 692 1714 et
708 1674 770 1735 seq.

167 1746 240 1806 589.
255 1777 294 1786 —
308 1744 408 1817 Quen.
426 1746 458 1806 8⁰
476 1743 525 1803 An
545 1743 683 1802 incurrat
704 1741 1045 1802 excommunicationem
1065 1741 1216 1802 Sacerdos
1242 1741 1406 1822 consessio-

125 1851 199 1890 nem
215 1829 372 1910 complicis
387 1830 514 1890 audiens
530 1830 664 1910 quidem,
678 1829 732 1889 secl
747 1849 812 1888 eum
826 1849 886 1888 nort
902 1827 1081 1888 absolvens?

169 1917 266 1999 Resp.
279 1936 291 1978 .·
304 1918 482 1998 Negandum
496 1917 619 1998 putavit
633 1917 667 1979 S.
682 1917 765 1999 Lep,
781 1939 813 1978 n.
832 1921 901 1980 556.
918 1951 958 1960 -
974 1916 1123 1998 Ituriapa,
1139 1927 1211 1978 tom.
1226 1920 1264 1993 V,
1282 1937 1339 1979 cas.
1352 1923 1402 1983 50.

124 2043 166 2050 -
192 2005 282 2070 Ratio
299 2005 358 2087 ipsi
376 2005 436 2068 luit
453 2005 526 2086 quia
544 2006 600 2068 hoc
621 2005 696 2068 satis
714 2005 902 2068 declaratum
926 2004 1088 2068 ridebatur
1107 2005 1330 2068 Constitutione
1352 2012 1405 2070 Be-

124 2095 198 2156 ned.
220 2096 299 2168 XIV,
325 2095 413 2156 Inter
430 2094 619 2176 prseteritos,
646 2093 700 2156 ubi
722 2094 764 2156 sic
786 2094 921 2157 dicitur:
939 2092 1011 2154 Non
1028 2095 1127 2156 minus
1144 2093 1307 2156 Sacerdoti
1324 2115 1402 2156 com-

119 2183 214 2264 plici,
225 2182 337 2264 quivel
343 2184 544 2244 ectramortis
554 2182 717 2244 articulum
727 2182 946 2263 consessionem
957 2182 1070 2262 excipit
1075 2184 1403 2265 penitentis,eumqne

123 2271 270 2345 absolvit,
284 2271 334 2332 vel
346 2273 400 2353 qui
414 2273 446 2332 in
459 2271 589 2332 articulo
600 2273 705 2332 mortis
720 2270 861 2346 absolvit,
875 2291 941 2331 cunc
952 2272 1029 2331 alius
1039 2270 1186 2332 Sacerdos
1199 2293 1260 2333 aaa
1274 2271 1386 2334 desit...
1391 2321 1400 2351 ,

123 2361 446 2422 excommunicationis
456 2379 550 2442 poena
565 2381 583 2420 a
596 2359 681 2422 nabis
695 2361 728 2421 in
744 2361 843 2420 citatis
861 2358 1136 2422 Constitutionibus
1149 2361 1292 2442 imposita
1301 2362 1399 2442 suit...

122 2448 225 2528 Igitur
240 2468 276 2511 ex
288 2456 391 2511 mente
407 2448 560 2512 Pontifiois
575 2467 637 2511 non
652 2447 764 2511 sufficit
778 2446 941 2523 confessio,
959 2447 1116 2510 sedetiam
1135 2448 1286 2512 absolutio
1300 2451 1402 2532 requi-

123 2538 216 2598 ritur.
232 2575 271 2583 -
292 2541 514 2600 Verumtamen
534 2537 698 2599 deserenda
722 2543 769 2599 est
788 2536 853 2599 hac
873 2535 1041 2613 sententie,
1059 2542 1211 2617 quotenus
1231 2556 1249 2599 a
1275 2557 1403 2602 censura

123 2625 236 2688 liberat
256 2625 474 2688 confessarium
496 2625 598 2688 fiotum
621 2625 823 2688 conferentem
847 2625 1072 2688 ahsolutionem
1095 2625 1245 2705 complici.
1271 2629 1401 2690 Interro-

121 2713 213 2793 genti
229 2713 313 2774 enirn
332 2713 468 2793 episcopo
486 2713 677 2777 Ruthenensi
697 2733 704 2774 :
725 2713 832 2776 Utrum
849 2712 1052 2793 confessarius
1073 2715 1125 2795 qui
1144 2733 1231 2774 suum
1251 2715 1300 2774 vel
1316 2736 1402 2776 suam

125 2799 305 2879 complicem
321 2801 352 2860 in
363 2810 489 2880 peceato
506 2802 589 2882 turpi
605 2801 647 2861 ad
659 2811 785 2861 mentem
800 2801 898 2863 Bulla
910 2801 1049 2882 Apostol.
1068 2801 1170 2873 Sedis,
1191 2823 1221 2862 u.
1239 2807 1289 2875 lv,
1305 2805 1403 2863 simu·

123 2887 245 2947 laverat
268 2887 444 2961 absolvisse,
469 2886 639 2964 recitando,
661 2907 689 2948 v.
706 2909 755 2968 pr.
785 2888 958 2949 Orationem
977 2889 1154 2970 quamdam,
1173 2889 1222 2949 vel
1233 2889 1296 2949 alia
1311 2891 1401 2952 verba

119 2974 371 3054 pronuntiando,
393 2985 443 3034 aut
468 2976 558 3036 etiam
578 2975 722 3066 tacendo,
741 2975 785 3034 ita
800 2986 830 3036 ut
852 2976 1009 3037 videretur
1032 2987 1131 3039 tamen
1151 2997 1212 3059 per
1231 2978 1334 3058 siqua,
1356 2978 1404 3038 vel

121 3083 270 3124 manuum
285 3073 398 3145 pestus,
417 3083 524 3123 revera
534 3065 731 3144 penitentem
759 3084 777 3122 a
798 3065 935 3145 peccatis
955 3065 1113 3141 relocare,
1134 3067 1265 3126 incurrit
1284 3085 1401 3126 eccam·

123 3153 359 3214 murcicationem
374 3149 549 3233 specialiter
562 3149 597 3212 S.
611 3151 758 3234 Pontifici
772 3161 969 3226 reservatam,
980 3153 1017 3213 cle
1031 3173 1091 3234 qua
1105 3155 1209 3236 apitnr
1223 3155 1255 3214 ia
1262 3155 1399 3234 prefato

124 3240 242 3302 Bulla?
255 3240 379 3303 nomine
393 3242 486 3319 cong.
502 3241 533 3302 S.
550 3237 656 3312 Officii,
673 3257 754 3300 anno
769 3243 857 3315 1877,
873 3258 1053 3320 responsum
1068 3248 1133 3304 est:

168 3351 183 3388 a
206 3329 254 3391 Ad
272 3329 446 3410 episcopum
466 3327 697 3392 Ruthenensem
715 3329 959 3390 communicetur
979 3330 1133 3409 responsio
1151 3333 1236 3404 duta,
1258 3329 1333 3392 feris
1357 3332 1394 3403 V,

127 3441 142 3474 «
164 3418 411 3481 enimultra:
433 3415 647 3496 confessarios
667 3416 845 3476 simulantes
866 3416 1082 3480 absolutionem
1103 3417 1260 3500 complicis
1282 3419 1312 3478 in
1327 3437 1402 3499 pec-

126 3531 141 3561 «
165 3516 232 3567 calo
248 3507 347 3588 turpi,
365 3525 425 3582 cion
441 3505 575 3586 effupere
587 3505 938 3565 cacommunicationem.
962 3527 978 3562 n

641 3709 832 3772 APPENDIX
859 3710 886 3770 Il

467 3873 506 3916 DE
531 3873 772 3917 soulcrrnrlonn
797 3873 829 3916 IN
855 3874 1051 3919 GONFESSIONE

165 4035 349 4114 Lugendum
372 4051 444 4096 sene
467 4040 528 4108 est,
549 4033 725 4114 etquidem
744 4021 905 4116 nunonem
927 4033 1017 4109 sctis,
1040 4034 1122 4114 quad
1141 4032 1174 4094 in
1192 4032 1265 4096 ovili
1284 4033 1398 4096 Christi

125 4120 327 4185 invenientur
346 4123 527 4204 quandoque
545 4121 609 4202 lupi
632 4139 766 4202 rapacem
784 4124 865 4202 quod
884 4122 1045 4208 constituti
1065 4120 1272 4202 speculatores
1291 4121 1398 4183 domas

124 4209 225 4272 lsrael
237 4212 376 4273 eamdem
388 4209 447 4290 ipsi
464 4210 529 4271 dire
544 4210 717 4286 devastent3
734 4211 816 4290 quod
830 4210 985 4290 praepositi
1004 4209 1096 4272 saluti
1116 4210 1314 4286 animorum,
1331 4230 1394 4273 eas-

123 4297 193 4360 dem
208 4298 371 4363 crudeliter
384 4297 418 4360 in
433 4295 599 4377 perniciem
613 4298 792 4360 detrudaotl
809 4297 885 4374 Quis
901 4298 984 4360 enim
1001 4302 1119 4360 tantum
1137 4299 1393 4360 abominationem

123 4395 252 4449 cantem
268 4389 300 4448 ia
316 4387 492 4448 locosancto
507 4403 632 4448 cernens
646 4385 770 4448 horrore
785 4405 846 4449 non
861 4385 1065 4466 corripietur?
1079 4387 1150 4468 quis
1164 4407 1182 4450 a
1196 4389 1296 4450 dolore
1316 4394 1396 4449 tem-

123 4475 256 4552 perabit,
271 4484 301 4539 et
314 4493 369 4557 pro
383 4473 503 4538 virinus
517 4493 584 4536 eam
600 4474 636 4536 de
652 4473 752 4535 medio
766 4475 869 4537 tollere
884 4493 945 4537 non
958 4475 1119 4538 adnitatur
1131 4479 1146 4536 ‘l
1160 4481 1201 4541 vt
1218 4482 1304 4539 tanto
1317 4476 1398 4538 malo
