3198 5036
29 197 31 264 ᾗ
453 185 496 229 na
520 183 771 228 sacristaniis
797 185 834 230 ru
858 186 997 232 canaan
1317 175 1355 234 81

29 289 30 324 ³
104 299 225 380 subjecto
239 295 356 360 obicem
374 313 436 358 non
452 301 632 375 opponente.
651 299 729 358 Nam
743 295 809 358 fieri
821 303 935 376 potest,
953 303 989 360 ut
1003 297 1073 378 quis
1092 298 1205 379 peccati
1222 300 1361 363 mortalis

103 406 174 461 raus,
187 387 281 468 hujus
295 383 411 448 inscius
423 385 503 447 bona
517 383 576 446 fide
589 384 628 446 ad
640 385 869 447 Sacramentum
881 384 1025 448 rivorum
1039 387 1164 448 attritus
1178 389 1313 463 accedat;
1326 387 1360 451 in

103 476 146 538 his
158 493 244 556 porro
262 472 414 555 adjunctis
434 477 668 536 Sacramentum
684 471 828 560 rivorum
847 473 979 553 gratiam
995 475 1028 536 in
1045 473 1185 537 animam
1206 475 1358 551 infundit,

103 564 225 646 adeoque
241 565 396 644 paccatum
411 561 499 624 delet.
516 563 712 625 Sacramenta
730 560 814 623 enhri
833 579 951 642 semper
967 563 1098 642 gratiam
1121 563 1281 626 conferunt
1299 583 1361 628 non

101 651 276 733 ponentibus
295 650 425 726 obicem,
440 654 476 712 ut
490 655 609 712 constat
623 669 662 712 ex
677 649 762 711 Trid.
778 670 846 712 sess.
865 653 928 725 Vll,
946 671 1013 712 can.
1028 657 1062 728 6;
1078 652 1155 714 obex
1176 659 1280 716 autem
1299 671 1362 716 non

29 751 30 764 ¹
100 741 218 822 ponitur
231 741 269 803 ab
281 758 316 802 cc
330 737 384 819 qui
396 739 522 801 attritus
538 739 619 802 bona
634 737 693 801 fide
708 739 835 815 accedit3
852 757 959 820 ergo...
975 775 1015 785 -
1029 740 1079 802 lta
1097 745 1306 804 communiter.
1322 778 1362 787 —

100 829 129 891 S.
145 829 248 892 Thoan.
264 834 307 902 3.,
323 848 353 910 q.
370 832 418 901 ti,
432 837 493 890 art.
509 831 538 902 7,
552 826 593 888 ad
606 832 636 902 i,
653 837 681 889 et
694 847 724 909 q.
742 832 796 903 79,
811 838 872 889 art.
888 833 917 893 3.
931 865 971 874 -
988 829 1122 909 Suarcn,
1136 827 1171 891 S.
1192 831 1275 913 Lip„
1295 851 1326 893 n.
1343 835 1363 894 6

99 926 123 980 et
135 919 215 1000 tica,
232 916 276 1000 del
289 916 483 980 Eucharistia
503 915 654 979 disserens
669 935 676 976 :
692 915 865 998 Aliquando
878 917 958 998 (ait)
974 937 1032 1000 per
1053 918 1190 981 accidens
1222 921 1363 1001 conferre

99 1018 192 1090 potest
206 1009 434 1089 etiarnprimam
446 1008 593 1087 qratiam,
608 1024 712 1088 nempe
724 1005 825 1087 siquis
840 1010 985 1086 iquorans
995 1026 1024 1068 se
1039 1026 1095 1070 esse
1109 1011 1142 1068 in
1147 1017 1270 1089 peccato
1284 1029 1364 1070 ntor-

102 1097 169 1166 tali,
194 1096 240 1158 uel
259 1095 379 1158 credens
397 1093 505 1157 lubere
522 1097 746 1170 contritionem,
765 1095 882 1156 accedit
895 1093 937 1158 ad
953 1096 1197 1159 Communionem
1214 1117 1283 1160 curn
1302 1097 1366 1160 solct

102 1185 271 1260 attritione,
289 1195 361 1246 turre
372 1181 408 1244 de
422 1185 528 1245 attrito
549 1184 587 1266 fit
600 1184 756 1246 contritus.

141 1279 208 1338 193.
224 1309 265 1320 -
278 1275 379 1348 Quina.
398 1276 431 1336 3⁰
444 1271 493 1332 An
506 1273 682 1354 requiratur
696 1271 745 1334 cel
756 1273 891 1354 sufficiat
908 1275 1044 1352 attritio,
1061 1283 1095 1335 nt
1112 1272 1309 1337 Sacramenta
1323 1280 1368 1339 vi-

104 1383 203 1426 corum
214 1363 345 1446 puniam
358 1365 491 1444 qratiam
503 1360 679 1442 conserant?

139 1454 232 1534 Resp.
258 1451 382 1533 Asfirrn.
403 1451 442 1512 ad
462 1457 650 1530 utrumque:
667 1457 699 1514 l⁰
721 1451 846 1533 quidem
864 1450 1043 1531 requiritur,
1060 1452 1133 1532 quia
1151 1453 1253 1533 prima
1273 1454 1372 1533 gratia

103 1541 222 1604 infundi
235 1539 353 1620 nequit,
368 1539 428 1601 nisi
441 1557 495 1620 per
508 1539 746 1602 destructionem
756 1539 870 1620 peccati
883 1539 1034 1614 mortalis;
1053 1558 1141 1620 porro
1159 1541 1271 1621 peccati
1289 1559 1371 1604 mor-

101 1630 171 1692 talis
186 1627 352 1691 destructio
372 1627 437 1690 sine
451 1628 589 1708 ejusdem
608 1626 827 1700 detestatione,
841 1643 951 1706 nempe
970 1627 1036 1689 sine
1054 1628 1236 1692 contritione
1249 1631 1298 1693 val
1314 1630 1371 1692 sai-

102 1725 168 1780 tem
190 1715 348 1778 attritione
361 1715 428 1777 fieri
444 1715 568 1795 nequit;
585 1719 617 1777 2⁰
633 1714 759 1788 sufficit,
775 1715 849 1794 quia
867 1733 904 1776 en
917 1713 1007 1776 dictis
1019 1718 1217 1778 Sacramenta·
1228 1715 1372 1780 rivorum

101 1811 235 1886 possunt
250 1803 411 1882 aliquando
429 1802 564 1882 primam
583 1803 715 1882 gratiam
731 1801 883 1864 conferre:
900 1802 957 1864 hoc
974 1808 1079 1864 autem
1095 1802 1161 1864 fieri
1181 1822 1243 1866 non
1256 1812 1372 1884 posset,

104 1894 130 1956 si
150 1892 274 1956 attritio
292 1909 355 1953 non
379 1890 543 1966 sufficeret,
558 1890 711 1970 siquidem
732 1887 866 1971 pec'catcr
882 1891 921 1952 ad
939 1897 1166 1953 sacramentum
1187 1911 1240 1974 per
1262 1893 1374 1956 contri-

107 1983 223 2046 tionem
238 1979 402 2060 perlectam
411 1977 599 2060 iustificatus
612 1996 730 2059 semper
743 1980 902 2042 accederet.
918 2014 959 2024 —
975 1979 1011 2042 S.
1026 1979 1096 2061 La'p.
1112 2000 1143 2041 n.
1160 1984 1194 2056 6,
1211 1988 1269 2043 etc.

143 2074 248 2147 Quian.
264 2073 297 2131 i⁰
309 2070 348 2130 In
363 2088 421 2150 qao
434 2071 577 2130 consistat
587 2067 743 2129 character
756 2067 970 2130 Sacramenti?

144 2161 259 2240 Hesp:
273 2157 358 2220 Licet
375 2158 411 2220 de
432 2156 490 2218 fide
512 2156 552 2217 sit
572 2157 775 2218 characterem
798 2155 935 2236 imprimi
959 2156 994 2218 in
1012 2157 1183 2238 Baptismc,
1209 2159 1376 2223 Confirma-

110 2249 190 2311 tione
201 2253 232 2310 et
243 2245 371 2320 Ordine,
389 2264 451 2308 non
471 2251 576 2306 umen
594 2245 781 2307 conveniunt
798 2244 945 2324 theologi,
961 2245 997 2308 in
1015 2264 1150 2327 quonam
1168 2248 1291 2328 praecise
1309 2267 1377 2312 con-

109 2337 206 2399 sistat.
219 2334 312 2398 Nobis
332 2333 406 2396 satis
427 2332 487 2395 erit
505 2332 599 2407 sciro,
617 2337 654 2395 ut
670 2334 756 2396 docet
774 2331 945 2396 Concilium
964 2334 1062 2411 Trid„
1086 2333 1298 2399 Claracterina
1317 2357 1377 2400 esse

108 2425 294 2508 sipunculam
309 2422 459 2505 quoddam
472 2420 633 2503 spirituale
652 2429 682 2482 et
693 2421 866 2497 indelebile,
881 2422 1042 2504 impediens
1058 2427 1132 2505 quin
1147 2425 1378 2489 Sacramentum

31 2511 35 2520 '
109 2515 323 2596 iteraripossit
337 2512 432 2592 (Sess.
443 2511 512 2584 Vll,
528 2529 592 2572 can.
607 2510 655 2591 9).

147 2607 217 2667 rel.
230 2639 269 2647 -
281 2605 382 2678 Quaen.
400 2604 433 2664 5⁰
446 2599 493 2659 An
505 2609 661 2680 peccatum
676 2597 823 2680 oripinale
838 2597 972 2662 deleatur
983 2600 1017 2661 in
1029 2600 1186 2685 Baptiamo
1199 2605 1298 2668 aalide
1313 2610 1380 2689 qui-

111 2691 172 2754 dem
179 2741 189 2770 ,
207 2691 258 2754 sed
270 2686 399 2771 in's'orrni
412 2689 448 2750 od
463 2688 609 2770 desectum
620 2687 828 2769 dispositionis
840 2688 875 2748 in
890 2688 991 2750 adulto
1008 2688 1181 2772 baptizato?

29 2861 30 2864 Ἴ
147 2783 239 2864 Resp.
255 2779 333 2861 Nep.
350 2777 438 2844 Ratio
452 2783 513 2852 est,
535 2777 745 2858 quianullum
761 2781 917 2856 peccatum
933 2777 1101 2841 dissolvens
1116 2779 1153 2841 ab
1172 2780 1310 2844 amicitia
1327 2782 1380 2844 Dei

109 2873 307 2943 condonatur,
324 2867 386 2930 nisi
398 2885 451 2948 por
462 2863 737 2928 reconciliationem
751 2882 822 2926 cum
836 2868 905 2940 Dec,
922 2864 955 2927 id
969 2873 1030 2941 est,
1047 2885 1100 2946 per
1115 2867 1378 2947 justificationem.

110 2960 168 3022 Hoc
182 2965 289 3022 autern
303 2956 368 3020 fieri
383 2955 502 3036 nequit,
514 2953 576 3016 nisi
592 2952 776 3016 infundatur
787 2953 887 3034 prima
900 2954 1013 3033 gratim
1030 2956 1081 3017 sed
1096 2955 1160 3018 haec
1172 2958 1270 3036 gratia
1281 2957 1382 3037 prima

108 3065 166 3110 non
178 3045 358 3110 infunditur
365 3045 392 3107 si
405 3045 518 3107 desunt
527 3041 750 3122 dispositiones.
767 3045 896 3122 Ergo...
908 3045 1035 3105 Remoto
1047 3051 1152 3107 autem
1162 3045 1246 3108 obice
1256 3045 1320 3107 sive
1329 3064 1382 3126 per

110 3137 323 3200 contritionem
340 3133 504 3215 perlectam
523 3148 594 3192 cum
611 3137 681 3192 voto
695 3131 899 3204 Sacramenti‚
917 3131 981 3194 siro
995 3150 1049 3212 per
1064 3135 1297 3196 Sacramentum
1311 3153 1383 3198 cum

29 3287 31 3296 ,
112 3225 279 3299 attritione,
296 3220 455 3286 reviviscit
467 3237 521 3281 seu
534 3225 631 3280 cassat
645 3219 803 3299 suspensio
818 3220 923 3298 gratiae
938 3221 1168 3284 sacramentalis
1180 3221 1341 3303 Baptismi,
1353 3229 1383 3285 et

110 3315 189 3378 delet
203 3319 361 3396 peccatum
375 3308 521 3389 originale
540 3325 574 3368 ac
593 3305 688 3367 simul
705 3305 810 3368 omnia
823 3311 943 3386 peccata
957 3307 1087 3372 actualia
1102 3316 1173 3372 ante
1187 3311 1382 3392 Baptismum

111 3403 286 3466 commissa.
309 3403 541 3464 Sacramentum
563 3413 634 3458 vero
657 3393 846 3456 Paenitentia
868 3395 945 3457 delet
962 3401 1081 3476 peccata
1100 3406 1168 3477 post
1188 3401 1382 3480 Baptismurn

111 3493 273 3556 commissa
286 3497 317 3553 et
330 3495 487 3570 peccatum
505 3485 654 3568 fictionis,
671 3501 725 3546 seu
743 3499 846 3564 pravae
864 3482 1088 3563 dispositionis,
1105 3504 1176 3548 cum
1195 3505 1256 3566 qua
1274 3506 1383 3554 susae-

110 3586 196 3661 ptum
211 3587 258 3644 ast
272 3577 424 3660 Baptismi
438 3577 686 3648 Sacramentum,
701 3572 810 3634 saltem
826 3571 861 3634 in
875 3577 1029 3653 quantum
1042 3586 1137 3652 prava
1148 3573 1212 3638 haec
1224 3575 1383 3656 dispositio

109 3679 176 3750 post
193 3669 388 3750 Baptismmn
400 3663 613 3746 perseveravit.
630 3699 671 3708 —
690 3659 764 3724 Vide
772 3659 940 3724 dicendan.
957 3664 1034 3736 232,
1054 3661 1152 3738 Ouarr.
1167 3667 1209 3726 2⁰.

149 3764 221 3824 ibt.
232 3791 274 3806 -
287 3761 389 3834 Quian.
406 3760 438 3818 6ο
458 3755 566 3829 Quales
588 3753 652 3814 sint
669 3751 790 3834 effectus
807 3750 914 3831 pratia
930 3751 1159 3814 sacramentalis
1173 3753 1305 3835 sinpulis
1322 3755 1384 3818 Sn-

111 3849 274 3910 cramentis
283 3846 421 3930 propriae
430 3853 542 3925 prate-r
554 3845 688 3924 pretinm
702 3841 942 3922 sanctificantem
956 3841 1093 3902 omnibns
1108 3847 1315 3906 communem?

152 3939 242 4019 Resp.
259 3941 319 3999 :1⁰
338 3934 473 4016 Effectus
482 3935 592 4013 pratia
610 3929 809 4014 Baptinnalis
822 3935 869 3992 est
882 3947 1006 3994 omnem
1020 3930 1141 4010 culpam
1165 3935 1195 3993 et
1208 3933 1303 4013 culpae
1322 3951 1385 4016 poe·

113 4045 188 4090 nam
211 4025 381 4097 remittere,
396 4027 532 4084 mentem
550 4020 741 4095 illuminare,
758 4018 1036 4100 concupiscentiam
1056 4019 1258 4096 imminuere,
1274 4029 1306 4085 et
1320 4023 1388 4086 ani-

113 4133 201 4178 mam
220 4115 259 4179 ad
280 4131 370 4196 opera
387 4109 555 4174 christiana
570 4109 754 4173 foecundare.
776 4109 846 4170 Haec
864 4114 970 4170 autem
992 4107 1091 4187 gratia
1111 4108 1278 4173 habitualis
1299 4111 1389 4174 alieri

112 4203 267 4284 baptimto
278 4206 330 4285 jhs
344 4199 504 4263 obtinendi
515 4197 646 4274 auxilia,
663 4197 776 4278 quibus
790 4195 917 4258 feliciter
930 4197 985 4258 hos
1003 4194 1127 4258 aflectus
1141 4205 1333 4280 assequatur.

153 4297 186 4355 Ψ
201 4289 334 4356 Effectus
352 4292 458 4372 pratia
479 4286 729 4368 Confirmationis
746 4290 792 4347 est
811 4284 903 4347 robur
921 4283 960 4344 ad
977 4283 1100 4359 Fidem,
1113 4286 1167 4349 ubi
1191 4307 1266 4368 opus
1280 4287 1388 4363 fuerit,

29 4385 30 4444 l
114 4387 293 4444 constanter
315 4377 533 4461 profitendam,
560 4381 591 4439 et
614 4376 744 4437 adeam
772 4375 844 4436 data
873 4373 1098 4452 opportunitate
1125 4377 1388 4457 propugnandam.

117 4471 250 4552 ideoque
264 4468 350 4531 affert
362 4466 474 4530 animae
484 4469 537 4548 jus
551 4465 589 4527 ad
603 4463 717 4527 arruilia
731 4460 845 4543 quibus
858 4459 889 4522 id
904 4467 1036 4541 praestet.

198 4585 268 4642 dour.
280 4603 308 4618 -·
325 4583 385 4625 icit.
400 4581 432 4626 11.
1299 4568 1316 4616 t
