3220 5042
236 239 305 299 228
765 247 975 294 raacrarus

234 370 307 428 ante
319 361 498 426 electionem
512 367 568 424 sut
581 358 805 442 susceptionem
820 364 919 422 status
932 358 1005 422 vitm
1018 357 1226 440 particularis,
1243 379 1273 422 v.
1290 378 1348 439 gr..
1364 365 1438 422 ante
1450 361 1512 424 Sa·

235 451 420 526 cerdotium,
434 449 655 514 Proiessionem
673 447 859 529 religiosam,
876 454 931 512 aut
951 447 1046 510 etiam
1069 452 1140 510 ante
1162 448 1414 526 matrimonium
1430 448 1512 513 item

235 540 357 622 parando
368 538 439 622 quis
454 537 565 602 statuit
579 537 678 601 vitam
691 535 900 619 perfectiorem
911 537 1030 599 ducere.

275 633 440 693 repraeter
460 625 678 690 confessionem
699 633 835 706 tempore
852 625 960 706 primm
978 625 1212 689 communionis
1231 631 1385 707 peractam
1401 625 1511 701 facile,

234 716 403 797 generatim
415 713 788 797 loquendo,permittenda
798 721 844 777 est
855 712 915 777 alia
929 713 1076 794 generalis
1090 712 1235 776 confessio
1248 713 1439 792 totinsvitn;
1455 717 1513 779 sed

233 804 410 869 difficillimo
424 806 520 868 altera
533 804 722 867 concedenda
737 809 833 877 esset,
848 802 970 884 quando
984 801 1068 884 prior
1082 808 1131 866 sat
1143 808 1297 878 accnmte,
1311 801 1392 866 bona
1404 804 1465 867 tide
1481 809 1514 868 et

234 893 315 958 bona
328 895 486 958 voluntate
497 892 576 956 facta
586 896 646 968 est,
661 890 723 954 nisi
737 891 813 954 forte
828 891 863 954 in
877 890 1009 973 juvenili
1025 897 1130 965 aetate,
1147 909 1176 954 v.
1194 910 1253 971 gu,
1269 897 1342 954 ante
1354 896 1396 957 20
1410 911 1512 957 annos

233 988 354 1063 peracta
366 981 470 1046 fuerit.
487 980 565 1046 Hinc
577 980 774 1062 prenitentes,
789 979 843 1061 qui
858 984 969 1061 petunt
984 998 1003 1041 a
1016 979 1203 1044 confessario
1220 979 1377 1043 licentiam
1392 981 1511 1044 contes-
1544 996 1549 1007 ·

235 1071 354 1134 sionem
368 1070 538 1152 generalem
550 1068 723 1151 peragendi,
739 1067 948 1149 interrogandi
962 1075 1046 1144 sunt,
1062 1086 1125 1150 qua
1138 1068 1175 1131 de
1188 1087 1280 1131 causa
1293 1068 1326 1131 id
1338 1070 1507 1151 postulent,

235 1178 276 1222 an
294 1157 369 1222 alias
386 1162 453 1241 jam
478 1157 606 1222 confessi
625 1155 743 1221 fuerint
760 1157 950 1238 generaliter,
975 1174 1075 1238 aquo
1096 1162 1241 1238 tempore,
1264 1163 1296 1220 et
1317 1158 1455 1238 quoties;
1475 1167 1510 1222 et

234 1265 271 1310 ex
285 1247 437 1328 responsis
446 1245 600 1328 judicabit
612 1246 836 1321 confessarius,
853 1250 959 1308 utrum
970 1245 1111 1326 expediat
1122 1245 1187 1308 hac
1200 1245 1361 1322 confessio,
1376 1265 1483 1311 necne.

274 1339 307 1399 3ο
320 1335 419 1399 Facile
437 1334 644 1417 permittenda
658 1339 705 1398 est
722 1333 859 1416 personis
880 1333 997 1397 devotis
1014 1332 1161 1396 confessio
1179 1334 1326 1414 generalis
1348 1334 1506 1416 partialiS,

233 1441 344 1504 nempe
358 1423 452 1486 unius
464 1423 554 1498 anni,
572 1441 656 1486 seua
670 1430 807 1504 tempore
821 1423 940 1488 ultimae
952 1421 1147 1486 confessionis
1162 1421 1323 1502 generalis,
1334 1425 1427 1504 juxta
1438 1441 1507 1487 mo-

230 1529 297 1574 rem
311 1516 468 1574 servatum
484 1512 565 1592 apud
578 1511 737 1592 plerasque
755 1510 887 1574 familias
907 1510 1071 1593 religiosas.
1087 1513 1165 1574 ltem
1183 1511 1322 1591 permitti
1336 1511 1504 1593 aliquando

232 1605 333 1680 potest
354 1599 576 1681 paenitentibus
596 1599 672 1680 piis,
693 1607 729 1662 nt
750 1606 888 1680 repetant
911 1599 1078 1662 summarie
1100 1599 1204 1680 paucis
1229 1598 1332 1663 verbis
1352 1601 1507 1682 praecipua

231 1687 304 1751 vitae
322 1707 377 1752 sua
391 1693 527 1769 peccata:
544 1689 668 1752 attende
683 1695 787 1751 tamen
803 1689 842 1752 ad
853 1687 955 1752 varias
969 1705 1168 1769 personarum
1181 1686 1441 1753 circmnstantias.
1556 1701 1557 1704 ’

269 1781 304 1839 4⁰
317 1775 517 1840 Potissimum
529 1795 600 1840 vero
617 1794 720 1852 cavere
734 1775 846 1840 dehent
860 1775 1056 1849 confessarii,
1073 1793 1112 1838 ne
1129 1775 1249 1838 facilius
1265 1776 1451 1857 prenitentes
1465 1779 1507 1840 ad

230 1863 448 1928 confessionem
457 1865 627 1946 generalem
640 1865 836 1946 compellant;
851 1873 882 1929 et
896 1882 1088 1946 summopere
1102 1870 1177 1927 sunt
1186 1865 1437 1945 reprehendendi,
1448 1865 1506 1948 qui

231 1948 270 2015 ab
292 1952 437 2018 omnibns
455 1953 546 2016 novis
558 1952 781 2035 penitentibus
795 1953 873 2017 hanc
887 1953 1015 2034 exigunt
1026 1959 1176 2034 pretextu
1186 1952 1384 2028 necessitatis,
1392 1953 1441 2017 vel
1450 1971 1505 2016 ra·

230 2041 314 2104 tione
332 2041 593 2117 directionis,'etc.
952 2103 956 2112 .

271 2133 303 2194 5⁰
317 2135 384 2196 Non
403 2136 449 2193 est
470 2130 676 2212 permittenda
689 2130 836 2194 confessio
854 2130 1001 2212 generalis
1015 2131 1109 2192 etiam
1128 2129 1162 2193 in
1181 2129 1275 2192 dubio
1294 2130 1331 2193 de
1345 2129 1505 2195 validitate

232 2217 469 2300 praecedentium
484 2218 718 2293 confessionum,
731 2217 785 2281 ubi
797 2237 835 2280 ex
846 2219 898 2281 illa
910 2218 1075 2281 metuenda
1089 2225 1164 2282 sunt
1177 2217 1371 2282 incommoda
1384 2220 1504 2283 notabi-

230 2305 286 2382 lia,
306 2305 424 2370 raticne
438 2307 666 2388 scrupulorum,
681 2306 922 2388 perturbationis
937 2306 1143 2381 conscientiae,
1158 2301 1229 2382 etc,
1243 2307 1317 2388 quia
1327 2309 1366 2370 ob
1376 2307 1504 2371 dubiam

231 2393 447 2476 obligationem
462 2395 621 2458 subeunda
635 2413 697 2458 non
712 2402 786 2457 sunt
802 2394 907 2475 gravia
921 2414 955 2458 ae
969 2402 1051 2458 certa
1061 2395 1266 2459 incommoda.

270 2487 304 2546 6⁰
318 2487 485 2565 Nunquam
499 2481 705 2564 permittenda
722 2489 769 2546 est
782 2483 927 2546 confessio
941 2483 1089 2564 generalis
1104 2483 1288 2564 scrupulosis
1302 2489 1357 2546 aut
1377 2485 1506 2548 meticu-

231 2570 318 2648 losis3
332 2570 407 2652 quia
421 2570 447 2634 si
461 2589 525 2634 una
538 2571 747 2651 permittatur,
764 2590 798 2634 ae
812 2569 910 2646 finita,
927 2571 1035 2634 statim
1050 2571 1142 2635 aliam
1154 2571 1248 2635 lacere
1263 2572 1372 2647 volent,
1388 2579 1420 2634 et
1435 2581 1504 2654 post

231 2659 409 2735 secundam,
418 2659 512 2722 etiam
527 2658 651 2722 tertiam
661 2659 812 2740 suscipere
823 2659 1008 2740 importunis
1021 2659 1162 2741 precibus
1173 2666 1278 2742 petent
1291 2679 1361 2723 cum
1375 2679 1502 2725 summo

228 2747 342 2812 animae
354 2748 554 2824 detrimento,
567 2752 623 2811 etc.
637 2752 763 2812 Constat
776 2748 861 2810 enim
875 2748 1076 2830 experientia,
1093 2747 1311 2812 consessionem
1330 2750 1500 2830 generalem

229 2837 328 2904 multo
342 2837 445 2918 plurm
460 2837 617 2918 scmpulos
632 2855 784 2917 genemre,
800 2855 895 2917 qnam
911 2837 1077 2900 destruere.

430 3017 468 3079 11.
482 3035 571 3079 -mc
592 3033 671 3080 nouo
693 3033 858 3080 resecarem
881 3031 1102 3079 conmssrouan
1123 3031 1302 3078 cumarum

268 3175 429 3259 Multiplici
442 3180 532 3241 modo
546 3176 612 3242 fieri
630 3184 730 3259 potest
748 3177 894 3242 consessio
913 3177 1076 3258 generatim
1094 3177 1147 3240 sed
1165 3178 1264 3257 magis
1279 3179 1434 3260 expediet,
1450 3195 1499 3258 ge

228 3264 359 3332 neratim
375 3267 540 3348 loquendo;
554 3265 581 3328 si
593 3265 648 3330 fiat
654 3270 744 3348 juxta
756 3273 915 3348 sequentes
928 3267 1064 3346 regulast

268 3358 338 3419 ere.
354 3390 394 3400 —
408 3355 439 3418 1⁰
452 3355 579 3436 Regula.
595 3357 678 3419 Ante
698 3355 910 3438 consessionem
922 3375 935 3417 .·
949 3362 1083 3435 satagere
1103 3355 1194 3418 debet
1209 3353 1429 3426 confessarius,
1447 3373 1501 3418 en-

227 3444 369 3526 plicitum
381 3461 557 3524 cognoscere
571 3447 689 3506 statum
703 3443 891 3525 paenitentis,
906 3451 937 3508 et
951 3443 1051 3507 varias
1065 3442 1319 3516 circumstantias,
1330 3461 1367 3504 ex
1381 3441 1500 3523 quibus

226 3539 327 3616 potest
342 3531 435 3614 dirigi
448 3533 488 3596 ad
501 3533 668 3614 prudenter
681 3537 712 3595 et
724 3532 877 3597 fructuose
891 3533 1155 3613 interrogandum.
1172 3533 1250 3596 llinc

268 3628 300 3686 l⁰
317 3619 483 3686 Examinet
503 3627 611 3685 utrum
631 3623 784 3703 agendum
804 3621 844 3684 sit
865 3622 902 3685 de
922 3621 1107 3685 confessione
1130 3620 1311 3696 necessaria,
1334 3637 1445 3698 necne3
1472 3622 1500 3685 si

226 3709 311 3773 enim
325 3708 494 3773 necessaria
507 3707 563 3783 sit,
579 3709 678 3773 multo
694 3707 802 3791 majori
816 3707 976 3790 diligentia
994 3715 1026 3772 et
1042 3726 1117 3772 cura
1133 3709 1287 3790 poenitens
1308 3708 1497 3786 audiendus,

226 3797 463 3878 interrogandus
478 3802 509 3859 et
528 3797 720 3878 adjuvandus
738 3796 807 3859 erit.
824 3797 855 3860 Si
870 3815 940 3860 vero
954 3797 1123 3860 necessaria
1140 3803 1279 3874 nonest,
1296 3815 1421 3878 prorsus
1434 3815 1499 3861 mo

226 3885 293 3948 neri
312 3887 400 3949 debet
420 3883 587 3967 paenitens,
602 3890 635 3948 t⁰
647 3885 824 3966 hujusmodi
846 3885 1039 3966 diligentiam
1057 3905 1119 3950 non
1137 3885 1269 3968 requiri,
1285 3884 1350 3949 imo
1363 3885 1498 3950 liberum

226 3969 285 4048 ipsi
304 3992 368 4036 esse
386 3980 520 4056 peccata,
537 3971 979 4054 quaerelit,1etirere;2⁰nec
1003 3974 1168 4038 sollicitum
1188 3973 1260 4038 dein
1283 3993 1349 4039 esse
1372 3975 1495 4050 debere,

227 4059 309 4133 quod
322 4079 359 4122 ex
372 4061 524 4126 oblivione
534 4062 623 4143 plum
637 4080 692 4126 seu
706 4061 848 4143 pauciora
861 4061 1009 4126 omiserit.

252 4147 301 4239 ‘2⁰
315 4146 454 4225 lnquirat
464 4152 631 4232 prudenter
644 4151 680 4213 de
694 4148 866 4214 conditione
880 4150 1067 4232 paenitentis,
1079 4151 1116 4214 de
1130 4153 1196 4233 ejus
1209 4156 1310 4228 aetate,
1320 4151 1498 4236 occupatic-

227 4227 320 4292 nibus
334 4233 382 4294 vel
395 4235 509 4314 officiis,
526 4239 562 4301 de
574 4241 639 4319 ejus
650 4237 786 4301 familia:
803 4256 913 4320 nempe
927 4258 967 4302 an
979 4239 1092 4302 habeat
1105 4239 1204 4303 adhuc
1218 4247 1372 4320 parentes,
1388 4239 1496 4305 fratres

225 4319 282 4376 aut
296 4324 431 4382 sorores?
441 4330 471 4387 et
484 4345 524 4389 an
538 4345 610 4390 cam
621 4325 698 4409 ipsis
709 4332 857 4402 versetur,
874 4333 929 4391 aut
943 4327 998 4391 diu
1012 4334 1150 4392 versatus
1165 4327 1228 4390 sit?
1241 4335 1299 4406 etc.

250 4405 476 4498 '3⁰1nterroget
497 4435 516 4477 a
536 4435 597 4496 quo
619 4423 756 4498 tempore
774 4414 817 4478 sit
838 4415 993 4480 confessus
1010 4415 1185 4498 paenitens?
1200 4435 1242 4480 an
1256 4418 1438 4483 absolutus?
1457 4437 1499 4481 an

223 4481 887 4584 ¹310etnuneanquapravaconsuetuuine,
903 4509 958 4569 aut
974 4524 1068 4586 pravo
1086 4505 1186 4570 animi
1202 4506 1315 4571 affectu
1333 4506 1375 4571 sit
1392 4507 1498 4572 irreti-
