<?xml version="1.0" encoding="UTF-8"?>
<!DOCTYPE html PUBLIC "-//W3C//DTD XHTML 1.0 Transitional//EN"
    "http://www.w3.org/TR/xhtml1/DTD/xhtml1-transitional.dtd">
<html xmlns="http://www.w3.org/1999/xhtml" xml:lang="en" lang="en">
 <head>
  <title>
</title>
<meta http-equiv="Content-Type" content="text/html;charset=utf-8" />
  <meta name='ocr-system' content='tesseract 3.04.00' />
  <meta name='ocr-capabilities' content='ocr_page ocr_carea ocr_par ocr_line ocrx_word'/>
</head>
<body>
  <div class='ocr_page' id='page_1' title='image "./compendiumtheol03gurygoog_0356.png"; bbox 0 0 3224 5044; ppageno 0'>
   <div class='ocr_carea' id='block_1_1' title="bbox 633 215 1418 278">
    <p class='ocr_par' dir='ltr' id='par_1_1' title="bbox 633 215 1418 278">
     <span class='ocr_line' id='line_1_1' title="bbox 633 215 1418 278; baseline 0.011 -12"><span class='ocrx_word' id='word_1_1' title='bbox 633 225 676 267; x_wconf 85' lang='lat' dir='ltr'><strong>ns</strong></span> <span class='ocrx_word' id='word_1_2' title='bbox 697 221 928 268; x_wconf 77' lang='lat' dir='ltr'><strong>uararuorrro</strong></span> <span class='ocrx_word' id='word_1_3' title='bbox 1007 271 1010 278; x_wconf 69' lang='grc'>,</span> <span class='ocrx_word' id='word_1_4' title='bbox 1351 215 1418 276; x_wconf 74' lang='grc'><strong>343</strong></span> 
     </span>
    </p>
   </div>
   <div class='ocr_carea' id='block_1_2' title="bbox 138 332 1417 948">
    <p class='ocr_par' dir='ltr' id='par_1_2' title="bbox 139 332 1417 502">
     <span class='ocr_line' id='line_1_2' title="bbox 140 332 1417 420; baseline 0.005 -24"><span class='ocrx_word' id='word_1_5' title='bbox 140 333 324 397; x_wconf 90' lang='lat' dir='ltr'><strong>trimonium</strong></span> <span class='ocrx_word' id='word_1_6' title='bbox 339 332 430 396; x_wconf 91' lang='lat' dir='ltr'><strong>alicui</strong></span> <span class='ocrx_word' id='word_1_7' title='bbox 442 332 651 406; x_wconf 66' lang='lat' dir='ltr'>interdicitur,</span> <span class='ocrx_word' id='word_1_8' title='bbox 662 333 753 396; x_wconf 86' lang='lat' dir='ltr'><strong>sivea</strong></span> <span class='ocrx_word' id='word_1_9' title='bbox 766 332 913 410; x_wconf 74' lang='lat' dir='ltr'><strong>parocho,</strong></span> <span class='ocrx_word' id='word_1_10' title='bbox 925 335 990 398; x_wconf 84' lang='lat' dir='ltr'><strong>sire</strong></span> <span class='ocrx_word' id='word_1_11' title='bbox 1004 335 1043 398; x_wconf 93' lang='lat' dir='ltr'><strong>ab</strong></span> <span class='ocrx_word' id='word_1_12' title='bbox 1057 334 1203 416; x_wconf 76' lang='lat' dir='ltr'>Episcopo</span> <span class='ocrx_word' id='word_1_13' title='bbox 1215 355 1222 397; x_wconf 93' lang='lat'>:</span> <span class='ocrx_word' id='word_1_14' title='bbox 1233 355 1263 400; x_wconf 83' lang='lat' dir='ltr'><strong>v.</strong></span> <span class='ocrx_word' id='word_1_15' title='bbox 1274 356 1332 417; x_wconf 81' lang='lat' dir='ltr'><strong>gn,</strong></span> <span class='ocrx_word' id='word_1_16' title='bbox 1344 341 1417 420; x_wconf 84' lang='lat' dir='ltr'><strong>quia</strong></span> 
     </span>
     <span class='ocr_line' id='line_1_3' title="bbox 139 420 877 502; baseline -0.003 -16"><span class='ocrx_word' id='word_1_17' title='bbox 139 421 271 502; x_wconf 90' lang='lat' dir='ltr'><strong>suspicio</strong></span> <span class='ocrx_word' id='word_1_18' title='bbox 284 420 499 502; x_wconf 86' lang='lat' dir='ltr'><strong>impedimenti</strong></span> <span class='ocrx_word' id='word_1_19' title='bbox 511 421 688 485; x_wconf 71' lang='lat' dir='ltr'><strong>dirimentis</strong></span> <span class='ocrx_word' id='word_1_20' title='bbox 702 427 806 484; x_wconf 82' lang='lat' dir='ltr'><strong>exorta</strong></span> <span class='ocrx_word' id='word_1_21' title='bbox 821 429 877 484; x_wconf 90' lang='lat' dir='ltr'><strong>est.</strong></span> 
     </span>
    </p>

    <p class='ocr_par' dir='ltr' id='par_1_3' title="bbox 138 509 1416 948">
     <span class='ocr_line' id='line_1_4' title="bbox 179 509 1416 592; baseline 0.005 -18"><span class='ocrx_word' id='word_1_22' title='bbox 179 515 213 574; x_wconf 71' lang='lat'><strong>2⁰</strong></span> <span class='ocrx_word' id='word_1_23' title='bbox 227 509 395 573; x_wconf 91' lang='lat' dir='ltr'><strong>Prohibitio</strong></span> <span class='ocrx_word' id='word_1_24' title='bbox 410 510 557 590; x_wconf 87' lang='lat' dir='ltr'><strong>generalis</strong></span> <span class='ocrx_word' id='word_1_25' title='bbox 578 511 612 572; x_wconf 91' lang='lat' dir='ltr'><strong>in</strong></span> <span class='ocrx_word' id='word_1_26' title='bbox 631 510 745 592; x_wconf 86' lang='lat' dir='ltr'><strong>duplici</strong></span> <span class='ocrx_word' id='word_1_27' title='bbox 765 511 936 590; x_wconf 81' lang='lat' dir='ltr'><strong>prasertim</strong></span> <span class='ocrx_word' id='word_1_28' title='bbox 954 530 1026 575; x_wconf 90' lang='lat' dir='ltr'><strong>casu</strong></span> <span class='ocrx_word' id='word_1_29' title='bbox 1045 512 1187 588; x_wconf 90' lang='lat' dir='ltr'><strong>habetur,</strong></span> <span class='ocrx_word' id='word_1_30' title='bbox 1204 513 1318 585; x_wconf 86' lang='lat' dir='ltr'><strong>scilicet</strong></span> <span class='ocrx_word' id='word_1_31' title='bbox 1333 521 1363 580; x_wconf 77' lang='lat'><strong>1⁰</strong></span> <span class='ocrx_word' id='word_1_32' title='bbox 1377 537 1416 582; x_wconf 87' lang='lat' dir='ltr'><strong>ne</strong></span> 
     </span>
     <span class='ocr_line' id='line_1_5' title="bbox 138 598 1413 682; baseline 0.005 -20"><span class='ocrx_word' id='word_1_33' title='bbox 138 599 338 662; x_wconf 78' lang='lat' dir='ltr'>contrahatur</span> <span class='ocrx_word' id='word_1_34' title='bbox 359 598 592 662; x_wconf 66' lang='lat' dir='ltr'><strong>Matrimonium</strong></span> <span class='ocrx_word' id='word_1_35' title='bbox 614 598 696 662; x_wconf 91' lang='lat' dir='ltr'><strong>inter</strong></span> <span class='ocrx_word' id='word_1_36' title='bbox 714 599 894 662; x_wconf 75' lang='lat' dir='ltr'><strong>haereticum</strong></span> <span class='ocrx_word' id='word_1_37' title='bbox 916 607 948 663; x_wconf 89' lang='lat' dir='ltr'><strong>et</strong></span> <span class='ocrx_word' id='word_1_38' title='bbox 969 601 1166 676; x_wconf 74' lang='lat' dir='ltr'><strong>catholicam,</strong></span> <span class='ocrx_word' id='word_1_39' title='bbox 1187 608 1218 664; x_wconf 90' lang='lat' dir='ltr'><strong>et</strong></span> <span class='ocrx_word' id='word_1_40' title='bbox 1233 602 1297 666; x_wconf 84' lang='lat' dir='ltr'><strong>rice</strong></span> <span class='ocrx_word' id='word_1_41' title='bbox 1312 621 1413 682; x_wconf 86' lang='lat' dir='ltr'><strong>versa;</strong></span> 
     </span>
     <span class='ocr_line' id='line_1_6' title="bbox 139 686 1415 773; baseline 0.003 -23"><span class='ocrx_word' id='word_1_42' title='bbox 139 691 172 750; x_wconf 71' lang='lat'><strong>2⁰</strong></span> <span class='ocrx_word' id='word_1_43' title='bbox 188 705 226 750; x_wconf 88' lang='lat' dir='ltr'><strong>ne</strong></span> <span class='ocrx_word' id='word_1_44' title='bbox 240 686 440 750; x_wconf 87' lang='lat' dir='ltr'><strong>contrahatur</strong></span> <span class='ocrx_word' id='word_1_45' title='bbox 463 687 529 750; x_wconf 87' lang='lat' dir='ltr'><strong>sine</strong></span> <span class='ocrx_word' id='word_1_46' title='bbox 548 688 722 752; x_wconf 87' lang='lat' dir='ltr'><strong>bannorum</strong></span> <span class='ocrx_word' id='word_1_47' title='bbox 743 689 991 769; x_wconf 87' lang='lat' dir='ltr'><strong>proclamatione.</strong></span> <span class='ocrx_word' id='word_1_48' title='bbox 1005 693 1046 754; x_wconf 88' lang='lat' dir='ltr'><strong>De</strong></span> <span class='ocrx_word' id='word_1_49' title='bbox 1060 689 1171 754; x_wconf 90' lang='lat' dir='ltr'><strong>bannis</strong></span> <span class='ocrx_word' id='word_1_50' title='bbox 1181 694 1249 772; x_wconf 86' lang='lat' dir='ltr'><strong>jam</strong></span> <span class='ocrx_word' id='word_1_51' title='bbox 1263 711 1355 773; x_wconf 92' lang='lat' dir='ltr'><strong>supra</strong></span> <span class='ocrx_word' id='word_1_52' title='bbox 1370 694 1415 754; x_wconf 91' lang='lat' dir='ltr'><strong>di-</strong></span> 
     </span>
     <span class='ocr_line' id='line_1_7' title="bbox 140 778 1416 870; baseline 0.006 -32"><span class='ocrx_word' id='word_1_53' title='bbox 140 781 226 839; x_wconf 92' lang='lat' dir='ltr'><strong>ctum</strong></span> <span class='ocrx_word' id='word_1_54' title='bbox 239 783 298 852; x_wconf 89' lang='lat' dir='ltr'><strong>est,</strong></span> <span class='ocrx_word' id='word_1_55' title='bbox 313 798 344 838; x_wconf 82' lang='lat' dir='ltr'><strong>n.</strong></span> <span class='ocrx_word' id='word_1_56' title='bbox 360 781 418 841; x_wconf 75' lang='grc'><strong>734</strong></span> <span class='ocrx_word' id='word_1_57' title='bbox 434 787 462 838; x_wconf 88' lang='lat' dir='ltr'><strong>et</strong></span> <span class='ocrx_word' id='word_1_58' title='bbox 476 795 552 870; x_wconf 44' lang='lat' dir='ltr'><strong>sopp·</strong></span> <span class='ocrx_word' id='word_1_59' title='bbox 567 778 603 840; x_wconf 92' lang='lat' dir='ltr'><strong>de</strong></span> <span class='ocrx_word' id='word_1_60' title='bbox 618 779 718 841; x_wconf 90' lang='lat' dir='ltr'><strong>cultus</strong></span> <span class='ocrx_word' id='word_1_61' title='bbox 738 785 843 840; x_wconf 86' lang='lat' dir='ltr'><strong>autem</strong></span> <span class='ocrx_word' id='word_1_62' title='bbox 862 778 1040 862; x_wconf 83' lang='lat' dir='ltr'><strong>disparitate</strong></span> <span class='ocrx_word' id='word_1_63' title='bbox 1054 779 1191 842; x_wconf 89' lang='lat' dir='ltr'><strong>dicemus</strong></span> <span class='ocrx_word' id='word_1_64' title='bbox 1209 779 1300 855; x_wconf 83' lang='lat' dir='ltr'><strong>infra,</strong></span> <span class='ocrx_word' id='word_1_65' title='bbox 1312 801 1342 843; x_wconf 80' lang='lat' dir='ltr'><strong>a.</strong></span> <span class='ocrx_word' id='word_1_66' title='bbox 1357 786 1416 846; x_wconf 69' lang='lat'><strong>824</strong></span> 
     </span>
     <span class='ocr_line' id='line_1_8' title="bbox 140 873 244 948; baseline 0.01 -22"><span class='ocrx_word' id='word_1_67' title='bbox 140 873 170 926; x_wconf 88' lang='lat' dir='ltr'><strong>et</strong></span> <span class='ocrx_word' id='word_1_68' title='bbox 182 884 244 948; x_wconf 83' lang='lat' dir='ltr'><strong>seq.</strong></span> 
     </span>
    </p>
   </div>
   <div class='ocr_carea' id='block_1_3' title="bbox 638 995 922 1086">
    <p class='ocr_par' dir='ltr' id='par_1_4' title="bbox 638 995 922 1086">
     <span class='ocr_line' id='line_1_9' title="bbox 638 995 922 1086; baseline 0.007 -22"><span class='ocrx_word' id='word_1_69' title='bbox 638 995 739 1064; x_wconf 90' lang='lat'><strong>11.-</strong></span> <span class='ocrx_word' id='word_1_70' title='bbox 763 999 922 1086; x_wconf 84' lang='lat' dir='ltr'><strong>Tempus.</strong></span> 
     </span>
    </p>
   </div>
   <div class='ocr_carea' id='block_1_4' title="bbox 138 1165 1418 2044">
    <p class='ocr_par' dir='ltr' id='par_1_5' title="bbox 138 1165 1417 1605">
     <span class='ocr_line' id='line_1_10' title="bbox 180 1165 1417 1250; baseline 0.002 -22"><span class='ocrx_word' id='word_1_71' title='bbox 180 1170 251 1230; x_wconf 80' lang='grc'><strong>778.</strong></span> <span class='ocrx_word' id='word_1_72' title='bbox 264 1201 306 1212; x_wconf 87' lang='lat'><em>-</em></span> <span class='ocrx_word' id='word_1_73' title='bbox 322 1169 377 1228; x_wconf 89' lang='lat' dir='ltr'><strong>Est</strong></span> <span class='ocrx_word' id='word_1_74' title='bbox 393 1166 636 1230; x_wconf 88' lang='lat' dir='ltr'><strong>determinatum</strong></span> <span class='ocrx_word' id='word_1_75' title='bbox 654 1165 778 1248; x_wconf 89' lang='lat' dir='ltr'><strong>aliquod</strong></span> <span class='ocrx_word' id='word_1_76' title='bbox 794 1186 846 1248; x_wconf 92' lang='lat' dir='ltr'><strong>per</strong></span> <span class='ocrx_word' id='word_1_77' title='bbox 863 1168 1027 1230; x_wconf 86' lang='lat' dir='ltr'><strong>decursum</strong></span> <span class='ocrx_word' id='word_1_78' title='bbox 1041 1165 1117 1230; x_wconf 90' lang='lat' dir='ltr'><strong>anni</strong></span> <span class='ocrx_word' id='word_1_79' title='bbox 1130 1172 1262 1249; x_wconf 70' lang='lat' dir='ltr'><strong>tempus</strong></span> <span class='ocrx_word' id='word_1_80' title='bbox 1280 1170 1360 1250; x_wconf 92' lang='lat' dir='ltr'><strong>quod</strong></span> <span class='ocrx_word' id='word_1_81' title='bbox 1374 1169 1417 1250; x_wconf 73' lang='lat' dir='ltr'><strong>se-</strong></span> 
     </span>
     <span class='ocr_line' id='line_1_11' title="bbox 138 1253 1413 1337; baseline 0.002 -23"><span class='ocrx_word' id='word_1_82' title='bbox 138 1258 254 1316; x_wconf 80' lang='lat' dir='ltr'><strong>rtatum</strong></span> <span class='ocrx_word' id='word_1_83' title='bbox 278 1253 401 1329; x_wconf 90' lang='lat' dir='ltr'><strong>dicitur,</strong></span> <span class='ocrx_word' id='word_1_84' title='bbox 423 1262 454 1318; x_wconf 91' lang='lat' dir='ltr'><strong>et</strong></span> <span class='ocrx_word' id='word_1_85' title='bbox 474 1274 533 1336; x_wconf 88' lang='lat' dir='ltr'><strong>quo</strong></span> <span class='ocrx_word' id='word_1_86' title='bbox 558 1255 690 1318; x_wconf 86' lang='lat' dir='ltr'><strong>Ecclesia</strong></span> <span class='ocrx_word' id='word_1_87' title='bbox 713 1255 920 1318; x_wconf 84' lang='lat' dir='ltr'><strong>solemnitates</strong></span> <span class='ocrx_word' id='word_1_88' title='bbox 943 1256 1124 1337; x_wconf 91' lang='lat' dir='ltr'><strong>nuptiarum</strong></span> <span class='ocrx_word' id='word_1_89' title='bbox 1147 1262 1240 1320; x_wconf 81' lang='lat' dir='ltr'><strong>velat.</strong></span> <span class='ocrx_word' id='word_1_90' title='bbox 1264 1255 1413 1334; x_wconf 76' lang='lat' dir='ltr'><strong>Trident,</strong></span> 
     </span>
     <span class='ocr_line' id='line_1_12' title="bbox 139 1345 1416 1427; baseline 0.001 -22"><span class='ocrx_word' id='word_1_91' title='bbox 139 1363 208 1408; x_wconf 81' lang='lat' dir='ltr'><strong>sess.</strong></span> <span class='ocrx_word' id='word_1_92' title='bbox 224 1345 329 1420; x_wconf 88' lang='lat' dir='ltr'><strong>XXlV,</strong></span> <span class='ocrx_word' id='word_1_93' title='bbox 347 1364 372 1405; x_wconf 91' lang='lat' dir='ltr'><strong>e.</strong></span> <span class='ocrx_word' id='word_1_94' title='bbox 389 1362 419 1406; x_wconf 85' lang='lat' dir='ltr'><strong>x.</strong></span> <span class='ocrx_word' id='word_1_95' title='bbox 436 1381 476 1390; x_wconf 94' lang='lat'><em>-</em></span> <span class='ocrx_word' id='word_1_96' title='bbox 490 1345 561 1407; x_wconf 88' lang='lat' dir='ltr'><strong>Tale</strong></span> <span class='ocrx_word' id='word_1_97' title='bbox 575 1349 679 1408; x_wconf 90' lang='lat' dir='ltr'><strong>autem</strong></span> <span class='ocrx_word' id='word_1_98' title='bbox 694 1363 777 1407; x_wconf 92' lang='lat' dir='ltr'><strong>nunc</strong></span> <span class='ocrx_word' id='word_1_99' title='bbox 788 1352 835 1408; x_wconf 88' lang='lat' dir='ltr'><strong>est</strong></span> <span class='ocrx_word' id='word_1_100' title='bbox 849 1351 971 1426; x_wconf 88' lang='lat' dir='ltr'><strong>tempus</strong></span> <span class='ocrx_word' id='word_1_101' title='bbox 986 1347 1067 1427; x_wconf 90' lang='lat' dir='ltr'><strong>quod</strong></span> <span class='ocrx_word' id='word_1_102' title='bbox 1081 1345 1152 1408; x_wconf 91' lang='lat' dir='ltr'><strong>lluit</strong></span> <span class='ocrx_word' id='word_1_103' title='bbox 1167 1364 1185 1407; x_wconf 90' lang='lat' dir='ltr'><strong>a</strong></span> <span class='ocrx_word' id='word_1_104' title='bbox 1198 1345 1300 1426; x_wconf 92' lang='lat' dir='ltr'><strong>prima</strong></span> <span class='ocrx_word' id='word_1_105' title='bbox 1314 1345 1416 1408; x_wconf 87' lang='lat' dir='ltr'><strong>Domi-</strong></span> 
     </span>
     <span class='ocr_line' id='line_1_13' title="bbox 140 1430 1416 1516; baseline 0 -20"><span class='ocrx_word' id='word_1_106' title='bbox 140 1434 210 1496; x_wconf 92' lang='lat' dir='ltr'><strong>nica</strong></span> <span class='ocrx_word' id='word_1_107' title='bbox 223 1430 382 1496; x_wconf 83' lang='lat' dir='ltr'><strong>Adventus</strong></span> <span class='ocrx_word' id='word_1_108' title='bbox 395 1451 492 1516; x_wconf 90' lang='lat' dir='ltr'><strong>usque</strong></span> <span class='ocrx_word' id='word_1_109' title='bbox 508 1434 547 1496; x_wconf 88' lang='lat' dir='ltr'><strong>ad</strong></span> <span class='ocrx_word' id='word_1_110' title='bbox 565 1433 769 1514; x_wconf 89' lang='lat' dir='ltr'><strong>Epiphaniam</strong></span> <span class='ocrx_word' id='word_1_111' title='bbox 785 1434 942 1510; x_wconf 76' lang='lat' dir='ltr'><strong>instance,</strong></span> <span class='ocrx_word' id='word_1_112' title='bbox 956 1439 987 1497; x_wconf 91' lang='lat' dir='ltr'><strong>et</strong></span> <span class='ocrx_word' id='word_1_113' title='bbox 1001 1454 1019 1496; x_wconf 92' lang='lat' dir='ltr'><strong>a</strong></span> <span class='ocrx_word' id='word_1_114' title='bbox 1032 1434 1081 1496; x_wconf 89' lang='lat' dir='ltr'><strong>die</strong></span> <span class='ocrx_word' id='word_1_115' title='bbox 1100 1435 1245 1498; x_wconf 73' lang='lat' dir='ltr'><strong>itinerum</strong></span> <span class='ocrx_word' id='word_1_116' title='bbox 1266 1451 1364 1516; x_wconf 87' lang='lat' dir='ltr'><strong>usque</strong></span> <span class='ocrx_word' id='word_1_117' title='bbox 1378 1433 1416 1496; x_wconf 94' lang='lat' dir='ltr'><strong>ad</strong></span> 
     </span>
     <span class='ocr_line' id='line_1_14' title="bbox 140 1521 712 1605; baseline -0.002 -21"><span class='ocrx_word' id='word_1_118' title='bbox 140 1522 285 1605; x_wconf 79' lang='lat' dir='ltr'><strong>Octavam</strong></span> <span class='ocrx_word' id='word_1_119' title='bbox 298 1521 453 1585; x_wconf 89' lang='lat' dir='ltr'><strong>Paschatis</strong></span> <span class='ocrx_word' id='word_1_120' title='bbox 467 1521 544 1584; x_wconf 88' lang='lat' dir='ltr'><strong>item</strong></span> <span class='ocrx_word' id='word_1_121' title='bbox 557 1521 712 1584; x_wconf 85' lang='lat' dir='ltr'><strong>inclusive.</strong></span> 
     </span>
    </p>

    <p class='ocr_par' dir='ltr' id='par_1_6' title="bbox 139 1611 1418 2044">
     <span class='ocr_line' id='line_1_15' title="bbox 182 1611 1417 1692; baseline -0.001 -18"><span class='ocrx_word' id='word_1_122' title='bbox 182 1615 333 1674; x_wconf 75' lang='lat' dir='ltr'><strong>Ccaterum</strong></span> <span class='ocrx_word' id='word_1_123' title='bbox 349 1613 443 1675; x_wconf 86' lang='lat' dir='ltr'><strong>Cone.</strong></span> <span class='ocrx_word' id='word_1_124' title='bbox 458 1612 544 1674; x_wconf 82' lang='lat' dir='ltr'><strong>Trr&#39;d.</strong></span> <span class='ocrx_word' id='word_1_125' title='bbox 558 1612 635 1674; x_wconf 91' lang='lat' dir='ltr'><strong>solas</strong></span> <span class='ocrx_word' id='word_1_126' title='bbox 651 1611 833 1692; x_wconf 90' lang='lat' dir='ltr'><strong>nuptiarum</strong></span> <span class='ocrx_word' id='word_1_127' title='bbox 843 1612 1050 1675; x_wconf 76' lang='lat' dir='ltr'><strong>solemnitates</strong></span> <span class='ocrx_word' id='word_1_128' title='bbox 1064 1611 1188 1692; x_wconf 74' lang='lat' dir='ltr'><strong>praelato</strong></span> <span class='ocrx_word' id='word_1_129' title='bbox 1203 1619 1337 1692; x_wconf 89' lang='lat' dir='ltr'><strong>tempore</strong></span> <span class='ocrx_word' id='word_1_130' title='bbox 1349 1629 1417 1692; x_wconf 82' lang='lat' dir='ltr'><strong>pro-</strong></span> 
     </span>
     <span class='ocr_line' id='line_1_16' title="bbox 139 1699 1414 1780; baseline -0.002 -17"><span class='ocrx_word' id='word_1_131' title='bbox 139 1700 241 1773; x_wconf 87' lang='lat' dir='ltr'><strong>hibet,</strong></span> <span class='ocrx_word' id='word_1_132' title='bbox 258 1699 411 1762; x_wconf 87' lang='lat' dir='ltr'><strong>nimirum</strong></span> <span class='ocrx_word' id='word_1_133' title='bbox 426 1719 551 1780; x_wconf 87' lang='lat' dir='ltr'><strong>sponsos</strong></span> <span class='ocrx_word' id='word_1_134' title='bbox 565 1700 756 1774; x_wconf 86' lang='lat' dir='ltr'><strong>benedicere,</strong></span> <span class='ocrx_word' id='word_1_135' title='bbox 772 1719 920 1780; x_wconf 89' lang='lat' dir='ltr'><strong>sponsum</strong></span> <span class='ocrx_word' id='word_1_136' title='bbox 938 1719 1009 1762; x_wconf 90' lang='lat' dir='ltr'><strong>cum</strong></span> <span class='ocrx_word' id='word_1_137' title='bbox 1031 1699 1163 1779; x_wconf 88' lang='lat' dir='ltr'><strong>strepitu</strong></span> <span class='ocrx_word' id='word_1_138' title='bbox 1177 1702 1305 1762; x_wconf 86' lang='lat' dir='ltr'><strong>domum</strong></span> <span class='ocrx_word' id='word_1_139' title='bbox 1319 1700 1414 1760; x_wconf 89' lang='lat' dir='ltr'><strong>dedu-</strong></span> 
     </span>
     <span class='ocr_line' id='line_1_17' title="bbox 140 1786 1418 1866; baseline -0.003 -15"><span class='ocrx_word' id='word_1_140' title='bbox 140 1807 221 1862; x_wconf 89' lang='lat' dir='ltr'><strong>cere,</strong></span> <span class='ocrx_word' id='word_1_141' title='bbox 248 1787 389 1849; x_wconf 86' lang='lat' dir='ltr'><strong>convivia</strong></span> <span class='ocrx_word' id='word_1_142' title='bbox 408 1787 560 1866; x_wconf 89' lang='lat' dir='ltr'><strong>nuptialia</strong></span> <span class='ocrx_word' id='word_1_143' title='bbox 581 1788 763 1850; x_wconf 87' lang='lat' dir='ltr'><strong>solemniora</strong></span> <span class='ocrx_word' id='word_1_144' title='bbox 782 1788 947 1850; x_wconf 91' lang='lat' dir='ltr'><strong>instruere.</strong></span> <span class='ocrx_word' id='word_1_145' title='bbox 971 1791 1038 1851; x_wconf 92' lang='lat' dir='ltr'><strong>Non</strong></span> <span class='ocrx_word' id='word_1_146' title='bbox 1057 1793 1161 1848; x_wconf 90' lang='lat' dir='ltr'><strong>autem</strong></span> <span class='ocrx_word' id='word_1_147' title='bbox 1181 1793 1265 1848; x_wconf 88' lang='lat' dir='ltr'><strong>vetat</strong></span> <span class='ocrx_word' id='word_1_148' title='bbox 1286 1786 1418 1848; x_wconf 89' lang='lat' dir='ltr'><strong>Parocho</strong></span> 
     </span>
     <span class='ocr_line' id='line_1_18' title="bbox 141 1873 1417 1955; baseline -0.003 -17"><span class='ocrx_word' id='word_1_149' title='bbox 141 1893 267 1955; x_wconf 89' lang='lat' dir='ltr'><strong>sponsos</strong></span> <span class='ocrx_word' id='word_1_150' title='bbox 282 1874 429 1955; x_wconf 80' lang='lat' dir='ltr'><strong>privatim</strong></span> <span class='ocrx_word' id='word_1_151' title='bbox 447 1878 643 1955; x_wconf 85' lang='lat' dir='ltr'><strong>conjungere,</strong></span> <span class='ocrx_word' id='word_1_152' title='bbox 659 1873 730 1936; x_wconf 91' lang='lat' dir='ltr'><strong>licet</strong></span> <span class='ocrx_word' id='word_1_153' title='bbox 741 1875 836 1936; x_wconf 85' lang='lat' dir='ltr'><strong>variis</strong></span> <span class='ocrx_word' id='word_1_154' title='bbox 849 1876 884 1937; x_wconf 94' lang='lat' dir='ltr'><strong>in</strong></span> <span class='ocrx_word' id='word_1_155' title='bbox 897 1874 970 1938; x_wconf 90' lang='lat' dir='ltr'><strong>locis</strong></span> <span class='ocrx_word' id='word_1_156' title='bbox 984 1878 1104 1955; x_wconf 87' lang='lat' dir='ltr'><strong>propter</strong></span> <span class='ocrx_word' id='word_1_157' title='bbox 1116 1873 1371 1937; x_wconf 90' lang='lat' dir='ltr'><strong>consuetudinem</strong></span> <span class='ocrx_word' id='word_1_158' title='bbox 1384 1873 1417 1935; x_wconf 94' lang='lat' dir='ltr'><strong>id</strong></span> 
     </span>
     <span class='ocr_line' id='line_1_19' title="bbox 141 1961 808 2044; baseline -0.006 -18"><span class='ocrx_word' id='word_1_159' title='bbox 141 1963 235 2027; x_wconf 87' lang='lat' dir='ltr'><strong>etiarn</strong></span> <span class='ocrx_word' id='word_1_160' title='bbox 247 1961 452 2044; x_wconf 89' lang='lat' dir='ltr'><strong>prohibeatur.</strong></span> <span class='ocrx_word' id='word_1_161' title='bbox 467 1963 573 2026; x_wconf 86' lang='lat' dir='ltr'><strong>-Ito</strong></span> <span class='ocrx_word' id='word_1_162' title='bbox 587 1967 808 2026; x_wconf 82' lang='lat' dir='ltr'><strong>communiter.</strong></span> 
     </span>
    </p>
   </div>
   <div class='ocr_carea' id='block_1_5' title="bbox 611 2141 947 2229">
    <p class='ocr_par' dir='ltr' id='par_1_7' title="bbox 611 2141 947 2229">
     <span class='ocr_line' id='line_1_20' title="bbox 611 2141 947 2229; baseline -0.009 -19"><span class='ocrx_word' id='word_1_163' title='bbox 611 2141 673 2210; x_wconf 93' lang='lat' dir='ltr'><strong>lll.</strong></span> <span class='ocrx_word' id='word_1_164' title='bbox 687 2179 733 2194; x_wconf 90' lang='lat'><em>-</em></span> <span class='ocrx_word' id='word_1_165' title='bbox 750 2142 947 2229; x_wconf 84' lang='lat' dir='ltr'><strong>Sponsolio.</strong></span> 
     </span>
    </p>
   </div>
   <div class='ocr_carea' id='block_1_6' title="bbox 138 2300 1417 2911">
    <p class='ocr_par' dir='ltr' id='par_1_8' title="bbox 138 2300 1417 2911">
     <span class='ocr_line' id='line_1_21' title="bbox 182 2300 1416 2388; baseline -0.002 -23"><span class='ocrx_word' id='word_1_166' title='bbox 182 2308 251 2368; x_wconf 79' lang='lat'><strong>779.</strong></span> <span class='ocrx_word' id='word_1_167' title='bbox 270 2337 311 2350; x_wconf 90' lang='lat'><em>-</em></span> <span class='ocrx_word' id='word_1_168' title='bbox 326 2301 484 2384; x_wconf 88' lang='lat' dir='ltr'><strong>Sponsaha</strong></span> <span class='ocrx_word' id='word_1_169' title='bbox 498 2302 656 2384; x_wconf 83' lang='lat' dir='ltr'><strong>qualibet,</strong></span> <span class='ocrx_word' id='word_1_170' title='bbox 674 2303 738 2366; x_wconf 81' lang='lat' dir='ltr'><strong>sive</strong></span> <span class='ocrx_word' id='word_1_171' title='bbox 753 2301 964 2379; x_wconf 82' lang='lat' dir='ltr'><strong>ecclesiastiea,</strong></span> <span class='ocrx_word' id='word_1_172' title='bbox 978 2301 1042 2388; x_wconf 82' lang='lat' dir='ltr'><strong>sive</strong></span> <span class='ocrx_word' id='word_1_173' title='bbox 1052 2301 1197 2384; x_wconf 81' lang='lat' dir='ltr'><strong>privata,</strong></span> <span class='ocrx_word' id='word_1_174' title='bbox 1209 2300 1287 2363; x_wconf 89' lang='lat' dir='ltr'><strong>serio</strong></span> <span class='ocrx_word' id='word_1_175' title='bbox 1299 2306 1416 2363; x_wconf 89' lang='lat' dir='ltr'><strong>contra-</strong></span> 
     </span>
     <span class='ocr_line' id='line_1_22' title="bbox 140 2388 1417 2472; baseline -0.003 -16"><span class='ocrx_word' id='word_1_176' title='bbox 140 2401 203 2468; x_wconf 89' lang='lat' dir='ltr'><strong>ota,</strong></span> <span class='ocrx_word' id='word_1_177' title='bbox 220 2391 282 2455; x_wconf 93' lang='lat' dir='ltr'><strong>nisi</strong></span> <span class='ocrx_word' id='word_1_178' title='bbox 297 2398 351 2455; x_wconf 93' lang='lat' dir='ltr'><strong>aut</strong></span> <span class='ocrx_word' id='word_1_179' title='bbox 363 2399 474 2454; x_wconf 89' lang='lat' dir='ltr'><strong>mutuo</strong></span> <span class='ocrx_word' id='word_1_180' title='bbox 491 2391 739 2455; x_wconf 86' lang='lat' dir='ltr'><strong>contrahentium</strong></span> <span class='ocrx_word' id='word_1_181' title='bbox 756 2411 916 2465; x_wconf 87' lang='lat' dir='ltr'><strong>consensu,</strong></span> <span class='ocrx_word' id='word_1_182' title='bbox 932 2397 987 2452; x_wconf 91' lang='lat' dir='ltr'><strong>aut</strong></span> <span class='ocrx_word' id='word_1_183' title='bbox 1000 2391 1060 2453; x_wconf 90' lang='lat' dir='ltr'><strong>alia</strong></span> <span class='ocrx_word' id='word_1_184' title='bbox 1069 2393 1155 2472; x_wconf 85' lang='lat' dir='ltr'><strong>justa</strong></span> <span class='ocrx_word' id='word_1_185' title='bbox 1174 2391 1210 2452; x_wconf 89' lang='lat' dir='ltr'><strong>de</strong></span> <span class='ocrx_word' id='word_1_186' title='bbox 1234 2393 1324 2452; x_wconf 87' lang='lat' dir='ltr'><strong>causa</strong></span> <span class='ocrx_word' id='word_1_187' title='bbox 1338 2388 1417 2469; x_wconf 87' lang='lat' dir='ltr'><strong>legi-</strong></span> 
     </span>
     <span class='ocr_line' id='line_1_23' title="bbox 140 2477 1416 2562; baseline -0.002 -18"><span class='ocrx_word' id='word_1_188' title='bbox 140 2483 216 2544; x_wconf 87' lang='lat' dir='ltr'><strong>time</strong></span> <span class='ocrx_word' id='word_1_189' title='bbox 228 2481 375 2544; x_wconf 86' lang='lat' dir='ltr'><strong>dissoluta</strong></span> <span class='ocrx_word' id='word_1_190' title='bbox 389 2479 516 2556; x_wconf 87' lang='lat' dir='ltr'><strong>fuerint,</strong></span> <span class='ocrx_word' id='word_1_191' title='bbox 527 2486 602 2544; x_wconf 89' lang='lat' dir='ltr'><strong>sunt</strong></span> <span class='ocrx_word' id='word_1_192' title='bbox 613 2479 873 2562; x_wconf 88' lang='lat' dir='ltr'><strong>impedimentum</strong></span> <span class='ocrx_word' id='word_1_193' title='bbox 888 2478 1122 2546; x_wconf 88' lang='lat' dir='ltr'><strong>Matrimonium</strong></span> <span class='ocrx_word' id='word_1_194' title='bbox 1133 2477 1315 2559; x_wconf 90' lang='lat' dir='ltr'><strong>impediens.</strong></span> <span class='ocrx_word' id='word_1_195' title='bbox 1330 2481 1416 2541; x_wconf 87' lang='lat' dir='ltr'><strong>Patet</strong></span> 
     </span>
     <span class='ocr_line' id='line_1_24' title="bbox 140 2566 1416 2652; baseline -0.003 -19"><span class='ocrx_word' id='word_1_196' title='bbox 140 2591 176 2633; x_wconf 88' lang='lat' dir='ltr'><strong>ex</strong></span> <span class='ocrx_word' id='word_1_197' title='bbox 192 2574 262 2652; x_wconf 77' lang='lat' dir='ltr'><strong>J&#39;ure</strong></span> <span class='ocrx_word' id='word_1_198' title='bbox 280 2571 430 2645; x_wconf 84' lang='lat' dir='ltr'><strong>naturali;</strong></span> <span class='ocrx_word' id='word_1_199' title='bbox 447 2570 571 2633; x_wconf 84' lang='lat' dir='ltr'><strong>exsistit</strong></span> <span class='ocrx_word' id='word_1_200' title='bbox 584 2571 668 2633; x_wconf 91' lang='lat' dir='ltr'><strong>enim</strong></span> <span class='ocrx_word' id='word_1_201' title='bbox 684 2569 786 2651; x_wconf 82' lang='lat' dir='ltr'><strong>gravis</strong></span> <span class='ocrx_word' id='word_1_202' title='bbox 801 2569 944 2649; x_wconf 81' lang='lat' dir='ltr'><strong>obligatio</strong></span> <span class='ocrx_word' id='word_1_203' title='bbox 955 2566 1088 2650; x_wconf 79' lang='lat' dir='ltr'><strong>justitiae</strong></span> <span class='ocrx_word' id='word_1_204' title='bbox 1099 2575 1224 2649; x_wconf 87' lang='lat' dir='ltr'><strong>pactum</strong></span> <span class='ocrx_word' id='word_1_205' title='bbox 1240 2587 1276 2630; x_wconf 84' lang='lat' dir='ltr'><strong>ex</strong></span> <span class='ocrx_word' id='word_1_206' title='bbox 1292 2585 1416 2629; x_wconf 88' lang='lat' dir='ltr'><strong>oneroso</strong></span> 
     </span>
     <span class='ocr_line' id='line_1_25' title="bbox 138 2655 1415 2740; baseline -0.005 -17"><span class='ocrx_word' id='word_1_207' title='bbox 138 2667 297 2723; x_wconf 91' lang='lat' dir='ltr'><strong>contractu</strong></span> <span class='ocrx_word' id='word_1_208' title='bbox 313 2658 465 2721; x_wconf 84' lang='lat' dir='ltr'><strong>servandi.</strong></span> <span class='ocrx_word' id='word_1_209' title='bbox 481 2659 513 2722; x_wconf 87' lang='lat' dir='ltr'><strong>Si</strong></span> <span class='ocrx_word' id='word_1_210' title='bbox 529 2658 599 2740; x_wconf 87' lang='lat' dir='ltr'><strong>quis</strong></span> <span class='ocrx_word' id='word_1_211' title='bbox 614 2664 734 2734; x_wconf 90' lang='lat' dir='ltr'><strong>autem,</strong></span> <span class='ocrx_word' id='word_1_212' title='bbox 749 2677 811 2721; x_wconf 93' lang='lat' dir='ltr'><strong>non</strong></span> <span class='ocrx_word' id='word_1_213' title='bbox 826 2659 964 2720; x_wconf 87' lang='lat' dir='ltr'><strong>obstante</strong></span> <span class='ocrx_word' id='word_1_214' title='bbox 979 2657 1030 2720; x_wconf 93' lang='lat' dir='ltr'><strong>illo</strong></span> <span class='ocrx_word' id='word_1_215' title='bbox 1044 2656 1276 2737; x_wconf 87' lang='lat' dir='ltr'><strong>impedimento,</strong></span> <span class='ocrx_word' id='word_1_216' title='bbox 1291 2655 1415 2734; x_wconf 89' lang='lat' dir='ltr'><strong>nuptias</strong></span> 
     </span>
     <span class='ocr_line' id='line_1_26' title="bbox 138 2742 1416 2825; baseline -0.006 -15"><span class='ocrx_word' id='word_1_217' title='bbox 138 2747 308 2818; x_wconf 90' lang='lat' dir='ltr'><strong>contrahat,</strong></span> <span class='ocrx_word' id='word_1_218' title='bbox 325 2745 463 2808; x_wconf 83' lang='lat' dir='ltr'><strong>validum</strong></span> <span class='ocrx_word' id='word_1_219' title='bbox 478 2747 604 2825; x_wconf 89' lang='lat' dir='ltr'><strong>quidem</strong></span> <span class='ocrx_word' id='word_1_220' title='bbox 616 2747 675 2808; x_wconf 90' lang='lat' dir='ltr'><strong>erit</strong></span> <span class='ocrx_word' id='word_1_221' title='bbox 689 2746 936 2819; x_wconf 86' lang='lat' dir='ltr'><strong>Matrimonium,</strong></span> <span class='ocrx_word' id='word_1_222' title='bbox 946 2763 1018 2806; x_wconf 90' lang='lat' dir='ltr'><strong>cum</strong></span> <span class='ocrx_word' id='word_1_223' title='bbox 1030 2744 1289 2824; x_wconf 88' lang='lat' dir='ltr'><strong>impedimentum</strong></span> <span class='ocrx_word' id='word_1_224' title='bbox 1304 2743 1360 2804; x_wconf 90' lang='lat' dir='ltr'><strong>hoc</strong></span> <span class='ocrx_word' id='word_1_225' title='bbox 1375 2742 1416 2803; x_wconf 91' lang='lat' dir='ltr'><strong>sit</strong></span> 
     </span>
     <span class='ocr_line' id='line_1_27' title="bbox 141 2831 813 2911; baseline -0.003 -17"><span class='ocrx_word' id='word_1_226' title='bbox 141 2839 266 2894; x_wconf 90' lang='lat' dir='ltr'><strong>tantum</strong></span> <span class='ocrx_word' id='word_1_227' title='bbox 280 2831 466 2911; x_wconf 90' lang='lat' dir='ltr'><strong>impediens,</strong></span> <span class='ocrx_word' id='word_1_228' title='bbox 483 2851 546 2894; x_wconf 92' lang='lat' dir='ltr'><strong>uon</strong></span> <span class='ocrx_word' id='word_1_229' title='bbox 560 2839 665 2896; x_wconf 90' lang='lat' dir='ltr'><strong>tamen</strong></span> <span class='ocrx_word' id='word_1_230' title='bbox 680 2833 813 2895; x_wconf 88' lang='lat' dir='ltr'><strong>licitum.</strong></span> 
     </span>
    </p>
   </div>
   <div class='ocr_carea' id='block_1_7' title="bbox 637 3008 915 3078">
    <p class='ocr_par' dir='ltr' id='par_1_9' title="bbox 637 3008 915 3078">
     <span class='ocr_line' id='line_1_28' title="bbox 637 3008 915 3078; baseline -0.004 -1"><span class='ocrx_word' id='word_1_231' title='bbox 637 3008 756 3077; x_wconf 90' lang='lat' dir='ltr'><strong>IV.-</strong></span> <span class='ocrx_word' id='word_1_232' title='bbox 779 3009 915 3078; x_wconf 76' lang='lat' dir='ltr'><strong>Vocem.</strong></span> 
     </span>
    </p>
   </div>
   <div class='ocr_carea' id='block_1_8' title="bbox 94 3167 1416 4403">
    <p class='ocr_par' dir='ltr' id='par_1_10' title="bbox 138 3167 1416 3428">
     <span class='ocr_line' id='line_1_29' title="bbox 180 3167 1416 3250; baseline -0.005 -17"><span class='ocrx_word' id='word_1_233' title='bbox 180 3169 374 3250; x_wconf 82' lang='lat' dir='ltr'><strong>Quadruplex</strong></span> <span class='ocrx_word' id='word_1_234' title='bbox 396 3169 600 3250; x_wconf 80' lang='lat' dir='ltr'><strong>distinguitur</strong></span> <span class='ocrx_word' id='word_1_235' title='bbox 611 3173 718 3233; x_wconf 87' lang='lat' dir='ltr'><strong>rotam</strong></span> <span class='ocrx_word' id='word_1_236' title='bbox 741 3169 975 3234; x_wconf 88' lang='lat' dir='ltr'><strong>Matrimonium</strong></span> <span class='ocrx_word' id='word_1_237' title='bbox 993 3167 1178 3248; x_wconf 88' lang='lat' dir='ltr'><strong>impediens,</strong></span> <span class='ocrx_word' id='word_1_238' title='bbox 1193 3184 1302 3246; x_wconf 87' lang='lat' dir='ltr'><strong>nempe</strong></span> <span class='ocrx_word' id='word_1_239' title='bbox 1321 3171 1352 3228; x_wconf 77' lang='lat' dir='ltr'><strong>l⁰</strong></span> <span class='ocrx_word' id='word_1_240' title='bbox 1364 3183 1416 3228; x_wconf 79' lang='lat' dir='ltr'><strong>vo</strong></span> 
     </span>
     <span class='ocr_line' id='line_1_30' title="bbox 140 3253 1411 3337; baseline -0.008 -13"><span class='ocrx_word' id='word_1_241' title='bbox 140 3269 209 3324; x_wconf 91' lang='lat' dir='ltr'><strong>tum</strong></span> <span class='ocrx_word' id='word_1_242' title='bbox 222 3259 388 3336; x_wconf 86' lang='lat' dir='ltr'><strong>castitatis;</strong></span> <span class='ocrx_word' id='word_1_243' title='bbox 405 3264 436 3322; x_wconf 69' lang='lat'><strong>2⁰</strong></span> <span class='ocrx_word' id='word_1_244' title='bbox 451 3263 559 3321; x_wconf 82' lang='lat' dir='ltr'><strong>votum</strong></span> <span class='ocrx_word' id='word_1_245' title='bbox 580 3277 643 3321; x_wconf 94' lang='lat' dir='ltr'><strong>non</strong></span> <span class='ocrx_word' id='word_1_246' title='bbox 666 3258 819 3334; x_wconf 93' lang='lat' dir='ltr'><strong>nubendi;</strong></span> <span class='ocrx_word' id='word_1_247' title='bbox 834 3263 867 3322; x_wconf 78' lang='lat'><strong>³⁰</strong></span> <span class='ocrx_word' id='word_1_248' title='bbox 882 3263 991 3320; x_wconf 85' lang='lat' dir='ltr'><strong>votum</strong></span> <span class='ocrx_word' id='word_1_249' title='bbox 1004 3256 1197 3337; x_wconf 78' lang='lat' dir='ltr'><strong>ingrediendi</strong></span> <span class='ocrx_word' id='word_1_250' title='bbox 1210 3253 1411 3333; x_wconf 85' lang='lat' dir='ltr'><strong>Rehgionem;</strong></span> 
     </span>
     <span class='ocr_line' id='line_1_31' title="bbox 138 3347 763 3428; baseline -0.006 -17"><span class='ocrx_word' id='word_1_251' title='bbox 138 3353 171 3412; x_wconf 79' lang='lat' dir='ltr'><strong>l⁰</strong></span> <span class='ocrx_word' id='word_1_252' title='bbox 186 3355 294 3411; x_wconf 81' lang='lat' dir='ltr'><strong>votum</strong></span> <span class='ocrx_word' id='word_1_253' title='bbox 312 3348 439 3411; x_wconf 89' lang='lat' dir='ltr'><strong>Ordines</strong></span> <span class='ocrx_word' id='word_1_254' title='bbox 452 3365 551 3410; x_wconf 88' lang='lat' dir='ltr'><strong>sacros</strong></span> <span class='ocrx_word' id='word_1_255' title='bbox 566 3347 763 3428; x_wconf 89' lang='lat' dir='ltr'><strong>suscipiendi.</strong></span> 
     </span>
    </p>

    <p class='ocr_par' dir='ltr' id='par_1_11' title="bbox 177 3437 650 3501">
     <span class='ocr_line' id='line_1_32' title="bbox 177 3437 650 3501; baseline -0.006 0"><span class='ocrx_word' id='word_1_256' title='bbox 177 3441 247 3501; x_wconf 82' lang='lat'><strong>780.</strong></span> <span class='ocrx_word' id='word_1_257' title='bbox 266 3473 307 3482; x_wconf 90' lang='lat'><em>-</em></span> <span class='ocrx_word' id='word_1_258' title='bbox 321 3439 344 3498; x_wconf 94' lang='lat' dir='ltr'><strong>l.</strong></span> <span class='ocrx_word' id='word_1_259' title='bbox 369 3437 476 3501; x_wconf 83' lang='lat' dir='ltr'><strong>Votum</strong></span> <span class='ocrx_word' id='word_1_260' title='bbox 489 3438 650 3499; x_wconf 83' lang='lat' dir='ltr'><strong>eastitatis.</strong></span> 
     </span>
    </p>

    <p class='ocr_par' dir='ltr' id='par_1_12' title="bbox 137 3518 1414 3695">
     <span class='ocr_line' id='line_1_33' title="bbox 178 3518 1414 3606; baseline -0.006 -18"><span class='ocrx_word' id='word_1_261' title='bbox 178 3532 209 3588; x_wconf 83' lang='lat' dir='ltr'><strong>l⁰</strong></span> <span class='ocrx_word' id='word_1_262' title='bbox 223 3526 281 3602; x_wconf 86' lang='lat' dir='ltr'><strong>Qui</strong></span> <span class='ocrx_word' id='word_1_263' title='bbox 296 3527 355 3589; x_wconf 92' lang='lat' dir='ltr'><strong>tale</strong></span> <span class='ocrx_word' id='word_1_264' title='bbox 369 3533 478 3590; x_wconf 77' lang='lat' dir='ltr'><strong>uotum</strong></span> <span class='ocrx_word' id='word_1_265' title='bbox 499 3525 618 3602; x_wconf 88' lang='lat' dir='ltr'><strong>emisit,</strong></span> <span class='ocrx_word' id='word_1_266' title='bbox 635 3530 737 3606; x_wconf 92' lang='lat' dir='ltr'><strong>peccat</strong></span> <span class='ocrx_word' id='word_1_267' title='bbox 761 3525 895 3604; x_wconf 81' lang='lat' dir='ltr'><strong>graviter</strong></span> <span class='ocrx_word' id='word_1_268' title='bbox 910 3520 1145 3586; x_wconf 88' lang='lat' dir='ltr'><strong>Matrimonium</strong></span> <span class='ocrx_word' id='word_1_269' title='bbox 1162 3519 1262 3582; x_wconf 89' lang='lat' dir='ltr'><strong>iniens</strong></span> <span class='ocrx_word' id='word_1_270' title='bbox 1277 3536 1348 3580; x_wconf 88' lang='lat' dir='ltr'><strong>cum</strong></span> <span class='ocrx_word' id='word_1_271' title='bbox 1361 3518 1414 3582; x_wconf 88' lang='lat' dir='ltr'><strong>in-</strong></span> 
     </span>
     <span class='ocr_line' id='line_1_34' title="bbox 137 3611 1012 3695; baseline -0.007 -17"><span class='ocrx_word' id='word_1_272' title='bbox 137 3614 274 3678; x_wconf 90' lang='lat' dir='ltr'><strong>tentione</strong></span> <span class='ocrx_word' id='word_1_273' title='bbox 288 3615 365 3678; x_wconf 92' lang='lat' dir='ltr'><strong>illud</strong></span> <span class='ocrx_word' id='word_1_274' title='bbox 379 3615 631 3690; x_wconf 88' lang='lat' dir='ltr'><strong>consummandi,</strong></span> <span class='ocrx_word' id='word_1_275' title='bbox 647 3613 722 3695; x_wconf 91' lang='lat' dir='ltr'><strong>quia</strong></span> <span class='ocrx_word' id='word_1_276' title='bbox 734 3622 843 3676; x_wconf 89' lang='lat' dir='ltr'><strong>votum</strong></span> <span class='ocrx_word' id='word_1_277' title='bbox 857 3611 1012 3692; x_wconf 80' lang='lat' dir='ltr'><strong>infringit.</strong></span> 
     </span>
    </p>

    <p class='ocr_par' dir='ltr' id='par_1_13' title="bbox 136 3695 1413 3877">
     <span class='ocr_line' id='line_1_35' title="bbox 176 3695 1413 3786; baseline -0.008 -18"><span class='ocrx_word' id='word_1_278' title='bbox 176 3709 211 3768; x_wconf 74' lang='lat'><strong>2⁰</strong></span> <span class='ocrx_word' id='word_1_279' title='bbox 223 3708 327 3768; x_wconf 87' lang='lat' dir='ltr'><strong>Peccat</strong></span> <span class='ocrx_word' id='word_1_280' title='bbox 341 3705 436 3768; x_wconf 88' lang='lat' dir='ltr'><strong>etiam</strong></span> <span class='ocrx_word' id='word_1_281' title='bbox 452 3706 595 3786; x_wconf 85' lang='lat' dir='ltr'><strong>graviter,</strong></span> <span class='ocrx_word' id='word_1_282' title='bbox 613 3707 730 3768; x_wconf 87' lang='lat' dir='ltr'><strong>seclusa</strong></span> <span class='ocrx_word' id='word_1_283' title='bbox 742 3704 799 3766; x_wconf 90' lang='lat' dir='ltr'><strong>hac</strong></span> <span class='ocrx_word' id='word_1_284' title='bbox 812 3701 995 3776; x_wconf 86' lang='lat' dir='ltr'><strong>intentione,</strong></span> <span class='ocrx_word' id='word_1_285' title='bbox 1010 3700 1084 3783; x_wconf 86' lang='lat' dir='ltr'><strong>quia</strong></span> <span class='ocrx_word' id='word_1_286' title='bbox 1097 3697 1221 3780; x_wconf 82' lang='lat' dir='ltr'><strong>exponit</strong></span> <span class='ocrx_word' id='word_1_287' title='bbox 1236 3715 1269 3759; x_wconf 89' lang='lat' dir='ltr'><strong>sc</strong></span> <span class='ocrx_word' id='word_1_288' title='bbox 1283 3695 1413 3777; x_wconf 91' lang='lat' dir='ltr'><strong>periculo</strong></span> 
     </span>
     <span class='ocr_line' id='line_1_36' title="bbox 136 3792 878 3877; baseline -0.001 -22"><span class='ocrx_word' id='word_1_289' title='bbox 136 3793 184 3857; x_wconf 77' lang='lat' dir='ltr'><strong>rel</strong></span> <span class='ocrx_word' id='word_1_290' title='bbox 196 3799 306 3856; x_wconf 83' lang='lat' dir='ltr'><strong>votum</strong></span> <span class='ocrx_word' id='word_1_291' title='bbox 319 3796 366 3856; x_wconf 87' lang='lat' dir='ltr'><strong>vel</strong></span> <span class='ocrx_word' id='word_1_292' title='bbox 375 3799 427 3877; x_wconf 87' lang='lat' dir='ltr'><strong>jus</strong></span> <span class='ocrx_word' id='word_1_293' title='bbox 441 3795 567 3858; x_wconf 86' lang='lat' dir='ltr'><strong>alterius</strong></span> <span class='ocrx_word' id='word_1_294' title='bbox 579 3793 718 3876; x_wconf 85' lang='lat' dir='ltr'><strong>conjugis</strong></span> <span class='ocrx_word' id='word_1_295' title='bbox 732 3792 878 3856; x_wconf 89' lang='lat' dir='ltr'><strong>violandi.</strong></span> 
     </span>
    </p>

    <p class='ocr_par' dir='ltr' id='par_1_14' title="bbox 94 3873 1413 4317">
     <span class='ocr_line' id='line_1_37' title="bbox 178 3873 1413 3964; baseline -0.009 -18"><span class='ocrx_word' id='word_1_296' title='bbox 178 3887 211 3946; x_wconf 81' lang='lat'><strong>3⁰</strong></span> <span class='ocrx_word' id='word_1_297' title='bbox 224 3885 383 3945; x_wconf 82' lang='lat' dir='ltr'><strong>Contracta</strong></span> <span class='ocrx_word' id='word_1_298' title='bbox 405 3884 618 3960; x_wconf 91' lang='lat' dir='ltr'><strong>matrimonio,</strong></span> <span class='ocrx_word' id='word_1_299' title='bbox 633 3903 688 3947; x_wconf 91' lang='lat' dir='ltr'><strong>neo</strong></span> <span class='ocrx_word' id='word_1_300' title='bbox 702 3890 801 3964; x_wconf 89' lang='lat' dir='ltr'><strong>petere</strong></span> <span class='ocrx_word' id='word_1_301' title='bbox 820 3900 875 3944; x_wconf 88' lang='lat' dir='ltr'><strong>nec</strong></span> <span class='ocrx_word' id='word_1_302' title='bbox 888 3881 1012 3944; x_wconf 89' lang='lat' dir='ltr'><strong>reddero</strong></span> <span class='ocrx_word' id='word_1_303' title='bbox 1030 3881 1129 3960; x_wconf 90' lang='lat' dir='ltr'><strong>potest</strong></span> <span class='ocrx_word' id='word_1_304' title='bbox 1139 3875 1280 3941; x_wconf 87' lang='lat' dir='ltr'><strong>debitum</strong></span> <span class='ocrx_word' id='word_1_305' title='bbox 1293 3873 1413 3936; x_wconf 86' lang='lat' dir='ltr'><strong>labente</strong></span> 
     </span>
     <span class='ocr_line' id='line_1_38' title="bbox 135 3962 1411 4054; baseline -0.005 -23"><span class='ocrx_word' id='word_1_306' title='bbox 135 3969 236 4052; x_wconf 91' lang='lat' dir='ltr'><strong>primo</strong></span> <span class='ocrx_word' id='word_1_307' title='bbox 250 3970 406 4044; x_wconf 87' lang='lat' dir='ltr'><strong>bimestri,</strong></span> <span class='ocrx_word' id='word_1_308' title='bbox 423 3973 497 4052; x_wconf 91' lang='lat' dir='ltr'><strong>quia</strong></span> <span class='ocrx_word' id='word_1_309' title='bbox 511 3991 549 4036; x_wconf 86' lang='lat' dir='ltr'><strong>ex</strong></span> <span class='ocrx_word' id='word_1_310' title='bbox 562 3973 720 4054; x_wconf 85' lang='lat' dir='ltr'><strong>privilegio</strong></span> <span class='ocrx_word' id='word_1_311' title='bbox 736 3972 842 4036; x_wconf 88' lang='lat' dir='ltr'><strong>divino</strong></span> <span class='ocrx_word' id='word_1_312' title='bbox 861 3973 1004 4051; x_wconf 84' lang='lat' dir='ltr'><strong>conjuges</strong></span> <span class='ocrx_word' id='word_1_313' title='bbox 1015 3969 1072 4031; x_wconf 92' lang='lat' dir='ltr'><strong>hoc</strong></span> <span class='ocrx_word' id='word_1_314' title='bbox 1085 3973 1221 4046; x_wconf 85' lang='lat' dir='ltr'><strong>tempore</strong></span> <span class='ocrx_word' id='word_1_315' title='bbox 1239 3964 1278 4026; x_wconf 92' lang='lat' dir='ltr'><strong>ab</strong></span> <span class='ocrx_word' id='word_1_316' title='bbox 1299 3962 1411 4042; x_wconf 86' lang='lat' dir='ltr'><strong>obliga·</strong></span> 
     </span>
     <span class='ocr_line' id='line_1_39' title="bbox 94 4053 1412 4143; baseline -0.007 -21"><span class='ocrx_word' id='word_1_317' title='bbox 94 4059 96 4066; x_wconf 87' lang='lat'>&#39;</span> <span class='ocrx_word' id='word_1_318' title='bbox 137 4060 218 4122; x_wconf 86' lang='lat' dir='ltr'><strong>tione</strong></span> <span class='ocrx_word' id='word_1_319' title='bbox 233 4059 400 4138; x_wconf 87' lang='lat' dir='ltr'><strong>conjugalis</strong></span> <span class='ocrx_word' id='word_1_320' title='bbox 413 4060 510 4122; x_wconf 89' lang='lat' dir='ltr'><strong>debiti</strong></span> <span class='ocrx_word' id='word_1_321' title='bbox 524 4061 717 4138; x_wconf 83' lang='lat' dir='ltr'><strong>enimrmtur,</strong></span> <span class='ocrx_word' id='word_1_322' title='bbox 730 4065 823 4143; x_wconf 82' lang='lat' dir='ltr'><strong>juxta</strong></span> <span class='ocrx_word' id='word_1_323' title='bbox 840 4060 920 4123; x_wconf 88' lang='lat' dir='ltr'><strong>dicta</strong></span> <span class='ocrx_word' id='word_1_324' title='bbox 938 4077 1030 4139; x_wconf 90' lang='lat' dir='ltr'><strong>supra</strong></span> <span class='ocrx_word' id='word_1_325' title='bbox 1049 4077 1080 4118; x_wconf 81' lang='lat' dir='ltr'><strong>n.</strong></span> <span class='ocrx_word' id='word_1_326' title='bbox 1097 4059 1168 4118; x_wconf 80' lang='lat'><strong>759.</strong></span> <span class='ocrx_word' id='word_1_327' title='bbox 1187 4053 1295 4133; x_wconf 88' lang='lat' dir='ltr'><strong>Elapso</strong></span> <span class='ocrx_word' id='word_1_328' title='bbox 1309 4053 1412 4114; x_wconf 81' lang='lat' dir='ltr'><strong>autem</strong></span> 
     </span>
     <span class='ocr_line' id='line_1_40' title="bbox 132 4140 1409 4230; baseline -0.007 -20"><span class='ocrx_word' id='word_1_329' title='bbox 132 4147 189 4210; x_wconf 92' lang='lat' dir='ltr'><strong>hoc</strong></span> <span class='ocrx_word' id='word_1_330' title='bbox 205 4153 355 4226; x_wconf 89' lang='lat' dir='ltr'><strong>tempore,</strong></span> <span class='ocrx_word' id='word_1_331' title='bbox 372 4155 471 4228; x_wconf 87' lang='lat' dir='ltr'><strong>potest</strong></span> <span class='ocrx_word' id='word_1_332' title='bbox 490 4149 614 4230; x_wconf 89' lang='lat' dir='ltr'><strong>quidem</strong></span> <span class='ocrx_word' id='word_1_333' title='bbox 635 4151 775 4212; x_wconf 89' lang='lat' dir='ltr'><strong>debitum</strong></span> <span class='ocrx_word' id='word_1_334' title='bbox 789 4150 928 4222; x_wconf 87' lang='lat' dir='ltr'><strong>reddere,</strong></span> <span class='ocrx_word' id='word_1_335' title='bbox 946 4154 977 4209; x_wconf 87' lang='lat' dir='ltr'><strong>et</strong></span> <span class='ocrx_word' id='word_1_336' title='bbox 996 4143 1122 4208; x_wconf 88' lang='lat' dir='ltr'><strong>alterius</strong></span> <span class='ocrx_word' id='word_1_337' title='bbox 1137 4141 1203 4225; x_wconf 87' lang='lat' dir='ltr'><strong>juri</strong></span> <span class='ocrx_word' id='word_1_338' title='bbox 1225 4140 1409 4212; x_wconf 85' lang='lat' dir='ltr'><strong>satisfacere,</strong></span> 
     </span>
     <span class='ocr_line' id='line_1_41' title="bbox 132 4236 881 4317; baseline -0.004 -17"><span class='ocrx_word' id='word_1_339' title='bbox 132 4254 197 4300; x_wconf 92' lang='lat' dir='ltr'><strong>non</strong></span> <span class='ocrx_word' id='word_1_340' title='bbox 215 4242 318 4298; x_wconf 89' lang='lat' dir='ltr'><strong>tamen</strong></span> <span class='ocrx_word' id='word_1_341' title='bbox 333 4241 433 4315; x_wconf 87' lang='lat' dir='ltr'><strong>petere</strong></span> <span class='ocrx_word' id='word_1_342' title='bbox 448 4236 513 4299; x_wconf 90' lang='lat' dir='ltr'><strong>sine</strong></span> <span class='ocrx_word' id='word_1_343' title='bbox 527 4237 753 4317; x_wconf 91' lang='lat' dir='ltr'><strong>dispensatione</strong></span> <span class='ocrx_word' id='word_1_344' title='bbox 767 4257 785 4300; x_wconf 93' lang='lat' dir='ltr'><strong>a</strong></span> <span class='ocrx_word' id='word_1_345' title='bbox 799 4243 881 4300; x_wconf 88' lang='lat' dir='ltr'><strong>voto.</strong></span> 
     </span>
    </p>

    <p class='ocr_par' dir='ltr' id='par_1_15' title="bbox 174 4316 1409 4403">
     <span class='ocr_line' id='line_1_42' title="bbox 174 4316 1409 4403; baseline -0.008 -15"><span class='ocrx_word' id='word_1_346' title='bbox 174 4329 207 4388; x_wconf 65' lang='lat'><strong>4⁰</strong></span> <span class='ocrx_word' id='word_1_347' title='bbox 221 4323 314 4386; x_wconf 85' lang='lat' dir='ltr'><strong>Debet</strong></span> <span class='ocrx_word' id='word_1_348' title='bbox 325 4323 453 4386; x_wconf 90' lang='lat' dir='ltr'><strong>omnino</strong></span> <span class='ocrx_word' id='word_1_349' title='bbox 464 4324 632 4400; x_wconf 86' lang='lat' dir='ltr'><strong>abstinere,</strong></span> <span class='ocrx_word' id='word_1_350' title='bbox 649 4325 676 4387; x_wconf 91' lang='lat' dir='ltr'><strong>si</strong></span> <span class='ocrx_word' id='word_1_351' title='bbox 692 4327 768 4387; x_wconf 87' lang='lat' dir='ltr'><strong>alter</strong></span> <span class='ocrx_word' id='word_1_352' title='bbox 781 4324 966 4397; x_wconf 88' lang='lat' dir='ltr'><strong>consentiat,</strong></span> <span class='ocrx_word' id='word_1_353' title='bbox 984 4323 1033 4386; x_wconf 84' lang='lat' dir='ltr'><strong>vel</strong></span> <span class='ocrx_word' id='word_1_354' title='bbox 1046 4323 1098 4403; x_wconf 84' lang='lat' dir='ltr'><strong>jus</strong></span> <span class='ocrx_word' id='word_1_355' title='bbox 1119 4321 1241 4402; x_wconf 87' lang='lat' dir='ltr'><strong>petendi</strong></span> <span class='ocrx_word' id='word_1_356' title='bbox 1255 4316 1409 4390; x_wconf 84' lang='lat' dir='ltr'><strong>amiserit,</strong></span> 
     </span>
    </p>
   </div>
   <div class='ocr_carea' id='block_1_9' title="bbox 133 4405 1411 4585">
    <p class='ocr_par' dir='ltr' id='par_1_16' title="bbox 133 4405 1411 4585">
     <span class='ocr_line' id='line_1_43' title="bbox 133 4405 1411 4496; baseline -0.009 -18"><span class='ocrx_word' id='word_1_357' title='bbox 133 4434 165 4478; x_wconf 84' lang='lat' dir='ltr'><strong>v.</strong></span> <span class='ocrx_word' id='word_1_358' title='bbox 182 4433 241 4496; x_wconf 71' lang='lat' dir='ltr'><strong>gr,</strong></span> <span class='ocrx_word' id='word_1_359' title='bbox 258 4413 296 4475; x_wconf 96' lang='lat' dir='ltr'><strong>ob</strong></span> <span class='ocrx_word' id='word_1_360' title='bbox 313 4413 498 4476; x_wconf 86' lang='lat' dir='ltr'><strong>adulterium</strong></span> <span class='ocrx_word' id='word_1_361' title='bbox 513 4413 559 4477; x_wconf 87' lang='lat' dir='ltr'><strong>vel</strong></span> <span class='ocrx_word' id='word_1_362' title='bbox 574 4412 736 4476; x_wconf 89' lang='lat' dir='ltr'><strong>incestum.</strong></span> <span class='ocrx_word' id='word_1_363' title='bbox 753 4415 839 4488; x_wconf 87' lang='lat' dir='ltr'><strong>Quod</strong></span> <span class='ocrx_word' id='word_1_364' title='bbox 859 4413 885 4478; x_wconf 89' lang='lat' dir='ltr'><strong>si</strong></span> <span class='ocrx_word' id='word_1_365' title='bbox 904 4431 981 4493; x_wconf 87' lang='lat' dir='ltr'><strong>aegre</strong></span> <span class='ocrx_word' id='word_1_366' title='bbox 996 4410 1149 4475; x_wconf 88' lang='lat' dir='ltr'><strong>abstinere</strong></span> <span class='ocrx_word' id='word_1_367' title='bbox 1162 4415 1274 4492; x_wconf 86' lang='lat' dir='ltr'><strong>potest,</strong></span> <span class='ocrx_word' id='word_1_368' title='bbox 1289 4405 1411 4488; x_wconf 89' lang='lat' dir='ltr'><strong>dispen-</strong></span> 
     </span>
     <span class='ocr_line' id='line_1_44' title="bbox 134 4502 816 4585; baseline -0.003 -18"><span class='ocrx_word' id='word_1_369' title='bbox 134 4503 286 4568; x_wconf 86' lang='lat' dir='ltr'><strong>sationem</strong></span> <span class='ocrx_word' id='word_1_370' title='bbox 301 4502 533 4585; x_wconf 89' lang='lat' dir='ltr'><strong>quamprimum</strong></span> <span class='ocrx_word' id='word_1_371' title='bbox 548 4502 702 4584; x_wconf 86' lang='lat' dir='ltr'><strong>postulare</strong></span> <span class='ocrx_word' id='word_1_372' title='bbox 716 4502 816 4568; x_wconf 85' lang='lat' dir='ltr'><strong>debet.</strong></span> 
     </span>
    </p>
   </div>
   <div class='ocr_carea' id='block_1_10' title="bbox 0 0 1616 5044">
    <p class='ocr_par' dir='ltr' id='par_1_17' title="bbox 0 0 1616 5044">
     <span class='ocr_line' id='line_1_45' title="bbox 0 0 1616 5044; baseline 0 1"><span class='ocrx_word' id='word_1_373' title='bbox 0 0 1616 5044; x_wconf 95' lang='lat' dir='ltr'><strong> </strong></span> 
     </span>
    </p>
   </div>
  </div>
 </body>
</html>
