3198 5036
519 208 561 253 br.
581 207 835 255 sncaauuutls
855 207 893 250 IN
914 206 1052 252 GENERB
1378 197 1422 257 93

194 324 293 396 Quae.
313 325 347 384 4⁰
361 320 410 380 Aa
430 319 517 381 liceat
536 318 682 382 simulare
699 317 994 380 administrationem
1012 317 1216 393 Sacramenti,
1240 338 1278 381 ne
1296 321 1422 404 indipno

154 406 354 489 conseratur?

194 498 283 580 Hesp.
296 517 308 557 .·
322 497 477 577 Duplicem
497 495 726 559 simulationem
748 495 946 574 distinguunt
963 493 1114 573 theologi:
1133 494 1226 556 aliam
1246 497 1419 576 formalem,

153 605 214 668 qua
233 585 375 650 Minister
394 585 505 648 directe
527 584 662 648 intendit
681 583 830 664 decipere;
847 583 939 644 aliam
957 600 1029 645 vere
1047 582 1248 662 materialem,
1270 603 1332 665 qua
1353 587 1424 667 quis

153 695 214 739 non
228 673 365 737 intendit
378 674 488 736 duecte
499 673 648 754 decipere,
663 674 715 736 sed
727 691 764 734 ex
775 671 834 735 alio
848 670 964 734 motivo
978 671 1017 734 ad
1028 671 1239 735 simulandum
1251 673 1421 752 inducitur,

152 784 183 827 v.
199 783 258 844 gr,
275 761 302 826 si
317 762 401 843 gravi
415 769 502 825 metu
516 768 652 842 cogatur,
667 769 724 824 etc.

191 853 268 914 Dico
279 872 291 914 .·
305 853 469 932 Nunquam
483 851 566 924 lieet,
584 869 622 912 ne
640 849 840 912 materialiter
858 849 998 933 quidem,
1015 854 1246 914 Sacramentum
1264 851 1421 916 simulare.

151 941 239 1007 Ratio
252 946 317 1015 est,
332 939 406 1020 quia
419 937 521 1002 omnis
535 938 691 1001 simulatio
707 945 754 1001 est
770 938 885 1020 injuria
903 943 933 1000 et
950 937 1149 1001 irreverentia
1167 938 1267 1018 grans
1285 939 1320 1002 in
1336 940 1422 1004 Chri-

153 1037 255 1104 stum,
278 1027 328 1092 cui
351 1027 453 1091 illudit
474 1027 613 1090 Minister
639 1028 792 1090 abutendo
817 1027 909 1089 rebus
931 1026 1024 1089 sacris
1044 1026 1082 1089 ab
1106 1027 1171 1107 ipso
1196 1027 1363 1092 institutis.
1383 1066 1424 1076 -

154 1121 279 1182 Constat
296 1116 391 1180 etiam
410 1135 448 1179 ex
465 1115 667 1198 propositione
684 1121 738 1180 29·
759 1115 796 1178 ab
816 1117 918 1178 lunae.
936 1117 976 1177 Xl
994 1117 1153 1190 damnata,
1173 1135 1240 1198 que
1259 1117 1302 1179 sic
1316 1121 1421 1198 jacet:

158 1206 271 1288 dispens
282 1216 378 1268 metus
390 1209 494 1286 praeis
508 1215 549 1267 est
564 1225 650 1268 caasa
666 1204 931 1268 Sacramentornm
944 1203 1231 1266 administrationem
1245 1206 1421 1270 simulandi.

153 1297 189 1358 ln
206 1295 261 1358 bac
279 1301 384 1358 autem
403 1294 599 1358 damnatione
617 1294 796 1376 reprobatur
814 1293 909 1356 etiam
925 1292 1082 1356 simulatio
1101 1293 1283 1369 materialis,
1301 1313 1371 1357 cnm
1385 1297 1424 1359 de

152 1402 185 1446 ea
204 1383 373 1464 specialiter
388 1382 422 1444 in
435 1383 492 1444 bac
511 1383 714 1464 propositione
728 1387 846 1464 agatur.
861 1418 902 1428 -
915 1385 1041 1445 Constat
1056 1380 1171 1444 iterum
1187 1400 1225 1444 ex
1242 1383 1423 1446 auctoritate

151 1471 322 1536 Innocentii
342 1473 397 1543 ΙΙΙ,
418 1492 455 1548 a,
481 1471 527 1533 De
551 1471 684 1546 lemniae,
710 1477 739 1546 7,
762 1471 807 1534 De
827 1470 964 1534 reborat.
990 1469 1102 1550 Missa,
1126 1469 1317 1534 ubidicitur
1342 1473 1423 1554 qued

150 1560 216 1635 ille,
233 1560 288 1641 qui
306 1558 516 1622 fraudulenter
531 1561 761 1641 presumpserit
776 1559 920 1622 simulare
935 1579 966 1622 se
980 1577 1166 1632 consecrare,
1184 1559 1308 1638 grauius
1322 1569 1424 1641 peccat

150 1667 246 1730 quam
263 1647 290 1709 si
304 1649 467 1711 celebraret
480 1647 515 1710 in
529 1649 670 1724 mortali,
687 1648 760 1730 quia
774 1652 832 1710 Dee
847 1648 969 1711 videtur
983 1647 1119 1711 illudere.

191 1741 265 1798 ool.
280 1771 320 1780 -
337 1739 439 1811 Qum.
454 1740 485 1798 5⁰
498 1737 537 1797 ln
554 1755 612 1818 qao
628 1737 752 1817 pramse
768 1739 908 1798 consistat
924 1737 1077 1798 simulatio
1095 1737 1305 1799 Sacramenti?

194 1824 285 1904 Resp.
300 1842 312 1882 .·
330 1827 398 1886 Non
418 1823 605 1887 conveniunt
626 1824 768 1904 theologi.
789 1824 894 1905 Aliqui
915 1823 1036 1898 dicunt,
1060 1843 1128 1887 eam
1147 1826 1308 1890 consistere
1331 1825 1375 1908 in¹
1389 1845 1422 1891 eo

151 1911 324 1992 generatim
338 1911 419 1991 quod
434 1910 632 1991 suscipientes
646 1915 701 1973 aut
714 1912 787 1974 alios
802 1911 836 1973 in
849 1930 982 1975 errarem
996 1913 1138 1976 inducere
1152 1920 1260 1995 potest.
1278 1916 1423 1978 Probabi-

152 2003 213 2063 tias
223 2003 315 2082 juxta
333 2017 530 2062 communem
549 1999 733 2062 sententiam
749 1999 889 2062 consistit
911 2001 945 2063 in
964 2001 1149 2082 appositione
1170 2003 1240 2066 fieta
1262 2003 1366 2068 formae
1383 2006 1422 2068 ad

151 2088 332 2163 materiam,
349 2095 404 2151 aut
421 2088 456 2149 in
475 2087 543 2151 licta
560 2088 666 2152 formae
684 2089 865 2169 prolatione;
883 2107 937 2152 seu
955 2091 1029 2152 tunc
1048 2091 1147 2153 solum
1166 2091 1287 2154 videtur
1301 2094 1419 2166 adesse,

151 2178 274 2260 quando
287 2176 413 2257 ponitur
426 2176 496 2257 ficte
509 2176 683 2258 quidpiam,
699 2178 779 2259 quod
793 2178 831 2240 ad
845 2179 1002 2241 essentiam
1015 2179 1147 2259 pertinet
1161 2182 1363 2258 sacramenti,
1377 2183 1422 2245 ita

150 2271 187 2328 ut
199 2265 358 2346 proximus
372 2266 538 2328 necessaria
553 2265 739 2346 decipiatur.-

272 2395 381 2458 Hinc
402 2395 598 2460 resolves.

193 2527 261 2586 mo.
276 2559 316 2570 -
332 2529 364 2586 Ιο
380 2523 558 2587 Gravissima
572 2531 705 2605 peccaret
718 2527 860 2589 Sacerdos
874 2527 928 2606 qui
944 2527 978 2589 in
991 2527 1083 2590 Missa
1098 2528 1312 2608 pronuntiaret
1330 2532 1421 2594 verba

152 2612 368 2678 consecratoria
386 2630 475 2693 super
493 2631 605 2694 panem
622 2619 652 2674 et
670 2613 795 2689 vinum,
814 2614 1017 2678 intentionem
1035 2617 1229 2679 consecrandi
1245 2619 1417 2682 excludens.

151 2704 254 2780 Neque
268 2701 348 2763 boba
366 2700 424 2774 fide
442 2701 579 2764 excusari
597 2707 726 2782 possunt
740 2702 809 2784 qui,
825 2721 925 2766 crassa
943 2703 1116 2782 ignorantia
1134 2705 1320 2782 laborantes,
1337 2715 1368 2770 et
1386 2709 1420 2771 in

150 2789 273 2851 mortali
293 2788 492 2866 celebrantes
513 2790 768 2853 consecrationem
790 2790 953 2866 simulant,
979 2810 1016 2853 ne
1037 2792 1185 2873 sacrilegii
1208 2793 1251 2854 rei
1271 2796 1417 2870 evadant,

149 2877 272 2941 etiamsi
286 2877 378 2940 rerba
391 2877 628 2941 consecrationis*
639 2878 765 2941 omnino
780 2879 937 2942 amittant.

189 2971 223 3030 2⁰
242 2967 388 3042 ,Graviter
407 2975 542 3046 peccaret
561 2966 768 3030 confessarius
784 2967 838 3048 qui
858 2968 949 3031 verba
970 2969 1170 3032 absolutionis
1188 2971 1333 3050 proferret
1354 2970 1419 3034 sine

150 3054 255 3120 anime
266 3053 458 3129 absolvendi,
470 3055 593 3117 etiamsi
604 3054 637 3118 id
650 3063 751 3135 ageret
765 3057 804 3119 ad
816 3075 847 3119 se
858 3055 977 3120 facilius
989 3058 1212 3138 expediendum
1224 3079 1243 3122 a
1253 3058 1420 3140 paenitente

149 3143 335 3226 indisposita
354 3150 386 3206 et
403 3141 625 3204 absolutionem
643 3143 795 3206 distanter
813 3149 946 3225 petente,
963 3153 1017 3209 aut
1037 3146 1131 3210 etiam
1150 3167 1202 3228 per
1223 3147 1419 3228 gravissimas

150 3233 252 3296 minas
268 3233 418 3313 exigente.
435 3267 475 3275 -
489 3230 602 3292 Dicunt
615 3230 730 3310 plures,
747 3250 834 3312 posse
847 3234 1072 3298 confessarium
1087 3236 1121 3298 in
1137 3237 1193 3300 hoc
1209 3255 1281 3300 casu
1297 3236 1416 3299 dicere:

150 3325 214 3402 Ego
232 3329 262 3384 te
276 3340 337 3383 non
352 3320 511 3384 absolvo...
528 3319 755 3399 pronuntiando
770 3321 801 3380 τὸ
820 3341 880 3382 non
893 3322 939 3384 ita
952 3323 1096 3398 demisse,
1113 3331 1225 3388 utnon
1239 3325 1384 3388 audiatur
1402 3345 1421 3387 a

148 3411 330 3490 paenitente.
353 3413 421 3473 Non
440 3406 641 3487 improbabile
660 3405 715 3468 hac
729 3407 848 3487 judicat
866 3409 900 3470 S.
915 3411 997 3492 Lip„
1014 3432 1046 3474 n.
1064 3417 1118 3488 59;
1140 3415 1192 3476 sed
1212 3414 1419 3477 Goniessarius

150 3499 225 3562 alias
238 3517 324 3562 voees
336 3505 391 3560 aut
405 3515 506 3577 preces
519 3495 622 3576 potius
637 3511 732 3576 quam
746 3495 944 3560 absolutionis
958 3497 1088 3562 formam
1103 3508 1177 3564 tunc
1187 3502 1271 3565 laeile
1283 3520 1418 3582 prenun-

149 3587 226 3650 tiare
239 3591 355 3669 posset3
371 3593 516 3649 caurum
530 3603 617 3648 casus
630 3584 689 3646 iste
705 3583 767 3648 fare
781 3584 973 3650 chimericus
987 3603 1050 3650 osse
1064 3588 1195 3664 ridetur.

188 3682 220 3740 3ο
240 3681 306 3740 Nan
319 3675 558 3738 simulatautem
568 3675 800 3737 Sacramentum
811 3673 1003 3738 Poeuitentiae
1013 3677 1234 3751 confessarius,
1246 3679 1301 3758 qui
1312 3679 1419 3743 recitat

147 3783 250 3846 preces
269 3783 360 3846 super
373 3763 575 3845 paenitentem
591 3762 825 3844 indispositum,
842 3782 880 3826 ne
894 3765 1050 3828 adstantes
1069 3766 1230 3830 advertant
1244 3767 1334 3830 illum
1353 3768 1419 3834 sine

148 3853 338 3918 absolutione
351 3851 484 3928 dimitti;
499 3858 619 3914 canstat
632 3851 716 3915 enim
730 3853 811 3933 apud
825 3871 946 3928 omnes,
963 3854 1045 3936 quod
1058 3855 1241 3935 poenitentes
1256 3875 1333 3938 sepe
1347 3876 1417 3921 cum

149 3943 212 4004 sola
232 3940 441 4005 benedictione
462 3939 675 4014 dimittuntur,
695 3947 726 4004 et
746 3941 878 4004 subinde
899 3942 964 4005 sine
986 3942 1161 4007 intentione
1179 3945 1342 4010 confitendi
1363 3954 1419 4010 aut

148 4030 367 4094 cenfessionem
379 4029 553 4111 perficiendi
568 4029 606 4092 ad
621 4021 742 4092 sacrum
756 4030 892 4094 tribunal
907 4034 1064 4095 accedunt.
1075 4069 1114 4078 -
1124 4033 1160 4096 S.
1176 4034 1259 4116 Lip,
1276 4057 1307 4099 o.
1321 4041 1376 4112 59,
1391 4046 1421 4099 et

146 4119 206 4181 alii
220 4119 427 4182 communiter.

186 4213 222 4272 4⁰
246 4209 389 4271 Graviter
399 4212 501 4287 peccat
509 4207 667 4283 Sacerdos,
678 4208 733 4288 qui
745 4209 878 4272 bostiam
890 4228 952 4272 non
965 4217 1169 4274 consecratam
1180 4230 1235 4293 pro
1247 4220 1419 4276 conmenta

147 4297 278 4377 porrigit
295 4295 389 4358 etiam
406 4296 515 4357 scienti
529 4305 559 4356 et
577 4300 787 4376 consentienti,
804 4301 840 4358 ut
857 4297 960 4360 evenit
978 4299 1159 4381 quandoque
1177 4301 1298 4365 miseris
1317 4304 1418 4364 Sacer-
1535 4301 1541 4308 “

147 4384 272 4448 dotibus
285 4402 357 4447 cum
371 4383 528 4463 complice,
543 4382 598 4464 qui
613 4383 702 4448 famae
719 4386 875 4448 servandae
889 4385 987 4466 gratia
1000 4387 1039 4450 ad
1054 4406 1170 4451 sacram
1184 4407 1324 4453 mensam
1337 4407 1418 4452 acce-

146 4472 206 4535 dit.
229 4473 319 4537 Ratio
341 4480 403 4550 est,
424 4471 497 4551 quia
516 4470 558 4533 sie
576 4471 677 4535 hostia
700 4492 761 4536 non
783 4481 955 4537 consecrata
975 4476 1138 4555 exponitur
1159 4477 1327 4541 adorationi
1349 4483 1417 4539 tum
