3180 5040
552 239 596 284 uu
616 237 999 285 rennuununrrnrtuus
1346 228 1414 289 nos

179 353 266 435 Resp.
282 351 359 434 Nep.
372 349 579 432 probabilius.
596 348 685 414 Ratio
701 354 763 422 εει,
779 349 854 429 quia
865 348 1069 413 homicidium
1085 369 1183 431 neque
1200 349 1234 413 in
1252 369 1299 426 se,
1316 351 1428 432 neque

138 443 173 505 in
187 459 278 504 causa
292 447 338 503 εει
351 438 583 503 voluntarium:
598 457 675 518 opus
690 437 774 500 enim
787 435 940 519 positum,
952 438 1009 501 etsi
1025 439 1060 502 de
1075 439 1280 514 scilianum,
1294 449 1415 504 nonest

134 551 191 614 per
208 550 239 591 se
257 526 468 604 mortiferum;
485 545 570 590 secus
590 533 712 600 autem,
733 525 760 588 si
778 525 896 588 ratione
913 526 1217 591 circumstantiarum
1236 529 1415 608 proximum

138 617 246 682 mortis
263 615 433 698 periculum
451 615 543 678 alicui
565 614 772 689 induceretur,
795 621 851 689 ut,
868 633 898 677 v.
916 633 974 695 gn,
996 615 1020 678 si
1043 615 1113 697 quis
1135 622 1287 680 tormento
1309 617 1415 681 bellico

137 707 242 787 ignem
257 706 447 780 adunaverat,
463 703 519 766 ubi
535 706 581 765 εει
596 701 701 783 populi
715 701 898 784 frequentia.
913 739 952 748 -
965 704 998 765 S.
1014 703 1085 786 Liq.
1103 725 1133 766 n.
1148 709 1218 778 ⁶287,
1235 712 1291 768 etc.

176 796 277 869 Quian.
292 798 325 856 2⁰
338 795 389 854 Aa
403 793 462 874 fiat
476 791 672 874 irregularis,
685 790 739 873 qai
750 790 859 855 occidit
873 791 969 854 aliam
984 792 1020 853 oi
1030 812 1091 854 sace
1102 802 1156 855 aut
1167 793 1332 856 innocentis
1346 795 1416 858 aitte

137 880 360 963 defensionem?

177 971 268 1053 Hesp.
287 970 326 1032 ad
340 975 393 1031 lum
408 967 499 1050 Nea,
518 967 578 1030 uisi
597 969 721 1030 excedat
737 967 929 1028 moderamen
946 969 1112 1050 inculpata
1125 971 1235 1033 tutela.
1252 971 1340 1034 Ratio
1354 976 1413 1046 est,

136 1058 211 1140 quia
234 1058 352 1121 nullius
375 1057 470 1137 culpae
495 1074 566 1118 reus
588 1062 645 1118 est.
671 1055 877 1118 confirmatur
896 1055 1022 1137 insuper
1045 1075 1082 1119 ex
1104 1061 1178 1121 iure
1199 1077 1266 1121 can.
1287 1062 1416 1123 Consule

136 1146 172 1208 S.
185 1147 272 1228 tta,
291 1167 322 1208 n.
339 1150 409 1210 388.

178 1236 270 1317 Resp.
290 1235 328 1297 ad
346 1239 402 1298 2⁰⁰¹
421 1233 500 1315 Nep.
524 1233 648 1314 pariter.
673 1233 762 1297 Ratio
783 1239 845 1308 εει,
871 1233 944 1314 quia
965 1232 1174 1314 irregularitas
1194 1253 1232 1297 ex
1251 1235 1416 1300 homicidio

136 1324 259 1406 privata
272 1342 335 1386 non
349 1322 519 1385 incurritur
533 1321 594 1384 nisi
609 1339 680 1384 cum
694 1328 813 1402 peccata
829 1320 966 1397 mortali,
980 1329 1018 1384 ut
1031 1321 1151 1385 eruitur
1167 1342 1204 1386 ex
1216 1342 1284 1406 cap.
1299 1325 1354 1386 Ea
1370 1325 1422 1386 lit-

137 1415 225 1487 teris,
241 1412 279 1473 de
293 1411 465 1474 homicidio.
477 1447 517 1455 —
531 1409 582 1472 Ita
597 1409 633 1471 S.
648 1409 806 1492 Ligarius,
823 1430 853 1472 n.
869 1415 942 1484 388,
957 1415 1013 1473 etc.

178 1505 270 1564 1087.
288 1537 327 1546 -
341 1501 441 1574 Quian.
457 1504 490 1562 3⁰
505 1497 553 1558 An
570 1498 629 1580 fiat
646 1499 845 1581 irregularis,
863 1499 919 1581 qni
929 1499 1039 1561 oceidit
1053 1498 1148 1562 aliam
1163 1499 1199 1560 ab
1215 1499 1416 1584 defensionem

137 1589 306 1670 libertatis,
327 1588 450 1650 danais
469 1587 517 1650 aei
535 1587 676 1649 donorum
696 1588 911 1670 temporalium
920 1633 931 1667 ‚
952 1607 1017 1650 cam
1034 1588 1239 1652 moderamine
1257 1590 1417 1672 inculpatae

138 1677 261 1741 tutelae

179 1766 272 1847 Resp.
288 1765 366 1846 Nea.
378 1767 467 1847 juxta
479 1764 724 1828 communiorem
737 1761 935 1826 sententiam.
953 1764 1062 1828 Evinci
1077 1764 1200 1828 ridetur
1213 1783 1251 1827 ex
1264 1767 1331 1827 tur.
1348 1785 1415 1828 can.

137 1858 270 1935 Insuper
289 1871 359 1916 cum
378 1853 423 1915 ihi
440 1853 562 1915 nullum
581 1851 662 1914 adsit
676 1858 852 1934 peccatum,
871 1871 934 1915 nan
948 1855 1044 1934 potest
1058 1852 1176 1915 incurri
1192 1853 1415 1934 irregularitas

137 1943 202 2006 nisi
222 1941 261 2005 ob
275 1941 427 2004 delectum
445 1940 580 2004 lenitatis
595 1961 603 2002 ε
619 1958 708 2022 porro
722 1940 934 2020 irregularitas
953 1959 990 2003 ex
1008 1940 1126 2004 delectu
1141 1941 1277 2004 lenitatis
1292 1960 1354 2004 non
1369 1943 1417 2004 in-

137 2031 286 2106 curritur,
301 2030 362 2092 nisi
374 2029 409 2092 in
421 2029 542 2092 casibus
553 2029 588 2091 in
599 2032 672 2092 Jure
684 2029 833 2109 expressis
847 2048 854 2090 :
870 2047 957 2092 casus
968 2036 1072 2092 autem
1083 2047 1215 2110 praesens
1226 2030 1260 2092 in
1272 2035 1344 2093 ture
1357 2050 1418 2094 non

136 2119 302 2200 reperitur.
320 2121 413 2198 Ergo,
430 2125 487 2181 etc.
499 2153 539 2164 -
550 2119 583 2180 S.
595 2119 666 2198 Liq.
685 2139 715 2180 n.
732 2122 801 2182 388.

179 2211 285 2284 Quian.
305 2213 339 2272 κ’
353 2207 405 2269 Aa
419 2207 572 2269 tradendae
587 2208 627 2268 sit
640 2206 735 2269 aelati
749 2207 944 2288 irregularis,
962 2211 1015 2290 qai
1029 2208 1150 2270 dabitat
1167 2229 1206 2270 an
1221 2209 1419 2272 nomicidium

130 2297 325 2380 patraverit,
341 2295 453 2358 necne?

176 2385 271 2466 Resp.
289 2391 321 2448 ιο
335 2383 414 2466 neq.
433 2386 556 2466 quando
571 2401 635 2448 non
653 2390 788 2460 constat,
808 2385 1013 2448 homicidium
1034 2404 1098 2448 esse
1120 2391 1294 2466 patratum,
1318 2405 1371 2448 seu
1393 2387 1420 2449 si

135 2473 302 2538 dubitetur
325 2475 362 2536 de
382 2473 448 2554 ipso
468 2471 653 2547 homicidio,
676 2490 716 2534 an
737 2471 830 2534 fuerit
850 2479 1006 2546 secutum,
1029 2491 1134 2536 necne.
1151 2475 1240 2538 Ratio
1261 2479 1326 2548 cst,
1347 2475 1421 2556 quia

136 2580 233 2644 poena
251 2581 314 2625 non
328 2568 373 2624 est
384 2561 565 2643 infligenda,
581 2561 644 2624 nisi
655 2561 692 2623 de
706 2560 772 2642 ipso
786 2559 894 2624 delicto
906 2566 1034 2626 constet.
1047 2599 1087 2607 —
1099 2562 1149 2623 Ita
1161 2562 1368 2626 communiter.
1381 2600 1420 2610 -

136 2651 173 2714 S.
189 2652 232 2714 Li
255 2699 262 2712 .
279 2671 311 2713 n.
324 2656 394 2715 347.

181 2672 279 2816 Resqp.
302 2743 334 2798 2⁰
355 2739 481 2817 Affirm.
510 2744 614 2798 autem
641 2737 668 2797 si
690 2741 808 2796 constet
832 2739 869 2798 de
889 2736 1055 2798 homicidio
1082 2741 1217 2813 patrato,
1241 2743 1272 2798 ει
1295 2744 1420 2801 tantum

139 2823 276 2888 dubium
300 2822 355 2896 sit,
379 2829 487 2885 utrum
509 2826 561 2884 tua
583 2821 702 2883 actione
720 2839 811 2883 causa
833 2821 917 2883 illius
944 2821 1050 2884 tueris.
1074 2821 1162 2886 Ratio
1183 2829 1244 2898 cst,
1261 2826 1333 2906 quia
1352 2827 1421 2890 licet

140 2909 313 2994 generatim
330 2909 539 2990 irregularitas
556 2909 674 2972 incurri
694 2927 756 2972 non
776 2909 901 2984 debeat,
918 2915 1053 2974 attamen
1072 2909 1106 2972 in
1123 2913 1268 2992 prasenti
1286 2932 1358 2976 casu
1373 2917 1421 2978 in-

141 2999 293 3065 currenda
307 3003 353 3061 est
367 2996 503 3060 extans
521 2995 658 3060 canonici
674 2997 887 3077 dispositione,
903 2996 938 3060 in
957 2998 1065 3061 adium
1078 2999 1205 3080 speciale
1225 3003 1307 3081 quod
1320 3002 1420 3066 homi-

143 3087 263 3154 cidium
277 3092 423 3150 meretur.
441 3091 527 3150 Patet
541 3104 579 3148 ex
593 3104 662 3167 cap.
677 3085 881 3169 Significant,
893 3093 924 3150 et
937 3105 1003 3170 cap.
1021 3087 1073 3148 Ad
1086 3089 1275 3152 audientiam
1283 3139 1293 3170 ,
1310 3098 1366 3154 etc.
1381 3127 1420 3138 -

141 3178 179 3240 S.
193 3175 263 3259 atq.
278 3197 309 3237 n.
325 3180 395 3240 3t7.

186 3270 275 3330 1088.
291 3299 330 3312 --
344 3268 446 3341 Quen.
464 3269 496 3328 5⁰
511 3263 559 3326 An
573 3263 614 3324 sit
629 3263 824 3346 irregularis,
843 3267 897 3346 qai
910 3262 1032 3326 dabitat
1047 3273 1148 3327 naam
1162 3267 1196 3326 in
1216 3265 1341 3328 alterius
1355 3287 1421 3328 arsu-

143 3353 316 3417 tilatianem
330 3355 507 3437 influxerit,
523 3353 626 3436 posito
640 3351 840 3414 mutilationis
855 3351 960 3435 sacto?

186 3444 275 3526 desp.
291 3443 369 3526 Nep.
388 3441 477 3507 Ratio
495 3445 557 3518 est,
576 3440 650 3522 quia
666 3459 720 3522 pro
735 3442 796 3503 sala
814 3441 907 3504 dubio
922 3441 1083 3505 homicidii
1096 3442 1145 3507 len
1162 3443 1421 3522 irregularitatem

141 3531 305 3613 imposuit.
318 3567 359 3578 -
372 3531 407 3593 S.
419 3531 490 3613 Liq.
507 3551 539 3594 n.
555 3535 625 3594 3tt.

185 3623 287 3697 Quina.
302 3625 333 3684 0ο
347 3623 395 3683 An
410 3619 563 3682 habendus
579 3620 619 3682 sit
633 3629 786 3702 tamqnam
800 3618 997 3700 irregularis,
1011 3621 1064 3702 qni
1078 3621 1217 3683 abortum
1229 3623 1419 3703 procuravit,

142 3707 290 3772 dubitans
305 3733 344 3772 an
358 3710 450 3791 fatas
464 3711 615 3772 anamotus
629 3719 717 3785 esset,
734 3709 845 3772 necne?

186 3796 278 3880 Resp.
302 3799 379 3881 Nep.
398 3798 487 3864 Ratio
505 3803 569 3874 est,
588 3798 661 3880 quia
680 3804 754 3862 tunc
772 3816 836 3862 non
855 3805 974 3862 canstat
994 3799 1115 3880 proprie
1134 3802 1171 3863 de
1189 3799 1365 3862 homicidio.
1383 3835 1422 3846 —

146 3885 184 3947 S.
198 3887 281 3968 atq„
299 3887 376 3949 idid.
395 3923 434 3934 -
454 3886 529 3950 Vide
543 3887 623 3951 dicta
638 3885 670 3948 in
686 3897 775 3952 tract.
796 3887 833 3949 de
847 3891 954 3970 quinta
967 3887 1124 3970 Praecpta
1142 3887 1296 3971 decalogi,
1315 3910 1347 3950 n.
1363 3893 1422 3954 408

143 3984 173 4036 et
187 3979 259 4040 403.

458 4280 536 4324 ems
558 4279 728 4325 TRACTATUS
750 4279 788 4324 DE
808 4277 1115 4328 tnnnounetttteneus
