3220 5042
450 263 492 306 nn
518 259 756 305 sauaaunuro
781 257 1020 305 rmnrrnsrnn
1299 249 1365 310 iil

100 402 115 438 ιι
137 395 197 460 qno
218 373 316 454 magis
340 371 460 434 animas
485 375 677 452 peccalorum
703 369 906 431 multitudine
929 374 958 431 ct
979 369 1135 432 atrocitale
1156 371 1370 450 coinquinatas

99 491 114 526 «
135 463 276 547 reperiat,
290 481 326 525 eo
340 461 450 541 magis,
467 466 503 522 nt
517 461 576 522 Deo
588 459 672 539 ipsas
685 457 865 531 lucrifaciat,
875 462 989 540 majore
1003 458 1130 520 caritate
1144 474 1193 522 aas
1208 461 1370 542 arnploota·

98 579 114 616 ιι
137 561 199 629 tur,
221 555 347 633 ejusque
370 548 524 611 auxilinm
543 548 677 628 prebeat
695 547 746 608 his
764 552 820 609 aut
841 546 996 610 similibus
1015 545 1138 609 uerbis:
1155 547 1234 626 Ei«,
1257 549 1368 629 frater,

99 665 113 704 ιι
138 643 212 704 dono
225 641 327 702 animo
341 649 415 716 esto,
425 638 488 699 noli
501 639 616 709 timere,
627 645 754 720 peccota
767 645 819 694 tuo
836 635 984 717 impavide
999 634 1255 718 eorefitere.Aperi
1266 641 1369 699 omniu

99 755 114 792 ιι
136 731 330 812 confidenter,
345 727 459 788 «eletos
480 737 508 788 tr
520 726 659 809 pudeat:
672 724 752 784 eidil
761 723 874 804 refert,
891 725 918 784 ai
934 725 966 784 in
982 743 1082 786 onmes
1102 726 1291 786 conscientiae
1311 733 1371 788 tore

98 843 113 880 ιι
134 822 218 882 simos
237 839 297 880 nou
314 817 554 898 introspexeris:
568 813 685 896 sufficit
703 815 729 874 ai
750 813 793 873 od
809 814 998 894 interrogato
1012 813 1209 894 respondeus.
1223 814 1288 895 Ape
1306 814 1371 878 Deo

98 933 113 968 ιι
134 910 261 992 pretias,
281 907 333 988 qui
348 915 375 966 te
392 905 544 986 durarique
561 901 603 964 ad
610 901 820 984 penitentium
836 902 1033 982 exspectarit.
1049 901 1139 963 Nunc
1157 903 1211 962 tibi
1226 905 1371 965 mutand«

99 1022 112 1057 ιι
137 1009 179 1058 «st
196 999 270 1058 vite.
284 996 419 1067 Latere,
440 994 513 1074 quio
532 1002 611 1052 certe
632 991 714 1052 Deus
733 990 834 1050 omnio
851 999 994 1072 peccota,
1013 993 1204 1072 quantumvis
1224 994 1372 1073 inperalia,

98 1111 113 1147 ιι
137 1088 193 1148 tibi
215 1086 359 1157 remittit,
375 1084 401 1144 ei
420 1081 525 1142 bonam
546 1080 637 1140 tote«
655 1077 857 1156 volunlatem;
875 1078 996 1160 ideoque
1008 1087 1036 1138 le
1054 1082 1372 1160 exspectarentur}

99 1198 113 1234 ιι
134 1185 297 1257 parceret:
310 1173 405 1252 igitur
420 1169 514 1230 hilari
528 1168 690 1228 naimodr'c
706 1167 822 1241 omnin,
834 1165 914 1227 «itit
928 1166 1088 1228 involueris
1100 1176 1218 1249 tepus...
1234 1193 1249 1228 n

135 1261 366 1327 601.-11.ln
389 1259 517 1320 decursu
539 1257 782 1338 confessiorem«
804 1254 970 1318 caritatem
993 1256 1080 1336 lunge
1103 1258 1250 1337 majorem
1271 1265 1371 1322 esten-

99 1375 113 1412 «
136 1353 205 1414 dare
226 1351 314 1412 debet
328 1347 545 1420 confessionem
561 1346 748 1425 excipiendo.
765 1348 890 1418 Caveat,
910 1363 948 1406 ne
969 1343 1184 1424 impatientem
1205 1353 1259 1409 aut
1281 1347 1372 1410 taedio

100 1463 115 1499 ιι
137 1439 281 1502 allectum
294 1457 324 1500 se
337 1435 493 1510 exhibeam
507 1453 562 1498 nee
583 1435 724 1498 ostendat
744 1431 947 1496 admiratione
965 1433 1084 1514 porcelli
1103 1433 1286 1516 depereatis
1304 1455 1373 1518 gerra
1444 1461 1452 1478 ·

102 1551 117 1587 ιι
140 1534 322 1602 narrantum
340 1525 430 1588 modo
447 1525 599 1606 prauitens
616 1541 677 1586 uon
691 1521 731 1586 sit
745 1523 818 1585 adeo
831 1521 927 1584 durus
944 1528 999 1583 aut
1013 1523 1169 1602 petalam,
1185 1529 1221 1586 ut
1234 1523 1323 1605 plura
1343 1531 1374 1587 ct

101 1639 115 1675 ιι
139 1617 252 1680 atracia
264 1619 382 1697 peecata
394 1615 460 1676 sine
473 1613 534 1676 ullo
548 1613 673 1678 rubore.
690 1618 720 1674 et
739 1611 805 1672 sine
821 1611 884 1673 ulla
903 1609 1095 1690 displicentia
1111 1613 1269 1694 animique
1282 1631 1373 1675 sensu

101 1727 115 1764 ιι
140 1711 303 1786 exponeret
318 1723 326 1764 τ
343 1703 417 1782 quia
439 1709 512 1762 tune
527 1719 602 1780 opus
621 1699 713 1761 hahet
735 1717 789 1778 pro
808 1698 928 1760 viribus
949 1697 1077 1774 efficere,
1094 1705 1131 1760 ut
1154 1701 1372 1780 apoeuiteute,

104 1817 119 1851 ιι
143 1798 259 1873 quauta
274 1791 453 1851 sit.illor1un
473 1787 649 1848 deformitas
670 1793 701 1846 et
721 1785 917 1864 magnitude,
939 1786 1137 1866 pereipiatur;
1154 1788 1279 1867 ideoque
1301 1797 1375 1850 tnnc

108 1905 123 1939 ιι
147 1878 245 1941 aerior
256 1877 426 1956 requiritur
444 1874 587 1937 correctio
603 1881 640 1935 ut
656 1873 720 1952 ipso
739 1891 757 1934 a
778 1872 883 1934 lethali
901 1871 1037 1952 lethargo
1057 1875 1246 1954 expergefiat.
1258 1879 1374 1938 Verum

105 1991 121 2027 ιι
145 1965 269 2048 «pridem
282 1971 344 2037 est,
358 1963 440 2044 quod
453 1964 488 2024 in
502 1967 572 2024 actu
584 1959 780 2023 confessionis
794 1959 946 2022 abstinere
959 1961 1070 2023 debent
1083 1963 1265 2026 confessarii
1279 1985 1297 2027 a
1311 1983 1377 2028 eor-

103 2080 118 2114 «
141 2055 275 2116 rectione
288 2052 441 2126 iacienda,
458 2067 497 2112 uc
511 2049 587 2112 forte
602 2047 740 2111 exterriti
755 2049 939 2130 prenitentes
954 2053 1072 2129 peecata
1086 2049 1248 2129 reticeaut;
1264 2051 1375 2116 nihilo-

106 2167 120 2202 «
144 2143 250 2205 minus
265 2142 322 2203 hoe
340 2139 524 2220 intelligitur
539 2137 720 2218 regulariter
738 2138 907 2217 loquendo:
925 2142 1067 2200 craterum
1084 2139 1242 2202 multoties
1256 2143 1378 2224 expedit

104 2255 119 2290 ιι
144 2231 182 2294 ad
197 2229 343 2294 ulteriora
357 2245 419 2291 non
429 2227 596 2309 procedere,
610 2232 641 2289 et
650 2225 757 2288 statim
768 2225 968 2306 paenitentem
979 2227 1136 2308 corripere,
1146 2229 1295 2310 praecipue
1305 2247 1377 2292 cum

107 2343 122 2380 ιι
144 2319 306 2384 confitetur
318 2323 476 2399 peccatum
490 2315 575 2377 valde
589 2333 727 2389 enorme,
745 2321 800 2376 aut
816 2313 842 2376 si
856 2313 920 2395 ipse
935 2313 1075 2378 fueritin
1088 2317 1189 2397 aliquo
1204 2318 1278 2381 vitio
1292 2319 1379 2382 habi-

106 2433 120 2468 «
145 2415 261 2484 tuetur,
274 2414 311 2469 ut
322 2405 435 2488 peceati
451 2405 634 2484 gravitatem
646 2403 1295 2484 mmprehendat.Advertattame11neeum
1310 2427 1379 2470 exa-

108 2521 123 2556 «
147 2501 255 2578 speret,
272 2513 325 2558 nac
339 2501 515 2577 perterreat.
533 2495 721 2574 Quapropter
734 2499 896 2574 postquam
911 2509 999 2568 eum,
1016 2501 1169 2572 quantmu
1182 2513 1259 2576 opus
1273 2496 1377 2574 luerit,

109 2609 123 2646 «
145 2585 317 2659 eorrexerit,
333 2585 440 2646 statim
455 2583 482 2644 ei
492 2581 634 2644 animum
649 2581 739 2643 liciat
750 2582 789 2642 ad
800 2580 918 2661 reliqua
929 2589 1049 2662 peccata
1063 2581 1242 2660 confitenda,
1255 2585 1378 2650 dicens:

106 2697 120 2733 ιι
143 2673 219 2752 naa,
237 2675 347 2755 freter,
365 2675 446 2733 nime
460 2671 498 2732 ob
514 2671 569 2731 doc
579 2669 655 2732 vitio
671 2669 863 2752 resipiscere?
876 2667 958 2731 Num
969 2673 1029 2731 isto
1040 2669 1103 2731 est?
1114 2671 1161 2732 Et
1173 2678 1315 2753 quoniam
1327 2675 1380 2737 doe

106 2787 121 2822 ιι
145 2763 247 2843 faeere
261 2781 289 2822 es
300 2771 440 2842 perotus,
452 2769 515 2821 esto
530 2763 629 2819 omme
645 2757 751 2818 leilom'.
768 2757 878 2838 Itaque
892 2777 1005 2818 enarre
1020 2757 1137 2840 relique
1148 2770 1279 2840 peccate,
1299 2763 1382 2822 «itit

106 2875 122 2911 ιι
144 2851 285 2910 reticens.
306 2849 412 2927 Igitur
430 2847 479 2906 die
501 2850 599 2907 omnio
620 2849 724 2906 auimo
745 2845 841 2926 sorti;
859 2845 1001 2927 confitere
1023 2847 1123 2907 omnia
1145 2855 1259 2910 sincere
1272 2869 1285 2910 .·
1299 2851 1381 2912 Deus

107 2962 122 2998 «
148 2939 229 2998 enim
237 2946 367 3017 perotus
381 2943 423 2996 est
438 2932 493 2994 tibi
504 2951 665 3016 parcere...
684 2953 699 2992 a
712 2932 770 3014 (N.
787 2933 830 3014 d.)

147 3029 220 3091 θοῇ.
237 3057 276 3070 -
290 3023 329 3085 Ιιι
348 3021 410 3105 fine
430 3021 633 3102 confessionis.
653 3044 667 3078 «
690 3021 727 3083 ln
748 3019 809 3084 line
830 3021 1025 3085 confessionis
1049 3031 1166 3104 oportet
1189 3043 1324 3108 qnoque,
1346 3035 1382 3090 ut

111 3138 126 3175 ιι
149 3110 358 3179 confessarius
370 3108 592 3172 uehementiori
607 3107 712 3171 ardore
731 3127 765 3171 aa
781 3109 883 3173 studio
898 3110 1072 3187 incumbat,
1089 3119 1125 3176 ut
1138 3115 1300 3195 prenitenti
1314 3133 1384 3196 per-

111 3229 126 3264 «
149 3205 247 3284 cipere
264 3201 357 3264 iaciat
379 3197 560 3280 gravitatem
582 3203 614 3259 et
635 3197 871 3260 multitudinem
885 3201 950 3280 ejus
964 3207 1170 3280 peecatorum,
1185 3221 1219 3265 aa
1232 3204 1383 3266 miserum

113 3315 127 3352 ιι
148 3288 357 3356 damnationis
368 3291 486 3351 statum
500 3287 533 3348 in
546 3303 607 3367 quo
620 3284 787 3366 reperitur;
802 3285 855 3348 sed
867 3287 924 3349 hee
936 3305 1056 3368 semper
1070 3291 1293 3354 maximarum
1307 3293 1383 3354 eari-

112 3405 127 3438 «
150 3389 213 3445 tate
233 3379 333 3443 laniat.
348 3381 570 3441 Verumtamen
591 3381 638 3437 est
654 3374 873 3452 congruentius
895 3380 970 3437 tuno
984 3376 1085 3439 verbis
1105 3379 1296 3458 gravioribus
1317 3381 1382 3456 uti,

114 3493 129 3530 ιι
150 3475 187 3534 ut
198 3471 241 3533 sie
256 3469 367 3531 melius
381 3467 419 3529 ad
432 3465 547 3528 honam
558 3463 672 3526 mentis
683 3461 803 3541 frugem
817 3463 915 3525 redire
929 3462 1040 3544 possit;
1053 3466 1256 3530 nihilominus
1271 3467 1383 3532 efficere

113 3583 128 3618 ιι
151 3560 249 3634 debet,
266 3566 303 3622 ut
316 3557 470 3638 poenitens
484 3551 645 3634 intelligat,
657 3552 738 3634 quod
753 3549 781 3612 ei
795 3549 919 3626 dicitur,
933 3569 996 3614 uon
1010 3551 1048 3614 ab
1061 3555 1165 3617 animo
1178 3555 1267 3625 irato.
1282 3559 1334 3619 sed
1348 3575 1384 3620 ex

109 3671 127 3707 -ι
151 3649 302 3730 singulari
317 3663 418 3710 amore
433 3651 468 3707 et·
478 3639 741 3707 commiseratione
762 3657 833 3720 erga
855 3655 946 3703 suam
965 3639 1103 3704 animam
1117 3643 1288 3724 procedere,
1303 3647 1384 3726 quod

115 3761 129 3797 ιι
150 3737 265 3820 poterit
278 3737 334 3800 hoc
348 3735 438 3799 modo
452 3731 583 3814 exprimi
597 3750 605 3794 ε
623 3727 691 3794 luti
704 3730 757 3805 mi,
772 3732 945 3812 percipisse
956 3730 1068 3792 melam
1082 3731 1163 3814 qaod
1177 3744 1321 3816 operatus
1334 3733 1385 3795 es?

115 3849 129 3886 ι
152 3827 236 3902 Quid
248 3826 307 3886 tibi
316 3823 394 3885 moli
405 3823 480 3905 feeit
489 3841 622 3904 aequom
634 3817 715 3882 Deera
731 3829 811 3896 ruas,
830 3837 915 3901 quem
930 3831 963 3880 to
974 3823 1019 3880 ito
1031 3821 1151 3902 perdite
1164 3823 1389 3906 contempsisti?

114 3937 129 3974 ι
152 3915 193 3978 Si
208 3915 278 3978 Jeau
301 3911 422 3977 Christo
442 3909 548 3973 nolles
568 3920 627 3971 mm
645 3907 752 3990 ficisset
772 3907 830 3968 eiii
850 3909 1014 3980 inimicior,
1034 3912 1184 3992 potuisses
1203 3931 1269 3972 eom
1287 3909 1342 3974 allo
1358 3923 1388 3975 te

115 4027 129 4063 ιι
152 4023 258 4088 perere
268 4001 421 4086 pejorem?
435 3999 507 4079 Sed,
526 4013 638 4082 quaeeo,
654 3995 863 4060 animadverte
877 4000 944 4080 quis
958 3999 997 4060 sit
1012 3997 1061 4060 dic
1075 3997 1180 4062 leam?
1195 3999 1258 4063 m«
1275 4009 1317 4063 est
1332 4000 1389 4064 ille

115 4116 130 4152 ιι
153 4097 216 4178 qur,
232 4113 296 4155 eam
308 4102 382 4153 esset
392 4091 482 4168 Deus,
494 4086 608 4148 cullius
622 4105 724 4168 egene,
736 4086 837 4167 [octus
852 4097 896 4148 est
909 4086 993 4148 domo
1002 4098 1132 4170 propter
1147 4099 1183 4168 te,
1198 4089 1387 4154 «otmarum

115 4205 130 4242 ι
153 4186 185 4244 ir
201 4201 300 4254 eruce,
314 4190 349 4241 et
358 4189 386 4240 te
400 4179 437 4240 de
450 4177 571 4257 inferno
585 4175 754 4236 redimeret.
774 4173 841 4236 Ale!
857 4175 916 4256 fili,
933 4177 961 4235 ai
972 4177 1095 4238 interum
1108 4187 1244 4241 moereas
1258 4199 1344 4260 esses,
1358 4183 1386 4241 si

116 4294 131 4330 ι
153 4275 187 4335 iu
202 4271 259 4334 lior
274 4279 370 4342 noete,
384 4285 443 4350 quo
458 4265 556 4326 iturus
564 4261 692 4344 smeret?
708 4261 767 4325 Ubi
781 4281 862 4326 nanc
877 4263 972 4324 esses?
985 4263 1079 4326 Esses
1088 4269 1121 4327 in
1132 4277 1242 4331 eterno
1256 4271 1326 4351 ipae
1341 4271 1387 4330 m-

118 4383 132 4419 «
153 4361 247 4444 ferni.
266 4357 346 4435 Quid
359 4355 397 4417 de
411 4351 562 4434 tesceiam
578 4351 650 4425 erit,
668 4351 696 4410 se·
712 4351 806 4412 «tem
823 4351 966 4412 morena«
983 4351 1103 4415 ductum
1119 4357 1277 4440 perque-in
1288 4367 1387 4440 poste.

117 4471 133 4508 ιι
154 4465 222 4512 rum
236 4443 357 4511 eicere?
370 4441 490 4505 Poteris
503 4439 694 4504 demirari?
707 4437 971 4522 Eaperpircereet
988 4441 1057 4504 eide
1069 4445 1231 4525 quodnisi
1244 4465 1343 4507 morer
1354 4449 1386 4506 iu

118 4559 133 4596 «
152 4539 260 4601 metim
276 4543 381 4615 mutes,
393 4533 462 4614 jem
478 4548 506 4593 es
524 4527 691 4592 domnolae.
707 4527 788 4603 oute
802 4529 872 4590 toni
886 4547 924 4592 ee:
945 4538 992 4592 tot
1004 4535 1134 4613 peccetis
1150 4533 1205 4596 tibi
1218 4531 1388 4617 collegisti?
