3198 5034
222 217 266 276 tt
694 208 700 218 '
751 229 956 274 raacsarus

258 345 308 406 te.
328 345 484 476 -9Quna
499 347 532 404 3⁰
546 341 593 418 Aa
607 350 728 422 peccent
741 341 878 421 yrooitcr
898 339 1008 402 Clerici
1021 360 1079 402 non
1094 339 1257 420 deferentes
1276 349 1430 402 tonsuram
1444 360 1498 404 eeu

219 449 400 601 corlldscpiib
417 539 424 580 :
441 518 561 592 Clerici,
576 518 707 599 quinon
723 525 797 581 sunt
816 517 850 579 in
872 518 965 580 sacris
986 516 1163 591 constituti,
1181 535 1343 599 nunquam
1359 517 1497 600 graviter

219 614 358 688 peccaut,
375 607 436 670 nisi
449 607 514 670 sint
527 606 708 670 beneficiati.
722 607 826 669 -Ite
840 608 1088 669 communissima.

260 698 396 779 Rosp.2⁰
413 696 540 758 :Etiam
559 695 665 758 Clerici
688 697 722 758 in
745 696 837 759 sacris
857 695 976 758 initiati
997 697 1105 758 saltem
1125 713 1187 757 non
1207 699 1329 776 peccam
1347 697 1491 776 gravitm,

220 785 281 848 nisi
292 785 441 848 omittant
452 785 567 847 deferre
578 791 738 846 tonsuram
755 804 808 865 per
822 792 945 865 tempus
962 783 1110 859 notabile,
1126 785 1214 864 quale
1228 803 1291 846 non
1306 791 1353 847 est
1369 792 1493 866 tempus
1592 861 1593 864 Ἴ

218 874 313 936 unius
329 874 374 936 vel
389 873 515 936 oltemus
536 872 662 934 mensis.
678 907 719 920 -
733 877 782 935 an
797 892 867 937 vero
889 873 930 935 sit
952 891 1042 953 grave
1062 879 1222 935 tonsuram
1237 891 1298 935 non
1313 873 1426 936 deferre
1440 893 1495 954 per

220 981 338 1023 annum
353 963 524 1041 integrum,
539 980 601 1023 non
613 960 719 1042 liquet.
739 961 933 1024 commoneo
948 959 1101 1024 affirmant
1113 959 1258 1041 theologi;
1275 963 1327 1024 sed
1342 981 1403 1025 uon
1415 962 1494 1026 clare

220 1049 377 1130 probatur.
394 1087 433 1095 —
455 1049 525 1112 Vide
539 1049 574 1111 S.
594 1050 675 1132 Lep,
690 1051 726 1111 de
743 1051 872 1128 Ordine,
886 1071 916 1111 n.
934 1054 1004 1114 826.

264 1227 280 1314 ᾗ
296 1228 354 1296 lV.
376 1229 423 1294 De
436 1226 632 1295 recitatione
647 1229 827 1295 Horarum
841 1229 1094 1296 canonicorum
1109 1249 1168 1295 scu
1185 1229 1299 1296 divini
1317 1227 1444 1314 Officii.

261 1394 311 1452 to.
328 1427 367 1435 —
383 1392 469 1452 Horae
483 1389 633 1452 canonica
648 1389 796 1454 dicuntur
816 1390 948 1453 collectio
969 1391 1145 1453 orationum
1164 1395 1194 1452 et
1212 1389 1379 1453 lectionum
1392 1409 1410 1452 a
1423 1411 1493 1472 per-
1592 1367 1593 1444 l

222 1477 305 1540 sonis
320 1479 358 1541 ed
369 1478 402 1540 id
413 1478 578 1559 deputatis,
589 1478 679 1540 certis
688 1477 783 1552 horis,
798 1479 929 1559 singulis
943 1477 1051 1542 diebus
1065 1479 1302 1542 recitandarum.
1315 1477 1393 1542 Hinc
1404 1485 1493 1544 liora
1592 1497 1593 1544 t

221 1566 316 1630 etiam
336 1567 505 1630 dicuntur:
525 1573 556 1630 1⁰
578 1566 721 1649 Officium
742 1568 894 1638 divinem,
914 1569 994 1649 quod
1016 1567 1216 1631 inhonorem
1233 1566 1287 1629 Dei
1307 1567 1491 1644 recitentur,

222 1656 408 1738 t0Offictum
416 1656 656 1728 eeclesiasticam,
673 1658 753 1737 quod
769 1657 894 1720 nomine
908 1657 1046 1720 Ecclesiae
1060 1657 1287 1738 persolventem
1303 1660 1337 1719 30
1348 1655 1493 1736 Officium

220 1749 409 1822 canonicum,
426 1746 507 1826 quod
524 1747 614 1826 juxta
635 1749 794 1809 canonum
816 1747 934 1826 regulas
957 1745 1119 1809 recitandae
1137 1745 1216 1819 sint;
1229 1749 1263 1808 40
1277 1744 1474 1807 Brentesium
1480 1792 1493 1825 ,

221 1836 302 1905 cuod
322 1833 461 1898 Officium
482 1833 558 1896 illud
577 1835 617 1896 sit
637 1835 853 1914 compendium
870 1835 988 1897 Veteris
1008 1842 1038 1898 et
1058 1833 1136 1900 Novi
1151 1834 1357 1908 Testamenti,
1375 1852 1495 1898 necnon
1592 1863 1593 1886 r

221 1922 446 1985 sententiarum
460 1927 586 1985 Petrum
599 1929 631 1986 et
645 1923 717 1987 vitae
730 1925 923 1986 Sanctomm.

261 2011 350 2090 Origo
364 2011 463 2074 divini
479 2009 589 2083 Officii,
606 2013 706 2091 quoad
726 2011 946 2086 substantiam,
966 2013 1003 2074 ab
1022 2011 1098 2090 ipsis
1117 2012 1331 2092 Apostolorum
1345 2011 1494 2092 tempori·
1592 2029 1593 2064 t

221 2099 279 2162 bus
293 2099 416 2162 videtur
429 2099 605 2179 repetenda,
622 2105 659 2160 ut
671 2100 821 2180 colligitur
834 2119 871 2162 ex
886 2100 980 2162 variis
994 2099 1066 2162 locis
1080 2103 1148 2162 Act.
1166 2099 1287 2181 Apost,
1304 2119 1342 2162 ex
1353 2101 1493 2163 testimo·
1592 2139 1593 2150 ι

220 2188 282 2250 niis
297 2190 423 2251 Petrum
437 2194 468 2248 et
482 2205 519 2248 ex
533 2187 626 2248 variis
640 2183 840 2250 documentis.

260 2281 394 2338 Decursu
408 2283 583 2355 temporum
598 2275 683 2338 varia
698 2275 757 2338 lant
771 2275 867 2338 torma
883 2285 914 2340 et
931 2277 1089 2358 quantitas
1104 2275 1260 2342 Breviorii.
1278 2277 1372 2342 Cone.
1391 2277 1490 2357 Trid,
1592 2343 1593 2348 χ

220 2384 290 2426 sess.
307 2367 389 2427 XXV
403 2364 446 2425 ad
457 2363 579 2441 colocen,
594 2382 706 2426 novam
721 2364 967 2428 reformationem
980 2365 1130 2428 Breviorii
1140 2366 1270 2430 Romani
1285 2367 1350 2429 fieri
1364 2367 1495 2430 manda-

220 2453 276 2514 vit.
300 2457 330 2516 S.
357 2453 429 2514 Pius
450 2455 477 2514 V
497 2452 573 2514 illud
589 2453 734 2527 correxit,
761 2454 968 2518 additionibus
991 2455 1148 2517 nonnullis
1171 2455 1273 2528 auxit,
1295 2463 1387 2536 amne
1406 2455 1495 2520 Bulla
1592 2467 1593 2490 ¹

223 2541 309 2615 Quod
325 2541 469 2614 oNobts,
485 2541 534 2603 die
548 2546 567 2603 7
581 2545 597 2603 J
601 2541 655 2603 ulii
669 2546 764 2617 1568,
783 2545 887 2606 omnia
900 2543 959 2605 alia
973 2543 1145 2618 Breviaria,
1161 2561 1230 2623 qua
1244 2543 1282 2605 ab
1295 2543 1495 2606 institutione
1592 2619 1593 2630 χ

221 2647 275 2690 seu
294 2629 432 2709 legitima
449 2629 669 2692 consuetudine
688 2649 749 2694 non
768 2632 954 2712 superabant
967 2636 1028 2696 200
1051 2649 1162 2704 annos,
1186 2631 1351 2712 prohibuit.
1376 2631 1494 2694 Nihilo-

218 2717 324 2779 minus
340 2716 374 2779 in
392 2718 487 2782 Gellia
507 2718 669 2781 infeliciter
688 2718 821 2783 invaluit
842 2722 1042 2794 consuetudo,
1060 2726 1097 2782 ut
1119 2719 1258 2802 Episcopi
1278 2720 1415 2800 plerique
1435 2737 1495 2782 sua

219 2806 340 2886 propria
353 2806 509 2870 breviaria
522 2807 669 2870 baberent
683 2814 714 2870 et
727 2808 939 2872 immutarent.
956 2809 1016 2872 Diu
1030 2808 1127 2872 tacuit
1141 2808 1271 2871 Ecclesia
1281 2814 1404 2890 propter
1413 2814 1493 2870 term
1592 2845 1593 2884 3

218 2912 329 2975 porum
349 2895 552 2972 calamitates
569 2897 642 2960 adeo
661 2904 696 2960 ut
716 2897 795 2960 hanc
815 2898 1068 2960 consuetudinem
1088 2899 1214 2960 tolerare
1230 2897 1411 2959 crederetur.
1432 2897 1491 2961 Sed
1592 2895 1593 2910 ³

217 2985 378 3063 postremis
395 2984 477 3048 hisce
497 2985 687 3065 temporibus
710 3005 764 3066 pro
787 2987 881 3049 uariis
901 3005 1009 3049 rerum
1029 2985 1184 3066 adjunctis
1203 2985 1334 3066 benigne
1355 2989 1490 3048 mentem
1592 2977 1593 3020 ³

219 3091 309 3134 saram
330 3075 466 3153 aperuit,
482 3078 574 3153 atque
592 3074 701 3136 exinde
719 3073 778 3136 fere
795 3093 900 3137 omnes
918 3075 1079 3156 Episcopos
1097 3074 1258 3156 gestientes
1276 3076 1316 3138 ad
1336 3074 1490 3136 unitatem
1592 3157 1593 3176 Χ

217 3159 394 3242 liturgicam
403 3162 500 3224 redire
513 3162 565 3242 pia
577 3166 672 3225 Mater
684 3162 860 3225 letabunda
873 3163 980 3226 cernit.

258 3251 371 3313 comm
387 3249 526 3313 officium
544 3249 688 3313 monum
705 3250 740 3312 in
760 3257 877 3332 emtam
891 3256 987 3315 Horas
998 3253 1160 3328 dividitur,
1174 3251 1289 3314 scilieet
1299 3251 1492 3317 Matutinum

219 3355 290 3400 cum
304 3338 475 3413 Laudibus,
492 3339 643 3414 Primam,
659 3337 810 3416 tertiam,
830 3341 969 3417 Sextam,
990 3347 1123 3416 Nonam,
1142 3343 1289 3420 vesperas
1306 3345 1337 3400 et
1354 3339 1491 3420 Comple-
1592 3417 1593 3428 χ

217 3427 344 3490 terium

257 3517 415 3598 Apendum
430 3522 461 3579 l⁰
475 3516 512 3578 de
525 3515 711 3596 obligatione
723 3518 886 3592 Breviorii;
902 3553 941 3564 -
952 3523 985 3580 2⁰
999 3519 1035 3578 de
1048 3517 1233 3596 temporead
1248 3521 1398 3579 Horarum
1414 3518 1492 3580 reei-
1592 3547 1593 3584 t

216 3605 364 3668 udonem
378 3610 507 3681 statuta
525 3641 562 3651 -·
578 3611 610 3670 3·
622 3607 659 3669 de
671 3608 761 3669 modo
775 3625 825 3669 eas
837 3605 1002 3680 monnau
1015 3639 1056 3649 -
1070 3609 1103 3666 4⁰
1117 3605 1154 3668 de
1167 3604 1268 3668 caune
1281 3603 1490 3668 crocitatione
1592 3625 1593 3696 t

216 3695 444 3758 ammantibus.

766 3839 902 3884 roucourt
923 3840 933 3882 1

654 3953 694 4006 lte
708 3949 882 4022 obligatione
895 3949 1046 4008 recitandi.

337 4095 561 4177 Principia.

254 4244 306 4304 5⁰.
322 4275 360 4284 —
378 4243 401 4302 l.
423 4241 606 4321 Obligantm
623 4241 660 4304 ad
683 4243 778 4304 Horas
794 4240 951 4303 canonicas
972 4239 1111 4322 quotidie
1131 4239 1304 4304 recitandas
1326 4247 1359 4304 l·
1374 4238 1490 4302 Clerici
1592 4227 1593 4320 l

217 4341 323 4390 omnes
340 4328 374 4390 in
393 4329 485 4390 sacris
498 4329 674 4405 constituti,
691 4328 783 4391 etiam
807 4329 945 4409 suspensi
966 4335 998 4392 et
1020 4327 1286 4392 excommunicati.
1308 4333 1433 4392 constat
1450 4345 1490 4390 ex
1592 4323 1593 4408 3

217 4415 395 4479 ceriislocis
408 4416 491 4479 tuns
505 4435 571 4480 can.
583 4439 590 4493 ;
603 4437 641 4482 ex
657 4418 749 4481 Cone.
766 4417 868 4479 Later.
885 4435 957 4479 eno.
980 4421 1074 4495 rara
1097 4436 1134 4481 ex
1146 4419 1232 4482 Bulla
1245 4419 1275 4480 S.
1293 4417 1340 4478 Pii
1354 4417 1381 4477 V
1398 4415 1491 4494 Quod
1592 4415 1593 4466 ἶ

215 4521 234 4566 o
250 4501 355 4567 Nobis.
372 4541 413 4552 —
424 4509 457 4568 20
466 4503 650 4589 Beneflctoti'
659 4523 780 4582 omnes,
792 4505 846 4588 qui
859 4505 973 4569 habent
980 4509 1033 4588 jus
1042 4506 1076 4570 iu
1090 4525 1123 4570 re
1136 4511 1166 4570 et
1174 4506 1299 4587 plenum
1312 4503 1487 4568 domini-
1592 4499 1593 4510 ’
