3224 5044
675 229 718 272 ou
743 229 875 273 onnruu
1343 211 1405 274 313

118 349 307 426 potestatem
321 339 442 422 iepencli
454 337 659 420 Euonqeliom
681 341 713 398 in
729 337 866 400 Ecclesia
886 338 958 407 liei,
986 347 1046 400 lom
1063 357 1119 419 pro
1143 340 1219 399 uiuis
1241 355 1328 420 quom
1346 357 1406 421 pro

124 432 296 513 1111111111,
314 429 346 489 in
361 432 481 490 nomine
494 427 626 488 Domini.

174 523 227 582 IV.
244 518 347 595 Quoad
372 518 632 599 Presbyterolum.
650 515 748 597 ipsius
772 516 901 580 materia
922 515 1004 591 opud
1023 514 1142 577 Grecos
1162 515 1221 578 sita
1235 521 1281 576 est
1295 515 1328 576 in
1343 516 1405 577 sola

126 624 289 672 manuum
304 605 515 686 impositione;
532 606 615 686 opud
629 605 752 666 Latinos
764 624 834 668 vero
852 605 963 685 duplex
979 611 1040 676 est,
1062 604 1169 666 saltem
1184 623 1222 666 ex
1240 610 1403 683 praecepto,

128 697 251 760 scilicet
264 694 420 776 impositio
434 713 585 757 manuum
605 695 754 775 Episcopi.
766 702 797 756 et
812 695 937 756 traditio
952 693 1053 756 caliois
1065 712 1135 756 oum
1150 693 1233 764 vino,
1248 699 1279 755 ct
1291 699 1408 772 patente

127 803 208 848 oum
221 784 323 847 hostia
336 784 535 864 superposita.
552 783 797 846 controvertitur
810 790 915 845 autem
930 782 1010 844 intor
1026 783 1191 861 theologos,
1208 799 1350 861 quanam
1366 781 1407 842 sit

126 873 264 938 materia
287 872 467 936 essentialis.
484 871 681 932 Probabilms
701 871 839 933 consistit
859 871 890 933 in
909 871 971 934 sola
985 872 1116 934 soconda
1136 888 1287 932 manuum
1308 869 1406 948 impo-

127 963 263 1036 sitione,
291 980 360 1043 queo
383 960 418 1023 fit
439 961 477 1022 ab
498 960 643 1041 Episcopo
668 979 739 1022 cum
764 959 952 1041 Presbyteris
974 959 1199 1022 assistentibus,
1221 995 1260 1003 —
1279 958 1313 1019 S.
1334 958 1404 1038 Lip.

126 1073 163 1114 n.
184 1055 255 1114 rte.
1276 1051 1278 1056 ’

174 1143 288 1203 Forma
302 1137 396 1201 etiam
410 1156 464 1219 pro
478 1138 615 1200 materie
629 1137 805 1200 diversitate
820 1137 905 1200 varia
919 1144 980 1212 ost;
997 1155 1091 1217 qnare
1105 1138 1141 1198 de
1162 1155 1197 1198 11
1210 1135 1326 1216 pariter
1336 1153 1406 1197 oon-

128 1227 328 1292 trovertitur.
346 1225 423 1290 Hinc
444 1225 556 1300 formo,
580 1245 649 1307 quae
663 1226 822 1288 traditioni
837 1227 1118 1288 instrumentorum
1144 1225 1320 1305 respondet,
1343 1224 1407 1285 heo

127 1325 203 1381 est:
220 1319 333 1398 Accipe
344 1325 523 1397 poloslolem
540 1317 685 1396 offerendi
699 1316 889 1397 Sacrificium
907 1316 978 1384 Deo,
992 1314 1155 1395 Missusque
1164 1313 1335 1376 celebrandi
1347 1324 1407 1374 lom

129 1425 197 1490 pro
211 1407 287 1466 uiuis
299 1425 389 1486 quom
403 1405 681 1486 medolanensis
695 1406 817 1465 nomine
830 1405 962 1465 Domini.
979 1407 1201 1468 Formaautem
1216 1400 1406 1483 impositioni

132 1511 289 1558 manuum
304 1492 435 1573 propria,
446 1501 493 1556 est
506 1494 573 1574 ipsa
587 1493 683 1556 oratio
698 1511 792 1573 quam
808 1495 913 1556 recitat
926 1492 1100 1572 Episcopus,
1116 1492 1191 1553 dum
1203 1509 1314 1554 manus
1326 1488 1407 1552 ordi-

128 1583 247 1646 nandis
261 1581 402 1664 imponit.
414 1619 455 1627 -
476 1583 547 1646 Vide
561 1582 595 1644 S.
605 1583 687 1664 Lep,
705 1605 736 1644 n.
753 1587 812 1646 139
827 1593 930 1664 etseq.

259 1711 454 1786 Quaestio.

177 1844 247 1902 101.
263 1873 304 1884 -
317 1840 416 1911 01111.
434 1845 465 1900 1ο
481 1839 527 1897 An
541 1839 714 1918 requiratur
729 1847 824 1900 1111111
836 1839 979 1920 pbpsicus
993 1837 1287 1900 instrumentorum?

177 1927 268 2007 Resp.
281 1945 293 1987 .·
307 1925 386 1989 Dicit
402 1927 434 1988 S.
450 1924 606 2004 Liporius,
624 1948 654 1986 n.
672 1932 741 2000 113,
758 1927 909 2006 duplicem
924 1926 989 1989 dari
1006 1925 1192 1988 sententiam
1206 1922 1405 2004 probabilem,

131 2021 167 2080 et
184 2018 404 2096 consequenter
424 2015 567 2078 tutiorem
589 2015 623 2076 in
641 2015 729 2095 praxi
750 2015 936 2096 sequendam
958 2034 1032 2077 esse.
1054 2017 1201 2077 Attamen
1220 2011 1406 2094 quibusdam

132 2103 289 2168 sententia
302 2103 444 2183 negativa
460 2108 528 2165 tuta
541 2103 668 2166 dicenda
682 2104 804 2166 videtur
817 2122 852 2166 11
868 2104 952 2166 Decis
964 2102 997 2165 S.
1009 2102 1120 2179 Conpr.
1137 2103 1271 2164 11111111.
1286 2098 1408 2162 Etenim

132 2211 208 2257 oum
227 2192 395 2272 Religiosus
416 2187 544 2272 quidam
567 2193 680 2266 Gallus,
702 2193 827 2254 nomine
847 2193 981 2272 Ephrem
995 2192 1159 2264 Ghostean,
1182 2189 1304 2252 calicem
1323 2193 1407 2270 tactu

132 2281 262 2364 physico
275 2281 308 2342 in
326 2299 382 2343 sne
395 2279 586 2344 ordinatione
600 2281 638 2342 ad
652 2282 900 2362 presbyteratum
920 2299 980 2343 non
1000 2280 1165 2361 tetigisset,
1187 2277 1328 2359 scrupulo
1342 2293 1408 2338 mo-

132 2379 189 2434 tus
202 2388 307 2433 casum
318 2373 349 2433 S.
363 2372 472 2448 Congr·
486 2369 549 2433 Rit.
563 2369 731 2450 proposuit.
748 2373 838 2432 Sacra
850 2376 953 2432 autem
963 2369 1161 2448 congregatio
1176 2369 1214 2430 ad
1228 2365 1408 2445 scrupulum

132 2460 220 2523 huno
233 2457 336 2520 fratris
351 2457 483 2538 Ephrem
498 2457 669 2539 rospondit:
688 2459 776 2519 Posse
790 2460 967 2520 continuare
984 2457 1205 2519 celebrationem
1221 2455 1284 2517 SS.
1303 2455 1408 2516 Sacri-

133 2549 204 2631 ficii
216 2547 325 2628 ubsque
335 2547 397 2608 ullo
413 2552 566 2629 scrupulo,
583 2567 618 2608 uo
633 2557 698 2608 1111
708 2567 837 2628 prorsus
850 2551 1030 2610 conscientia
1046 2549 1054 2626 1
1062 2551 1080 2608 3
1096 2545 1250 2608 Decembr.
1268 2548 1358 2617 16111,
1374 2542 1408 2604 in

133 2656 200 2699 una
221 2636 398 2700 Galliarum.
415 2671 455 2682 —
477 2635 666 2709 Gardeiliui,
693 2638 801 2715 1113).
823 2640 862 2698 Et
876 2638 955 2699 hanc
974 2635 1211 2699 Declarationem
1231 2637 1262 2696 S.
1278 2637 1407 2712 Congre-

134 2725 219 2805 gatio
233 2743 340 2786 rursus
353 2723 543 2786 confirmavit
556 2725 589 2785 in
607 2725 754 2798 Bouiano,
768 2730 803 2787 Et
820 2727 892 2786 lon.
915 2730 1001 2788 1863.
1012 2760 1053 2770 -
1066 2726 1180 2786 Verum
1196 2721 1294 2784 adhuc
1306 2721 1408 2800 plures

135 2811 365 2884 contradicunt,
381 2829 415 2872 eo
438 2813 519 2890 quod
533 2811 698 2874 decisiones
713 2815 743 2874 S.
760 2816 868 2892 congr.
890 2814 979 2875 illurn
994 2817 1130 2893 spectent
1151 2809 1205 2890 qui
1224 2807 1319 2870 solius
1335 2807 1406 2869 cali-

137 2896 198 2973 cis,
224 2916 286 2959 non
305 2903 409 2960 autom
430 2903 606 2960 ceterorum
628 2900 923 2973 instrumentorum,
945 2909 1062 2981 paterno
1082 2898 1194 2960 scilicet
1216 2895 1264 2958 111
1282 2895 1404 2966 hostien,

136 2993 313 3050 contactum
327 2986 488 3067 physicum
502 2986 536 3047 in
550 2986 740 3049 ordinatione
755 3006 811 3050 sna
824 2988 940 3051 omisit.

178 3077 329 3138 Ceterum
347 3073 465 3136 nemini
481 3073 621 3136 ordinato
635 3075 814 3155 plerumque
828 3076 1018 3139 rationabilis
1032 3083 1064 3139 et
1081 3077 1230 3139 fundatus
1247 3073 1407 3154 scrupulus

136 3165 238 3227 inesse
261 3169 369 3243 potest.
387 3165 464 3224 Nam
488 3162 521 3223 in
544 3163 631 3242 praxi
647 3162 785 3244 Episcopi
802 3165 899 3227 solent
920 3165 964 3227 ita
978 3165 1148 3245 procedere,
1165 3173 1202 3227 ut
1223 3165 1257 3226 in
1274 3181 1306 3224 re
1328 3157 1407 3222 tanti

136 3251 289 3316 momenti
304 3251 450 3313 tutiorem
467 3250 550 3313 viem
570 3268 688 3331 semper
701 3257 834 3314 teneant.
852 3253 984 3315 Aliunde
999 3259 1045 3316 tot
1063 3253 1211 3315 Ministris
1225 3257 1256 3314 et
1270 3248 1407 3314 011111111-

137 3341 198 3404 bus
211 3339 365 3402 incumbit
379 3357 496 3401 munus
511 3337 693 3418 invigilandi
707 3341 744 3401 de
763 3340 825 3404 ritu
846 3341 1090 3404 inordinatione
1111 3341 1276 3413 servando,
1293 3343 1329 3399 ut
1343 3355 1407 3399 mo-

138 3429 211 3492 ralis
226 3428 376 3492 certitudo
389 3427 549 3503 habeatur,
566 3427 671 3490 omnia
685 3435 763 3492 recte
779 3437 809 3491 et
824 3430 922 3492 valide
937 3437 1020 3509 geste
1034 3429 1138 3492 inisse.

179 3519 278 3592 Quen.
296 3521 327 3580 2⁰
342 3517 392 3578 An
406 3520 571 3579 necessario
586 3518 715 3578 traditio
730 3520 889 3599 utriusque
902 3518 1009 3594 speciei
1024 3516 1224 3599 requiratur?

179 3606 269 3689 Resp.
289 3606 417 3688 Asfimn.
433 3605 631 3687 probabilius.
650 3606 723 3687 quia
742 3625 794 3688 per
816 3607 1013 3670 traditionem
1032 3606 1126 3669 unius
1141 3605 1248 3686 speciei
1270 3622 1333 3666 non
1346 3609 1407 3666 tra-

137 3695 224 3758 ditur
235 3702 367 3776 potestas
382 3695 415 3757 in
430 3701 532 3758 toturn
546 3695 744 3758 Sacrificium.
761 3731 800 3742 -
814 3695 849 3758 S.
865 3696 946 3778 Lip„
965 3703 1001 3758 ut
1013 3694 1214 3778 probabilius,
1233 3713 1264 3754 n.
1281 3697 1352 3756 750.
1369 3727 1407 3737 -—

138 3783 303 3861 Sulmone,
317 3805 344 3846 c.
360 3801 407 3858 111,
423 3804 456 3844 n.
470 3787 520 3847 15.

180 3877 248 3936 103.
266 3907 302 3918 -
317 3877 418 3948 Qum.
436 3877 468 3934 3⁰
482 3875 533 3934 An
556 3873 655 3934 aalide
673 3874 847 3949 ordinetur,
868 3874 922 3957 qui
941 3878 1043 3958 lonqii
1062 3873 1209 3950 bosliom,
1230 3891 1288 3932 non
1308 3880 1406 3932 autem

136 3969 297 4041 11111111,
311 3973 340 4022 11
353 3961 406 4042 qui
422 3965 520 4041 lonpil
535 3961 658 4023 culicem
672 3974 699 4024 el
712 3974 873 4044 polenum,
887 3984 947 4025 non
961 3975 1059 4026 aulem
1074 3961 1226 4022 bostrom?

178 4049 266 4129 Ilesp.
280 4048 319 4110 ad
338 4054 392 4110 1¹⁰¹
406 4048 531 4131 Affirm.
546 4068 616 4112 cum
632 4052 784 4114 sententia
796 4052 964 4127 communi,
982 4069 1050 4133 queo
1063 4047 1309 4132 probabilissima
1322 4047 1405 4111 vide-

139 4144 202 4199 tur.
217 4135 306 4201 Ratio
320 4141 377 4211 est,
397 4137 470 4216 quia
490 4137 591 4200 hostia
610 4147 641 4201 et
659 4139 769 4202 uinum
791 4147 864 4202 sunt
882 4139 1012 4202 matoria
1033 4137 1244 4202 substantialis
1263 4137 1404 4210 Ordinis,

138 4223 251 4305 quibus
264 4223 470 4304 principaliter
484 4225 673 4304 significatur
687 4234 818 4307 potestas
833 4228 866 4290 in
880 4247 988 4308 corpus
1000 4226 1125 4302 Christi,
1135 4233 1165 4289 et
1175 4231 1295 4308 propter
1309 4226 1406 4289 solam

138 4313 307 4376 decentiam
321 4331 359 4374 ex
372 4319 519 4392 precepto
532 4313 669 4377 Ecclesiae
679 4316 930 4396 usurpaturoalix
941 4324 972 4378 ot
981 4309 1099 4396 patena.
1112 4319 1258 4378 Attamen
1272 4315 1305 4376 in
1317 4314 1405 4394 praxi

140 4421 211 4483 pars
225 4401 323 4465 tutior
335 4401 489 4482 sequenda
502 4407 558 4464 est.
575 4437 613 4448 —
628 4402 662 4464 S.
679 4404 749 4482 Lip.
766 4425 796 4464 o.
813 4409 883 4468 75¹.

178 4492 270 4574 recep.
295 4492 334 4553 ad
356 4493 411 4553 1ιιιι
425 4489 519 4552 etiam
537 4490 722 4572 olfirmolioe
740 4511 811 4554 oum
831 4495 982 4556 sententia
1003 4495 1198 4557 communiet
1217 4493 1345 4570 veriori,
1362 4491 1407 4554 sit
