<?xml version="1.0" encoding="UTF-8"?>
<!DOCTYPE html PUBLIC "-//W3C//DTD XHTML 1.0 Transitional//EN"
    "http://www.w3.org/TR/xhtml1/DTD/xhtml1-transitional.dtd">
<html xmlns="http://www.w3.org/1999/xhtml" xml:lang="en" lang="en">
 <head>
  <title>
</title>
<meta http-equiv="Content-Type" content="text/html;charset=utf-8" />
  <meta name='ocr-system' content='tesseract 3.04.00' />
  <meta name='ocr-capabilities' content='ocr_page ocr_carea ocr_par ocr_line ocrx_word'/>
</head>
<body>
  <div class='ocr_page' id='page_1' title='image "./compendiumtheol03gurygoog_0401.png"; bbox 0 0 3206 5042; ppageno 0'>
   <div class='ocr_carea' id='block_1_1' title="bbox 249 287 991 354">
    <p class='ocr_par' dir='ltr' id='par_1_1' title="bbox 249 287 991 354">
     <span class='ocr_line' id='line_1_1' title="bbox 249 287 991 354; baseline -0.031 0"><span class='ocrx_word' id='word_1_1' title='bbox 249 294 317 354; x_wconf 87' lang='lat'>388</span> <span class='ocrx_word' id='word_1_2' title='bbox 781 287 991 337; x_wconf 74' lang='lat' dir='ltr'>anscausus</span> 
     </span>
    </p>
   </div>
   <div class='ocr_carea' id='block_1_2' title="bbox 249 397 1538 2086">
    <p class='ocr_par' dir='ltr' id='par_1_2' title="bbox 249 397 1538 584">
     <span class='ocr_line' id='line_1_2' title="bbox 249 397 1538 489; baseline -0.009 -8"><span class='ocrx_word' id='word_1_3' title='bbox 249 417 346 481; x_wconf 89' lang='lat' dir='ltr'>aliave</span> <span class='ocrx_word' id='word_1_4' title='bbox 366 411 539 477; x_wconf 89' lang='lat' dir='ltr'>conditione</span> <span class='ocrx_word' id='word_1_5' title='bbox 554 406 703 488; x_wconf 86' lang='lat' dir='ltr'>requisita</span> <span class='ocrx_word' id='word_1_6' title='bbox 719 408 839 478; x_wconf 78' lang='lat' dir='ltr'><strong>carent,</strong></span> <span class='ocrx_word' id='word_1_7' title='bbox 855 400 1071 472; x_wconf 78' lang='lat' dir='ltr'>dilacerantur,</span> <span class='ocrx_word' id='word_1_8' title='bbox 1088 404 1119 460; x_wconf 85' lang='lat' dir='ltr'>et</span> <span class='ocrx_word' id='word_1_9' title='bbox 1136 398 1174 460; x_wconf 86' lang='lat' dir='ltr'>nb</span> <span class='ocrx_word' id='word_1_10' title='bbox 1188 397 1347 463; x_wconf 78' lang='lat' dir='ltr'>officiariis</span> <span class='ocrx_word' id='word_1_11' title='bbox 1362 404 1400 466; x_wconf 87' lang='lat' dir='ltr'>S.</span> <span class='ocrx_word' id='word_1_12' title='bbox 1416 405 1538 489; x_wconf 75' lang='lat' dir='ltr'>Conpr.</span> 
     </span>
     <span class='ocr_line' id='line_1_3' title="bbox 249 503 536 584; baseline -0.035 -14"><span class='ocrx_word' id='word_1_13' title='bbox 249 525 312 569; x_wconf 92' lang='lat' dir='ltr'>non</span> <span class='ocrx_word' id='word_1_14' title='bbox 325 503 536 584; x_wconf 89' lang='lat' dir='ltr'>respondetur.</span> 
     </span>
    </p>

    <p class='ocr_par' dir='ltr' id='par_1_3' title="bbox 249 578 1534 1026">
     <span class='ocr_line' id='line_1_4' title="bbox 289 578 1534 661; baseline -0.005 -5"><span class='ocrx_word' id='word_1_15' title='bbox 289 595 371 657; x_wconf 67' lang='lat'>2011]</span> <span class='ocrx_word' id='word_1_16' title='bbox 390 589 486 655; x_wconf 87' lang='lat' dir='ltr'>Gallia</span> <span class='ocrx_word' id='word_1_17' title='bbox 507 585 640 650; x_wconf 90' lang='lat' dir='ltr'>occurrit</span> <span class='ocrx_word' id='word_1_18' title='bbox 660 601 744 646; x_wconf 89' lang='lat' dir='ltr'>nunc</span> <span class='ocrx_word' id='word_1_19' title='bbox 768 589 815 644; x_wconf 90' lang='lat' dir='ltr'>sat</span> <span class='ocrx_word' id='word_1_20' title='bbox 837 581 1012 660; x_wconf 81' lang='lat' dir='ltr'>frequenter</span> <span class='ocrx_word' id='word_1_21' title='bbox 1032 595 1137 656; x_wconf 81' lang='lat' dir='ltr'>eausa,</span> <span class='ocrx_word' id='word_1_22' title='bbox 1161 595 1230 660; x_wconf 82' lang='lat' dir='ltr'>quae</span> <span class='ocrx_word' id='word_1_23' title='bbox 1254 578 1288 641; x_wconf 92' lang='lat' dir='ltr'>in</span> <span class='ocrx_word' id='word_1_24' title='bbox 1310 582 1534 661; x_wconf 67' lang='lat' dir='ltr'>supplicatione.</span> 
     </span>
     <span class='ocr_line' id='line_1_5' title="bbox 249 667 1531 762; baseline -0.015 -16"><span class='ocrx_word' id='word_1_25' title='bbox 249 683 320 747; x_wconf 89' lang='lat' dir='ltr'>addi</span> <span class='ocrx_word' id='word_1_26' title='bbox 335 685 450 762; x_wconf 90' lang='lat' dir='ltr'>potest,</span> <span class='ocrx_word' id='word_1_27' title='bbox 469 677 582 740; x_wconf 89' lang='lat' dir='ltr'>scilicet</span> <span class='ocrx_word' id='word_1_28' title='bbox 600 670 838 737; x_wconf 68' lang='lat' dir='ltr'>matrimonium</span> <span class='ocrx_word' id='word_1_29' title='bbox 859 667 989 730; x_wconf 88' lang='lat' dir='ltr'>civiliter</span> <span class='ocrx_word' id='word_1_30' title='bbox 1008 673 1215 742; x_wconf 88' lang='lat' dir='ltr'>contractum,</span> <span class='ocrx_word' id='word_1_31' title='bbox 1233 669 1280 730; x_wconf 88' lang='lat' dir='ltr'>vel</span> <span class='ocrx_word' id='word_1_32' title='bbox 1301 668 1473 749; x_wconf 91' lang='lat' dir='ltr'>periculum</span> <span class='ocrx_word' id='word_1_33' title='bbox 1494 695 1531 737; x_wconf 69' lang='lat' dir='ltr'>na</span> 
     </span>
     <span class='ocr_line' id='line_1_6' title="bbox 249 755 1527 844; baseline -0.009 -8"><span class='ocrx_word' id='word_1_34' title='bbox 249 771 463 844; x_wconf 88' lang='lat' dir='ltr'>contrahatur;</span> <span class='ocrx_word' id='word_1_35' title='bbox 483 773 555 829; x_wconf 88' lang='lat' dir='ltr'>tunc</span> <span class='ocrx_word' id='word_1_36' title='bbox 569 783 640 827; x_wconf 89' lang='lat' dir='ltr'>vero</span> <span class='ocrx_word' id='word_1_37' title='bbox 652 759 837 842; x_wconf 79' lang='lat' dir='ltr'>dispensatio</span> <span class='ocrx_word' id='word_1_38' title='bbox 849 757 997 839; x_wconf 76' lang='lat' dir='ltr'>praecipue</span> <span class='ocrx_word' id='word_1_39' title='bbox 1010 755 1186 818; x_wconf 90' lang='lat' dir='ltr'>conceditur</span> <span class='ocrx_word' id='word_1_40' title='bbox 1200 755 1234 818; x_wconf 94' lang='lat' dir='ltr'>in</span> <span class='ocrx_word' id='word_1_41' title='bbox 1249 757 1381 836; x_wconf 90' lang='lat' dir='ltr'>gratiam</span> <span class='ocrx_word' id='word_1_42' title='bbox 1398 779 1527 840; x_wconf 73' lang='lat' dir='ltr'>sponsae.</span> 
     </span>
     <span class='ocr_line' id='line_1_7' title="bbox 249 845 1527 942; baseline -0.009 -18"><span class='ocrx_word' id='word_1_43' title='bbox 249 861 342 942; x_wconf 91' lang='lat' dir='ltr'>prolis</span> <span class='ocrx_word' id='word_1_44' title='bbox 357 865 437 922; x_wconf 75' lang='lat' dir='ltr'>natae</span> <span class='ocrx_word' id='word_1_45' title='bbox 450 857 497 920; x_wconf 91' lang='lat' dir='ltr'>vel</span> <span class='ocrx_word' id='word_1_46' title='bbox 509 853 689 928; x_wconf 78' lang='lat' dir='ltr'>nasciturae,</span> <span class='ocrx_word' id='word_1_47' title='bbox 704 857 734 912; x_wconf 90' lang='lat' dir='ltr'>et</span> <span class='ocrx_word' id='word_1_48' title='bbox 747 847 883 922; x_wconf 80' lang='lat' dir='ltr'>familiae,</span> <span class='ocrx_word' id='word_1_49' title='bbox 901 846 948 908; x_wconf 90' lang='lat' dir='ltr'>vel</span> <span class='ocrx_word' id='word_1_50' title='bbox 962 846 1000 907; x_wconf 91' lang='lat' dir='ltr'>ad</span> <span class='ocrx_word' id='word_1_51' title='bbox 1015 845 1180 907; x_wconf 86' lang='lat' dir='ltr'>vitandum</span> <span class='ocrx_word' id='word_1_52' title='bbox 1194 847 1373 910; x_wconf 88' lang='lat' dir='ltr'>scandalum</span> <span class='ocrx_word' id='word_1_53' title='bbox 1388 850 1527 929; x_wconf 82' lang='lat' dir='ltr'>religioni</span> 
     </span>
     <span class='ocr_line' id='line_1_8' title="bbox 250 941 664 1026; baseline -0.022 -16"><span class='ocrx_word' id='word_1_54' title='bbox 250 956 280 1012; x_wconf 93' lang='lat' dir='ltr'>et</span> <span class='ocrx_word' id='word_1_55' title='bbox 295 947 434 1010; x_wconf 87' lang='lat' dir='ltr'>moribus</span> <span class='ocrx_word' id='word_1_56' title='bbox 449 941 664 1026; x_wconf 88' lang='lat' dir='ltr'>perniciosum.</span> 
     </span>
    </p>

    <p class='ocr_par' dir='ltr' id='par_1_4' title="bbox 250 1023 1527 1552">
     <span class='ocr_line' id='line_1_9' title="bbox 292 1023 1525 1111; baseline -0.008 -11"><span class='ocrx_word' id='word_1_57' title='bbox 292 1042 324 1100; x_wconf 86' lang='grc'>30</span> <span class='ocrx_word' id='word_1_58' title='bbox 345 1041 457 1099; x_wconf 85' lang='lat' dir='ltr'>Forma</span> <span class='ocrx_word' id='word_1_59' title='bbox 480 1029 746 1111; x_wconf 78' lang='lat' dir='ltr'>dispensationum</span> <span class='ocrx_word' id='word_1_60' title='bbox 769 1026 890 1089; x_wconf 89' lang='lat' dir='ltr'>tamin</span> <span class='ocrx_word' id='word_1_61' title='bbox 914 1023 1144 1086; x_wconf 87' lang='lat' dir='ltr'>Poenitentiaria</span> <span class='ocrx_word' id='word_1_62' title='bbox 1163 1029 1234 1084; x_wconf 93' lang='lat' dir='ltr'>tum</span> <span class='ocrx_word' id='word_1_63' title='bbox 1251 1023 1286 1086; x_wconf 94' lang='lat' dir='ltr'>in</span> <span class='ocrx_word' id='word_1_64' title='bbox 1306 1027 1428 1088; x_wconf 83' lang='lat' dir='ltr'>Dataria</span> <span class='ocrx_word' id='word_1_65' title='bbox 1445 1047 1525 1090; x_wconf 84' lang='lat' dir='ltr'>num</span> 
     </span>
     <span class='ocr_line' id='line_1_10' title="bbox 250 1112 1527 1205; baseline -0.007 -17"><span class='ocrx_word' id='word_1_66' title='bbox 250 1130 379 1205; x_wconf 84' lang='lat' dir='ltr'>recepta,</span> <span class='ocrx_word' id='word_1_67' title='bbox 396 1126 442 1184; x_wconf 88' lang='lat' dir='ltr'>est</span> <span class='ocrx_word' id='word_1_68' title='bbox 456 1119 675 1195; x_wconf 79' lang='lat' dir='ltr'>commissario,</span> <span class='ocrx_word' id='word_1_69' title='bbox 692 1117 725 1178; x_wconf 90' lang='lat' dir='ltr'>id</span> <span class='ocrx_word' id='word_1_70' title='bbox 739 1121 795 1190; x_wconf 91' lang='lat' dir='ltr'>est,</span> <span class='ocrx_word' id='word_1_71' title='bbox 809 1115 902 1177; x_wconf 88' lang='lat' dir='ltr'>datur</span> <span class='ocrx_word' id='word_1_72' title='bbox 915 1117 1047 1194; x_wconf 90' lang='lat' dir='ltr'>potestas</span> <span class='ocrx_word' id='word_1_73' title='bbox 1061 1112 1273 1192; x_wconf 86' lang='lat' dir='ltr'>dispensandi;</span> <span class='ocrx_word' id='word_1_74' title='bbox 1290 1131 1353 1176; x_wconf 89' lang='lat' dir='ltr'>nen</span> <span class='ocrx_word' id='word_1_75' title='bbox 1366 1133 1435 1178; x_wconf 92' lang='lat' dir='ltr'>vero</span> <span class='ocrx_word' id='word_1_76' title='bbox 1450 1135 1527 1196; x_wconf 73' lang='lat' dir='ltr'>prze-</span> 
     </span>
     <span class='ocr_line' id='line_1_11' title="bbox 251 1200 1525 1292; baseline -0.008 -16"><span class='ocrx_word' id='word_1_77' title='bbox 251 1215 311 1276; x_wconf 90' lang='lat' dir='ltr'>cise</span> <span class='ocrx_word' id='word_1_78' title='bbox 329 1213 538 1292; x_wconf 89' lang='lat' dir='ltr'>dispensatur.</span> <span class='ocrx_word' id='word_1_79' title='bbox 553 1208 640 1272; x_wconf 90' lang='lat' dir='ltr'>Unde</span> <span class='ocrx_word' id='word_1_80' title='bbox 658 1205 790 1267; x_wconf 82' lang='lat' dir='ltr'>infertur</span> <span class='ocrx_word' id='word_1_81' title='bbox 804 1221 910 1266; x_wconf 91' lang='lat' dir='ltr'>causas</span> <span class='ocrx_word' id='word_1_82' title='bbox 923 1202 1027 1262; x_wconf 88' lang='lat' dir='ltr'>allatas</span> <span class='ocrx_word' id='word_1_83' title='bbox 1042 1200 1149 1262; x_wconf 88' lang='lat' dir='ltr'>debere</span> <span class='ocrx_word' id='word_1_84' title='bbox 1163 1219 1228 1262; x_wconf 89' lang='lat' dir='ltr'>esse</span> <span class='ocrx_word' id='word_1_85' title='bbox 1241 1219 1344 1276; x_wconf 86' lang='lat' dir='ltr'>veras,</span> <span class='ocrx_word' id='word_1_86' title='bbox 1362 1208 1429 1265; x_wconf 91' lang='lat' dir='ltr'>tum</span> <span class='ocrx_word' id='word_1_87' title='bbox 1451 1213 1525 1266; x_wconf 89' lang='lat' dir='ltr'>tem-</span> 
     </span>
     <span class='ocr_line' id='line_1_12' title="bbox 251 1291 1524 1382; baseline -0.007 -19"><span class='ocrx_word' id='word_1_88' title='bbox 251 1321 322 1382; x_wconf 89' lang='lat' dir='ltr'>pore</span> <span class='ocrx_word' id='word_1_89' title='bbox 336 1319 396 1382; x_wconf 92' lang='lat' dir='ltr'>quo</span> <span class='ocrx_word' id='word_1_90' title='bbox 411 1297 605 1377; x_wconf 74' lang='lat' dir='ltr'>Rescriptum</span> <span class='ocrx_word' id='word_1_91' title='bbox 620 1300 715 1360; x_wconf 89' lang='lat' dir='ltr'>Roma</span> <span class='ocrx_word' id='word_1_92' title='bbox 727 1292 897 1372; x_wconf 78' lang='lat' dir='ltr'>expeditur,</span> <span class='ocrx_word' id='word_1_93' title='bbox 910 1298 977 1352; x_wconf 91' lang='lat' dir='ltr'>tum</span> <span class='ocrx_word' id='word_1_94' title='bbox 990 1297 1124 1369; x_wconf 89' lang='lat' dir='ltr'>tempore</span> <span class='ocrx_word' id='word_1_95' title='bbox 1136 1308 1197 1369; x_wconf 90' lang='lat' dir='ltr'>quc</span> <span class='ocrx_word' id='word_1_96' title='bbox 1209 1291 1395 1353; x_wconf 79' lang='lat' dir='ltr'>exsecutioni</span> <span class='ocrx_word' id='word_1_97' title='bbox 1407 1294 1524 1374; x_wconf 90' lang='lat' dir='ltr'>dispen-</span> 
     </span>
     <span class='ocr_line' id='line_1_13' title="bbox 253 1377 1523 1462; baseline -0.011 -11"><span class='ocrx_word' id='word_1_98' title='bbox 253 1390 329 1451; x_wconf 85' lang='lat' dir='ltr'>satio</span> <span class='ocrx_word' id='word_1_99' title='bbox 342 1388 523 1462; x_wconf 88' lang='lat' dir='ltr'>mandatur;</span> <span class='ocrx_word' id='word_1_100' title='bbox 539 1403 611 1446; x_wconf 91' lang='lat' dir='ltr'>nam</span> <span class='ocrx_word' id='word_1_101' title='bbox 622 1381 820 1460; x_wconf 87' lang='lat' dir='ltr'>inltescripto</span> <span class='ocrx_word' id='word_1_102' title='bbox 831 1377 1000 1443; x_wconf 88' lang='lat' dir='ltr'>dicitur:si</span> <span class='ocrx_word' id='word_1_103' title='bbox 1009 1397 1055 1440; x_wconf 84' lang='lat' dir='ltr'>res</span> <span class='ocrx_word' id='word_1_104' title='bbox 1066 1378 1107 1439; x_wconf 85' lang='lat' dir='ltr'>ita</span> <span class='ocrx_word' id='word_1_105' title='bbox 1117 1380 1164 1448; x_wconf 84' lang='lat' dir='ltr'>sit,</span> <span class='ocrx_word' id='word_1_106' title='bbox 1179 1385 1234 1441; x_wconf 91' lang='lat' dir='ltr'>aut</span> <span class='ocrx_word' id='word_1_107' title='bbox 1244 1377 1523 1462; x_wconf 75' lang='lat' dir='ltr'>quidaequivalens,</span> 
     </span>
     <span class='ocr_line' id='line_1_14' title="bbox 253 1472 1425 1552; baseline -0.015 -12"><span class='ocrx_word' id='word_1_108' title='bbox 253 1478 300 1540; x_wconf 89' lang='lat' dir='ltr'>vel</span> <span class='ocrx_word' id='word_1_109' title='bbox 313 1477 423 1539; x_wconf 90' lang='lat' dir='ltr'>saltem</span> <span class='ocrx_word' id='word_1_110' title='bbox 439 1472 689 1552; x_wconf 78' lang='lat' dir='ltr'>subintelligitur.</span> <span class='ocrx_word' id='word_1_111' title='bbox 1415 1479 1425 1496; x_wconf 90' lang='lat'><strong>·</strong></span> 
     </span>
    </p>

    <p class='ocr_par' dir='ltr' id='par_1_5' title="bbox 253 1555 1528 2086">
     <span class='ocr_line' id='line_1_15' title="bbox 292 1555 1528 1644; baseline -0.006 -16"><span class='ocrx_word' id='word_1_112' title='bbox 292 1571 326 1628; x_wconf 74' lang='grc'>40</span> <span class='ocrx_word' id='word_1_113' title='bbox 338 1562 529 1644; x_wconf 87' lang='lat' dir='ltr'>Dispensatio</span> <span class='ocrx_word' id='word_1_114' title='bbox 543 1581 597 1642; x_wconf 92' lang='lat' dir='ltr'>pro</span> <span class='ocrx_word' id='word_1_115' title='bbox 612 1561 675 1624; x_wconf 87' lang='lat' dir='ltr'>foro</span> <span class='ocrx_word' id='word_1_116' title='bbox 685 1559 808 1622; x_wconf 89' lang='lat' dir='ltr'>interno</span> <span class='ocrx_word' id='word_1_117' title='bbox 820 1557 974 1620; x_wconf 89' lang='lat' dir='ltr'>committi</span> <span class='ocrx_word' id='word_1_118' title='bbox 990 1557 1063 1618; x_wconf 89' lang='lat' dir='ltr'>solet</span> <span class='ocrx_word' id='word_1_119' title='bbox 1078 1556 1196 1618; x_wconf 88' lang='lat' dir='ltr'>Doctori</span> <span class='ocrx_word' id='word_1_120' title='bbox 1209 1555 1240 1616; x_wconf 93' lang='lat' dir='ltr'>in</span> <span class='ocrx_word' id='word_1_121' title='bbox 1255 1555 1410 1634; x_wconf 77' lang='lat' dir='ltr'>theologia,</span> <span class='ocrx_word' id='word_1_122' title='bbox 1424 1560 1477 1619; x_wconf 86' lang='lat' dir='ltr'>vel</span> <span class='ocrx_word' id='word_1_123' title='bbox 1495 1560 1528 1621; x_wconf 91' lang='lat' dir='ltr'>in</span> 
     </span>
     <span class='ocr_line' id='line_1_16' title="bbox 253 1643 1525 1728; baseline -0.002 -12"><span class='ocrx_word' id='word_1_124' title='bbox 253 1657 325 1716; x_wconf 86' lang='lat' dir='ltr'>lure</span> <span class='ocrx_word' id='word_1_125' title='bbox 349 1651 508 1723; x_wconf 88' lang='lat' dir='ltr'>canonico,</span> <span class='ocrx_word' id='word_1_126' title='bbox 525 1650 587 1724; x_wconf 88' lang='lat' dir='ltr'>vel,</span> <span class='ocrx_word' id='word_1_127' title='bbox 605 1650 631 1711; x_wconf 90' lang='lat' dir='ltr'>si</span> <span class='ocrx_word' id='word_1_128' title='bbox 652 1648 759 1710; x_wconf 91' lang='lat' dir='ltr'>haberi</span> <span class='ocrx_word' id='word_1_129' title='bbox 778 1645 902 1728; x_wconf 89' lang='lat' dir='ltr'>nequit,</span> <span class='ocrx_word' id='word_1_130' title='bbox 917 1643 1104 1709; x_wconf 75' lang='lat' dir='ltr'>confessario</span> <span class='ocrx_word' id='word_1_131' title='bbox 1123 1645 1161 1706; x_wconf 87' lang='lat' dir='ltr'>ab</span> <span class='ocrx_word' id='word_1_132' title='bbox 1182 1643 1319 1724; x_wconf 85' lang='lat' dir='ltr'>Episcopo</span> <span class='ocrx_word' id='word_1_133' title='bbox 1337 1645 1525 1724; x_wconf 83' lang='lat' dir='ltr'>approbato.</span> 
     </span>
     <span class='ocr_line' id='line_1_17' title="bbox 253 1733 1522 1824; baseline -0.007 -19"><span class='ocrx_word' id='word_1_134' title='bbox 253 1742 306 1824; x_wconf 89' lang='lat' dir='ltr'>qui</span> <span class='ocrx_word' id='word_1_135' title='bbox 322 1761 385 1804; x_wconf 92' lang='lat' dir='ltr'>non</span> <span class='ocrx_word' id='word_1_136' title='bbox 396 1745 497 1820; x_wconf 89' lang='lat' dir='ltr'>potest</span> <span class='ocrx_word' id='word_1_137' title='bbox 515 1738 640 1818; x_wconf 83' lang='lat' dir='ltr'>exsequi</span> <span class='ocrx_word' id='word_1_138' title='bbox 659 1735 932 1816; x_wconf 87' lang='lat' dir='ltr'>dispensationem,</span> <span class='ocrx_word' id='word_1_139' title='bbox 950 1735 1013 1796; x_wconf 81' lang='lat' dir='ltr'>nisi</span> <span class='ocrx_word' id='word_1_140' title='bbox 1027 1733 1133 1796; x_wconf 78' lang='lat' dir='ltr'>ondita</span> <span class='ocrx_word' id='word_1_141' title='bbox 1152 1735 1240 1814; x_wconf 80' lang='lat' dir='ltr'>prius</span> <span class='ocrx_word' id='word_1_142' title='bbox 1258 1733 1459 1812; x_wconf 74' lang='lat' dir='ltr'>confessione:</span> <span class='ocrx_word' id='word_1_143' title='bbox 1477 1739 1522 1796; x_wconf 87' lang='lat' dir='ltr'>sel</span> 
     </span>
     <span class='ocr_line' id='line_1_18' title="bbox 254 1821 1523 1912; baseline -0.007 -19"><span class='ocrx_word' id='word_1_144' title='bbox 254 1829 401 1912; x_wconf 93' lang='lat' dir='ltr'>quoniam</span> <span class='ocrx_word' id='word_1_145' title='bbox 416 1847 484 1890; x_wconf 90' lang='lat' dir='ltr'>raro</span> <span class='ocrx_word' id='word_1_146' title='bbox 500 1845 582 1889; x_wconf 80' lang='lat' dir='ltr'>rrunc</span> <span class='ocrx_word' id='word_1_147' title='bbox 601 1825 735 1889; x_wconf 88' lang='lat' dir='ltr'>inveniri</span> <span class='ocrx_word' id='word_1_148' title='bbox 752 1829 881 1906; x_wconf 89' lang='lat' dir='ltr'>possunt</span> <span class='ocrx_word' id='word_1_149' title='bbox 895 1824 929 1885; x_wconf 89' lang='lat' dir='ltr'>in</span> <span class='ocrx_word' id='word_1_150' title='bbox 944 1823 1094 1903; x_wconf 89' lang='lat' dir='ltr'>plerisque</span> <span class='ocrx_word' id='word_1_151' title='bbox 1109 1823 1180 1886; x_wconf 89' lang='lat' dir='ltr'>locis</span> <span class='ocrx_word' id='word_1_152' title='bbox 1198 1821 1378 1885; x_wconf 80' lang='lat' dir='ltr'>Conlessarii</span> <span class='ocrx_word' id='word_1_153' title='bbox 1391 1822 1425 1884; x_wconf 93' lang='lat' dir='ltr'>in</span> <span class='ocrx_word' id='word_1_154' title='bbox 1440 1823 1523 1884; x_wconf 76' lang='lat' dir='ltr'>the»-</span> 
     </span>
     <span class='ocr_line' id='line_1_19' title="bbox 254 1911 1519 1999; baseline -0.006 -18"><span class='ocrx_word' id='word_1_155' title='bbox 254 1919 331 1999; x_wconf 84' lang='lat' dir='ltr'>logia</span> <span class='ocrx_word' id='word_1_156' title='bbox 344 1922 499 1990; x_wconf 83' lang='lat' dir='ltr'>Doctores,</span> <span class='ocrx_word' id='word_1_157' title='bbox 514 1914 667 1977; x_wconf 89' lang='lat' dir='ltr'>ordinarie</span> <span class='ocrx_word' id='word_1_158' title='bbox 684 1912 864 1994; x_wconf 87' lang='lat' dir='ltr'>simpliciter</span> <span class='ocrx_word' id='word_1_159' title='bbox 878 1911 1004 1974; x_wconf 86' lang='lat' dir='ltr'>facultas</span> <span class='ocrx_word' id='word_1_160' title='bbox 1020 1911 1217 1992; x_wconf 87' lang='lat' dir='ltr'>dispensandi</span> <span class='ocrx_word' id='word_1_161' title='bbox 1233 1911 1419 1974; x_wconf 72' lang='lat' dir='ltr'>confessario</span> <span class='ocrx_word' id='word_1_162' title='bbox 1434 1931 1519 1992; x_wconf 59' lang='lat' dir='ltr'>apr-</span> 
     </span>
     <span class='ocr_line' id='line_1_20' title="bbox 253 2003 755 2086; baseline -0.016 -16"><span class='ocrx_word' id='word_1_163' title='bbox 253 2008 372 2071; x_wconf 89' lang='lat' dir='ltr'>nitente</span> <span class='ocrx_word' id='word_1_164' title='bbox 387 2005 523 2086; x_wconf 88' lang='lat' dir='ltr'>eligendo</span> <span class='ocrx_word' id='word_1_165' title='bbox 538 2003 755 2067; x_wconf 84' lang='lat' dir='ltr'>committitur.</span> 
     </span>
    </p>
   </div>
   <div class='ocr_carea' id='block_1_3' title="bbox 747 2203 1025 2280">
    <p class='ocr_par' dir='ltr' id='par_1_6' title="bbox 747 2203 1025 2280">
     <span class='ocr_line' id='line_1_21' title="bbox 747 2203 1025 2280; baseline -0.007 0"><span class='ocrx_word' id='word_1_166' title='bbox 747 2203 921 2280; x_wconf 80' lang='lat' dir='ltr'>CAPUT</span> <span class='ocrx_word' id='word_1_167' title='bbox 947 2203 1025 2279; x_wconf 92' lang='lat' dir='ltr'>Vll</span> 
     </span>
    </p>
   </div>
   <div class='ocr_carea' id='block_1_4' title="bbox 538 2383 1239 2436">
    <p class='ocr_par' dir='ltr' id='par_1_7' title="bbox 538 2383 1239 2436">
     <span class='ocr_line' id='line_1_22' title="bbox 538 2383 1239 2436; baseline 0 -1"><span class='ocrx_word' id='word_1_168' title='bbox 538 2385 589 2435; x_wconf 87' lang='lat' dir='ltr'>DE</span> <span class='ocrx_word' id='word_1_169' title='bbox 615 2383 957 2436; x_wconf 76' lang='lat' dir='ltr'><strong>REVALIDATIONE</strong></span> <span class='ocrx_word' id='word_1_170' title='bbox 984 2383 1239 2435; x_wconf 80' lang='lat' dir='ltr'>tlnTnlnlotttl</span> 
     </span>
    </p>
   </div>
   <div class='ocr_carea' id='block_1_5' title="bbox 256 2538 1589 2726">
    <p class='ocr_par' dir='ltr' id='par_1_8' title="bbox 256 2504 1591 2726">
     <span class='ocr_line' id='line_1_23' title="bbox 295 2538 1523 2619; baseline 0.001 -14"><span class='ocrx_word' id='word_1_171' title='bbox 295 2545 366 2605; x_wconf 82' lang='lat'><strong>890.</strong></span> <span class='ocrx_word' id='word_1_172' title='bbox 382 2575 421 2584; x_wconf 91' lang='lat'>-</span> <span class='ocrx_word' id='word_1_173' title='bbox 434 2538 665 2604; x_wconf 89' lang='lat' dir='ltr'>Matrimonium</span> <span class='ocrx_word' id='word_1_174' title='bbox 686 2538 859 2602; x_wconf 90' lang='lat' dir='ltr'>invalidum</span> <span class='ocrx_word' id='word_1_175' title='bbox 882 2559 946 2602; x_wconf 89' lang='lat' dir='ltr'>esse</span> <span class='ocrx_word' id='word_1_176' title='bbox 968 2544 1065 2619; x_wconf 89' lang='lat' dir='ltr'>potest</span> <span class='ocrx_word' id='word_1_177' title='bbox 1080 2545 1112 2603; x_wconf 83' lang='grc'>10</span> <span class='ocrx_word' id='word_1_178' title='bbox 1125 2541 1162 2602; x_wconf 90' lang='lat' dir='ltr'>cb</span> <span class='ocrx_word' id='word_1_179' title='bbox 1180 2540 1329 2602; x_wconf 87' lang='lat' dir='ltr'>delectum</span> <span class='ocrx_word' id='word_1_180' title='bbox 1344 2559 1523 2606; x_wconf 85' lang='lat' dir='ltr'>consensus:</span> 
     </span>
     <span class='ocr_line' id='line_1_24' title="bbox 256 2627 1589 2726; baseline -0.005 -32"><span class='ocrx_word' id='word_1_181' title='bbox 256 2635 289 2694; x_wconf 66' lang='lat'>2⁰</span> <span class='ocrx_word' id='word_1_182' title='bbox 303 2630 341 2692; x_wconf 87' lang='lat' dir='ltr'>ob</span> <span class='ocrx_word' id='word_1_183' title='bbox 356 2628 506 2692; x_wconf 84' lang='lat' dir='ltr'>defectum</span> <span class='ocrx_word' id='word_1_184' title='bbox 518 2628 621 2690; x_wconf 87' lang='lat' dir='ltr'>lormae</span> <span class='ocrx_word' id='word_1_185' title='bbox 634 2629 832 2709; x_wconf 66' lang='lat' dir='ltr'>praescriptam</span> <span class='ocrx_word' id='word_1_186' title='bbox 851 2633 883 2692; x_wconf 89' lang='lat'>3⁰</span> <span class='ocrx_word' id='word_1_187' title='bbox 898 2630 935 2691; x_wconf 89' lang='lat' dir='ltr'>ob</span> <span class='ocrx_word' id='word_1_188' title='bbox 948 2628 1168 2692; x_wconf 85' lang='lat' dir='ltr'>inhabilitatem</span> <span class='ocrx_word' id='word_1_189' title='bbox 1182 2627 1329 2708; x_wconf 86' lang='lat' dir='ltr'>partirun.</span> <span class='ocrx_word' id='word_1_190' title='bbox 1588 2667 1589 2726; x_wconf 45' lang='lat' dir='ltr'>q</span> 
     </span>
    </p>
   </div>
   <div class='ocr_carea' id='block_1_6' title="bbox 378 2817 1409 3009">
    <p class='ocr_par' dir='ltr' id='par_1_9' title="bbox 378 2817 1409 3009">
     <span class='ocr_line' id='line_1_25' title="bbox 770 2817 1016 2881; baseline 0 -3"><span class='ocrx_word' id='word_1_191' title='bbox 770 2817 983 2881; x_wconf 83' lang='lat' dir='ltr'>ARTlCULUS</span> <span class='ocrx_word' id='word_1_192' title='bbox 1003 2817 1016 2878; x_wconf 96' lang='lat' dir='ltr'>l</span> 
     </span>
     <span class='ocr_line' id='line_1_26' title="bbox 378 2960 1409 3009; baseline -0.004 -1"><span class='ocrx_word' id='word_1_193' title='bbox 378 2965 415 3008; x_wconf 84' lang='lat' dir='ltr'>nn</span> <span class='ocrx_word' id='word_1_194' title='bbox 429 2963 672 3009; x_wconf 77' lang='lat' dir='ltr'>nnvnnmarronr</span> <span class='ocrx_word' id='word_1_195' title='bbox 692 2963 875 3008; x_wconf 74' lang='lat' dir='ltr'>maniacam</span> <span class='ocrx_word' id='word_1_196' title='bbox 896 2963 991 3007; x_wconf 83' lang='lat' dir='ltr'>mmm</span> <span class='ocrx_word' id='word_1_197' title='bbox 1012 2963 1049 3007; x_wconf 87' lang='lat' dir='ltr'>oa</span> <span class='ocrx_word' id='word_1_198' title='bbox 1068 2963 1223 3007; x_wconf 81' lang='lat' dir='ltr'>nrsncruu</span> <span class='ocrx_word' id='word_1_199' title='bbox 1243 2960 1409 3006; x_wconf 79' lang='lat' dir='ltr'>cessasses</span> 
     </span>
    </p>
   </div>
   <div class='ocr_carea' id='block_1_7' title="bbox 257 3105 1585 3546">
    <p class='ocr_par' dir='ltr' id='par_1_10' title="bbox 258 3105 1585 3278">
     <span class='ocr_line' id='line_1_27' title="bbox 298 3105 1585 3172; baseline -0.004 -1"><span class='ocrx_word' id='word_1_200' title='bbox 298 3111 422 3171; x_wconf 87' lang='lat' dir='ltr'>Certum</span> <span class='ocrx_word' id='word_1_201' title='bbox 436 3114 481 3169; x_wconf 90' lang='lat' dir='ltr'>est</span> <span class='ocrx_word' id='word_1_202' title='bbox 499 3114 531 3170; x_wconf 88' lang='lat' dir='ltr'>l⁰</span> <span class='ocrx_word' id='word_1_203' title='bbox 545 3107 778 3172; x_wconf 85' lang='lat' dir='ltr'>Matrimonium</span> <span class='ocrx_word' id='word_1_204' title='bbox 793 3106 919 3169; x_wconf 88' lang='lat' dir='ltr'>irritum</span> <span class='ocrx_word' id='word_1_205' title='bbox 935 3107 973 3169; x_wconf 89' lang='lat' dir='ltr'>oh</span> <span class='ocrx_word' id='word_1_206' title='bbox 986 3107 1085 3170; x_wconf 91' lang='lat' dir='ltr'>solum</span> <span class='ocrx_word' id='word_1_207' title='bbox 1101 3107 1251 3170; x_wconf 87' lang='lat' dir='ltr'>delectum</span> <span class='ocrx_word' id='word_1_208' title='bbox 1267 3123 1428 3168; x_wconf 89' lang='lat' dir='ltr'>consensus</span> <span class='ocrx_word' id='word_1_209' title='bbox 1442 3123 1527 3168; x_wconf 76' lang='lat' dir='ltr'>rota-</span> <span class='ocrx_word' id='word_1_210' title='bbox 1584 3105 1585 3137; x_wconf 64' lang='lat' dir='ltr'>l</span> 
     </span>
     <span class='ocr_line' id='line_1_28' title="bbox 258 3196 1165 3278; baseline -0.002 -18"><span class='ocrx_word' id='word_1_211' title='bbox 258 3197 347 3260; x_wconf 90' lang='lat' dir='ltr'>lidari</span> <span class='ocrx_word' id='word_1_212' title='bbox 362 3215 448 3278; x_wconf 90' lang='lat' dir='ltr'>posse</span> <span class='ocrx_word' id='word_1_213' title='bbox 462 3215 514 3277; x_wconf 91' lang='lat' dir='ltr'>per</span> <span class='ocrx_word' id='word_1_214' title='bbox 527 3197 697 3277; x_wconf 86' lang='lat' dir='ltr'>simplicem</span> <span class='ocrx_word' id='word_1_215' title='bbox 709 3215 874 3259; x_wconf 91' lang='lat' dir='ltr'>consensus</span> <span class='ocrx_word' id='word_1_216' title='bbox 889 3196 1128 3259; x_wconf 87' lang='lat' dir='ltr'>renovationem.</span> <span class='ocrx_word' id='word_1_217' title='bbox 1164 3255 1165 3258; x_wconf 74' lang='grc'>,</span> 
     </span>
    </p>

    <p class='ocr_par' dir='ltr' id='par_1_11' title="bbox 257 3283 1583 3546">
     <span class='ocr_line' id='line_1_29' title="bbox 297 3283 1583 3367; baseline -0.004 -18"><span class='ocrx_word' id='word_1_218' title='bbox 297 3290 421 3349; x_wconf 89' lang='lat' dir='ltr'>Certum</span> <span class='ocrx_word' id='word_1_219' title='bbox 437 3289 481 3346; x_wconf 90' lang='lat' dir='ltr'>est</span> <span class='ocrx_word' id='word_1_220' title='bbox 495 3290 528 3348; x_wconf 71' lang='lat'>2⁰</span> <span class='ocrx_word' id='word_1_221' title='bbox 543 3285 658 3365; x_wconf 85' lang='lat' dir='ltr'>requiri</span> <span class='ocrx_word' id='word_1_222' title='bbox 674 3284 903 3347; x_wconf 81' lang='lat' dir='ltr'>renovationem</span> <span class='ocrx_word' id='word_1_223' title='bbox 918 3303 1082 3348; x_wconf 90' lang='lat' dir='ltr'>consensus</span> <span class='ocrx_word' id='word_1_224' title='bbox 1098 3285 1261 3367; x_wconf 91' lang='lat' dir='ltr'>utriusque</span> <span class='ocrx_word' id='word_1_225' title='bbox 1276 3285 1385 3365; x_wconf 90' lang='lat' dir='ltr'>partis,</span> <span class='ocrx_word' id='word_1_226' title='bbox 1403 3283 1431 3346; x_wconf 88' lang='lat' dir='ltr'>si</span> <span class='ocrx_word' id='word_1_227' title='bbox 1447 3289 1528 3346; x_wconf 86' lang='lat' dir='ltr'>utra·</span> <span class='ocrx_word' id='word_1_228' title='bbox 1582 3337 1583 3345; x_wconf 73' lang='grc'>,</span> 
     </span>
     <span class='ocr_line' id='line_1_30' title="bbox 257 3371 1582 3457; baseline -0.004 -20"><span class='ocrx_word' id='word_1_229' title='bbox 257 3393 316 3457; x_wconf 91' lang='lat' dir='ltr'>que</span> <span class='ocrx_word' id='word_1_230' title='bbox 331 3393 399 3436; x_wconf 93' lang='lat' dir='ltr'>vere</span> <span class='ocrx_word' id='word_1_231' title='bbox 419 3393 480 3436; x_wconf 93' lang='lat' dir='ltr'>non</span> <span class='ocrx_word' id='word_1_232' title='bbox 501 3374 667 3449; x_wconf 90' lang='lat' dir='ltr'>consensit,</span> <span class='ocrx_word' id='word_1_233' title='bbox 684 3381 714 3435; x_wconf 93' lang='lat' dir='ltr'>et</span> <span class='ocrx_word' id='word_1_234' title='bbox 733 3375 840 3436; x_wconf 89' lang='lat' dir='ltr'>saltem</span> <span class='ocrx_word' id='word_1_235' title='bbox 861 3373 944 3436; x_wconf 92' lang='lat' dir='ltr'>illius</span> <span class='ocrx_word' id='word_1_236' title='bbox 959 3373 1013 3454; x_wconf 91' lang='lat' dir='ltr'>qui</span> <span class='ocrx_word' id='word_1_237' title='bbox 1032 3392 1094 3436; x_wconf 93' lang='lat' dir='ltr'>non</span> <span class='ocrx_word' id='word_1_238' title='bbox 1113 3375 1281 3450; x_wconf 77' lang='lat' dir='ltr'>consensit,</span> <span class='ocrx_word' id='word_1_239' title='bbox 1298 3373 1324 3434; x_wconf 92' lang='lat' dir='ltr'>si</span> <span class='ocrx_word' id='word_1_240' title='bbox 1343 3371 1456 3434; x_wconf 83' lang='lat' dir='ltr'>amicus</span> <span class='ocrx_word' id='word_1_241' title='bbox 1479 3373 1526 3434; x_wconf 91' lang='lat' dir='ltr'>sit.</span> <span class='ocrx_word' id='word_1_242' title='bbox 1581 3441 1582 3446; x_wconf 8' lang='grc' dir='ltr'>ἵ</span> 
     </span>
     <span class='ocr_line' id='line_1_31' title="bbox 257 3462 925 3546; baseline -0.003 -20"><span class='ocrx_word' id='word_1_243' title='bbox 257 3468 298 3526; x_wconf 84' lang='lat' dir='ltr'>De</span> <span class='ocrx_word' id='word_1_244' title='bbox 313 3463 453 3546; x_wconf 88' lang='lat' dir='ltr'>pluribus</span> <span class='ocrx_word' id='word_1_245' title='bbox 468 3471 573 3526; x_wconf 88' lang='lat' dir='ltr'>autem</span> <span class='ocrx_word' id='word_1_246' title='bbox 587 3462 838 3540; x_wconf 87' lang='lat' dir='ltr'>controvertitur;</span> <span class='ocrx_word' id='word_1_247' title='bbox 853 3463 925 3525; x_wconf 91' lang='lat' dir='ltr'>hinc</span> 
     </span>
    </p>
   </div>
   <div class='ocr_carea' id='block_1_8' title="bbox 380 3625 574 3703">
    <p class='ocr_par' dir='ltr' id='par_1_12' title="bbox 380 3621 1580 3757">
     <span class='ocr_line' id='line_1_32' title="bbox 380 3625 574 3703; baseline -0.003 -14"><span class='ocrx_word' id='word_1_248' title='bbox 380 3625 574 3703; x_wconf 77' lang='lat' dir='ltr'>Quaesitae.</span> 
     </span>
    </p>
   </div>
   <div class='ocr_carea' id='block_1_9' title="bbox 258 3769 1578 4541">
    <p class='ocr_par' dir='ltr' id='par_1_13' title="bbox 258 3769 1578 3944">
     <span class='ocr_line' id='line_1_33' title="bbox 297 3769 1578 3862; baseline -0.01 -26"><span class='ocrx_word' id='word_1_249' title='bbox 297 3777 367 3836; x_wconf 85' lang='lat'><strong>891.</strong></span> <span class='ocrx_word' id='word_1_250' title='bbox 384 3805 425 3818; x_wconf 91' lang='lat'><em>-</em></span> <span class='ocrx_word' id='word_1_251' title='bbox 438 3772 538 3844; x_wconf 72' lang='lat' dir='ltr'>Quen.</span> <span class='ocrx_word' id='word_1_252' title='bbox 556 3775 587 3832; x_wconf 83' lang='lat' dir='ltr'>l⁰</span> <span class='ocrx_word' id='word_1_253' title='bbox 601 3769 649 3829; x_wconf 83' lang='lat' dir='ltr'>Aa</span> <span class='ocrx_word' id='word_1_254' title='bbox 664 3773 818 3831; x_wconf 80' lang='lat' dir='ltr'>consensus</span> <span class='ocrx_word' id='word_1_255' title='bbox 832 3769 870 3832; x_wconf 81' lang='lat' dir='ltr'>ab</span> <span class='ocrx_word' id='word_1_256' title='bbox 885 3777 1011 3851; x_wconf 79' lang='lat' dir='ltr'>utroque</span> <span class='ocrx_word' id='word_1_257' title='bbox 1029 3769 1135 3832; x_wconf 75' lang='lat' dir='ltr'>aeteae</span> <span class='ocrx_word' id='word_1_258' title='bbox 1152 3769 1311 3848; x_wconf 82' lang='lat' dir='ltr'>renovari,</span> <span class='ocrx_word' id='word_1_259' title='bbox 1328 3769 1357 3830; x_wconf 85' lang='lat' dir='ltr'>si</span> <span class='ocrx_word' id='word_1_260' title='bbox 1372 3787 1451 3830; x_wconf 72' lang='lat' dir='ltr'>ursas</span> <span class='ocrx_word' id='word_1_261' title='bbox 1470 3779 1527 3826; x_wconf 70' lang='lat' dir='ltr'>tarr·</span> <span class='ocrx_word' id='word_1_262' title='bbox 1577 3783 1578 3862; x_wconf 63' lang='lat' dir='ltr'>q</span> 
     </span>
     <span class='ocr_line' id='line_1_34' title="bbox 258 3857 790 3944; baseline -0.008 -22"><span class='ocrx_word' id='word_1_263' title='bbox 258 3871 320 3922; x_wconf 84' lang='lat' dir='ltr'>tum</span> <span class='ocrx_word' id='word_1_264' title='bbox 332 3861 403 3944; x_wconf 76' lang='lat' dir='ltr'>ficte</span> <span class='ocrx_word' id='word_1_265' title='bbox 413 3859 460 3922; x_wconf 88' lang='lat' dir='ltr'>vet</span> <span class='ocrx_word' id='word_1_266' title='bbox 475 3869 573 3920; x_wconf 84' lang='lat' dir='ltr'>coacte</span> <span class='ocrx_word' id='word_1_267' title='bbox 586 3857 790 3920; x_wconf 68' lang='lat' dir='ltr'>coaccesserit?</span> 
     </span>
    </p>

    <p class='ocr_par' dir='ltr' id='par_1_14' title="bbox 258 3946 1530 4208">
     <span class='ocr_line' id='line_1_35' title="bbox 298 3946 1526 4031; baseline -0.005 -21"><span class='ocrx_word' id='word_1_268' title='bbox 298 3949 392 4031; x_wconf 82' lang='lat' dir='ltr'>Resp.</span> <span class='ocrx_word' id='word_1_269' title='bbox 409 3947 488 4030; x_wconf 72' lang='lat' dir='ltr'>Nep.</span> <span class='ocrx_word' id='word_1_270' title='bbox 504 3947 593 4012; x_wconf 88' lang='lat' dir='ltr'>Ratio</span> <span class='ocrx_word' id='word_1_271' title='bbox 614 3953 675 4022; x_wconf 88' lang='lat' dir='ltr'>est,</span> <span class='ocrx_word' id='word_1_272' title='bbox 692 3946 765 4028; x_wconf 91' lang='lat' dir='ltr'>quia</span> <span class='ocrx_word' id='word_1_273' title='bbox 784 3965 949 4010; x_wconf 87' lang='lat' dir='ltr'>consensus</span> <span class='ocrx_word' id='word_1_274' title='bbox 969 3949 1096 4011; x_wconf 90' lang='lat' dir='ltr'>alterius</span> <span class='ocrx_word' id='word_1_275' title='bbox 1113 3967 1183 4012; x_wconf 90' lang='lat' dir='ltr'>vere</span> <span class='ocrx_word' id='word_1_276' title='bbox 1201 3948 1321 4029; x_wconf 87' lang='lat' dir='ltr'>positus</span> <span class='ocrx_word' id='word_1_277' title='bbox 1343 3953 1526 4028; x_wconf 75' lang='lat' dir='ltr'>perseverat.</span> 
     </span>
     <span class='ocr_line' id='line_1_36' title="bbox 258 4036 1528 4118; baseline -0.004 -21"><span class='ocrx_word' id='word_1_278' title='bbox 258 4039 407 4115; x_wconf 91' lang='lat' dir='ltr'>quamdiu</span> <span class='ocrx_word' id='word_1_279' title='bbox 426 4036 556 4118; x_wconf 85' lang='lat' dir='ltr'>positive</span> <span class='ocrx_word' id='word_1_280' title='bbox 578 4040 758 4099; x_wconf 89' lang='lat' dir='ltr'>retractatus</span> <span class='ocrx_word' id='word_1_281' title='bbox 784 4055 846 4100; x_wconf 90' lang='lat' dir='ltr'>non</span> <span class='ocrx_word' id='word_1_282' title='bbox 869 4037 972 4105; x_wconf 82' lang='lat' dir='ltr'>fuerit,</span> <span class='ocrx_word' id='word_1_283' title='bbox 992 4073 1032 4083; x_wconf 92' lang='lat'>—</span> <span class='ocrx_word' id='word_1_284' title='bbox 1052 4039 1103 4100; x_wconf 81' lang='lat' dir='ltr'>Ita</span> <span class='ocrx_word' id='word_1_285' title='bbox 1121 4040 1316 4100; x_wconf 80' lang='lat' dir='ltr'>comacuniter</span> <span class='ocrx_word' id='word_1_286' title='bbox 1338 4037 1488 4116; x_wconf 55' lang='lat' dir='ltr'>theologi·</span> <span class='ocrx_word' id='word_1_287' title='bbox 1505 4039 1528 4093; x_wconf 88' lang='lat' dir='ltr'>et</span> 
     </span>
     <span class='ocr_line' id='line_1_37' title="bbox 258 4124 1530 4208; baseline -0.002 -22"><span class='ocrx_word' id='word_1_288' title='bbox 258 4124 337 4186; x_wconf 87' lang='lat' dir='ltr'>hanc</span> <span class='ocrx_word' id='word_1_289' title='bbox 352 4124 536 4188; x_wconf 89' lang='lat' dir='ltr'>sententiam</span> <span class='ocrx_word' id='word_1_290' title='bbox 552 4125 715 4200; x_wconf 88' lang='lat' dir='ltr'>veriorem,</span> <span class='ocrx_word' id='word_1_291' title='bbox 732 4124 765 4186; x_wconf 92' lang='lat' dir='ltr'>id</span> <span class='ocrx_word' id='word_1_292' title='bbox 783 4131 829 4187; x_wconf 89' lang='lat' dir='ltr'>est</span> <span class='ocrx_word' id='word_1_293' title='bbox 845 4127 1001 4188; x_wconf 86' lang='lat' dir='ltr'>moraliter</span> <span class='ocrx_word' id='word_1_294' title='bbox 1016 4133 1128 4189; x_wconf 90' lang='lat' dir='ltr'>certam</span> <span class='ocrx_word' id='word_1_295' title='bbox 1141 4132 1228 4189; x_wconf 91' lang='lat' dir='ltr'>vocat</span> <span class='ocrx_word' id='word_1_296' title='bbox 1243 4124 1277 4186; x_wconf 87' lang='lat' dir='ltr'>S.</span> <span class='ocrx_word' id='word_1_297' title='bbox 1292 4125 1380 4208; x_wconf 65' lang='lat' dir='ltr'>cip,</span> <span class='ocrx_word' id='word_1_298' title='bbox 1399 4147 1431 4186; x_wconf 83' lang='lat' dir='ltr'>n.</span> <span class='ocrx_word' id='word_1_299' title='bbox 1451 4127 1530 4186; x_wconf 87' lang='lat' dir='ltr'>llll.</span> 
     </span>
    </p>

    <p class='ocr_par' dir='ltr' id='par_1_15' title="bbox 258 4212 1535 4541">
     <span class='ocr_line' id='line_1_38' title="bbox 299 4212 1532 4296; baseline -0.007 -20"><span class='ocrx_word' id='word_1_300' title='bbox 299 4213 445 4276; x_wconf 90' lang='lat' dir='ltr'>Nonnulli</span> <span class='ocrx_word' id='word_1_301' title='bbox 458 4221 562 4277; x_wconf 89' lang='lat' dir='ltr'>tamen</span> <span class='ocrx_word' id='word_1_302' title='bbox 577 4213 747 4288; x_wconf 87' lang='lat' dir='ltr'>affirmant,</span> <span class='ocrx_word' id='word_1_303' title='bbox 760 4231 893 4293; x_wconf 91' lang='lat' dir='ltr'>quorum</span> <span class='ocrx_word' id='word_1_304' title='bbox 909 4215 1024 4296; x_wconf 88' lang='lat' dir='ltr'>alioqui</span> <span class='ocrx_word' id='word_1_305' title='bbox 1042 4213 1197 4278; x_wconf 89' lang='lat' dir='ltr'>sententia</span> <span class='ocrx_word' id='word_1_306' title='bbox 1214 4233 1276 4276; x_wconf 92' lang='lat' dir='ltr'>non</span> <span class='ocrx_word' id='word_1_307' title='bbox 1292 4213 1422 4277; x_wconf 82' lang='lat' dir='ltr'>videtur</span> <span class='ocrx_word' id='word_1_308' title='bbox 1435 4212 1532 4294; x_wconf 82' lang='lat' dir='ltr'>prola-</span> 
     </span>
     <span class='ocr_line' id='line_1_39' title="bbox 258 4301 1533 4384; baseline -0.006 -18"><span class='ocrx_word' id='word_1_309' title='bbox 258 4302 341 4366; x_wconf 85' lang='lat' dir='ltr'>bilis.</span> <span class='ocrx_word' id='word_1_310' title='bbox 357 4303 399 4364; x_wconf 79' lang='lat' dir='ltr'>tlt</span> <span class='ocrx_word' id='word_1_311' title='bbox 415 4301 450 4363; x_wconf 93' lang='lat' dir='ltr'>in</span> <span class='ocrx_word' id='word_1_312' title='bbox 465 4303 553 4383; x_wconf 77' lang='lat' dir='ltr'>praxi</span> <span class='ocrx_word' id='word_1_313' title='bbox 571 4309 696 4383; x_wconf 81' lang='lat' dir='ltr'>praestat</span> <span class='ocrx_word' id='word_1_314' title='bbox 710 4302 811 4364; x_wconf 92' lang='lat' dir='ltr'>tutius</span> <span class='ocrx_word' id='word_1_315' title='bbox 825 4303 988 4366; x_wconf 91' lang='lat' dir='ltr'>consilium</span> <span class='ocrx_word' id='word_1_316' title='bbox 1003 4304 1126 4384; x_wconf 79' lang='lat' dir='ltr'>eligere,</span> <span class='ocrx_word' id='word_1_317' title='bbox 1144 4310 1190 4378; x_wconf 87' lang='lat' dir='ltr'>et,</span> <span class='ocrx_word' id='word_1_318' title='bbox 1207 4303 1309 4383; x_wconf 89' lang='lat' dir='ltr'>quoad</span> <span class='ocrx_word' id='word_1_319' title='bbox 1331 4302 1402 4364; x_wconf 87' lang='lat' dir='ltr'>lieri</span> <span class='ocrx_word' id='word_1_320' title='bbox 1429 4302 1533 4378; x_wconf 76' lang='lat' dir='ltr'>absque</span> 
     </span>
     <span class='ocr_line' id='line_1_40' title="bbox 259 4386 1535 4473; baseline -0.006 -22"><span class='ocrx_word' id='word_1_321' title='bbox 259 4391 451 4455; x_wconf 77' lang='lat' dir='ltr'>Incommode</span> <span class='ocrx_word' id='word_1_322' title='bbox 470 4411 524 4454; x_wconf 92' lang='lat' dir='ltr'>seu</span> <span class='ocrx_word' id='word_1_323' title='bbox 542 4391 675 4473; x_wconf 85' lang='lat' dir='ltr'>periculo</span> <span class='ocrx_word' id='word_1_324' title='bbox 696 4391 998 4472; x_wconf 63' lang='lat' dir='ltr'>pensaurensem</span> <span class='ocrx_word' id='word_1_325' title='bbox 1022 4401 1059 4457; x_wconf 90' lang='lat' dir='ltr'>ut</span> <span class='ocrx_word' id='word_1_326' title='bbox 1084 4409 1251 4455; x_wconf 90' lang='lat' dir='ltr'>consensus</span> <span class='ocrx_word' id='word_1_327' title='bbox 1272 4391 1310 4453; x_wconf 88' lang='lat' dir='ltr'>ab</span> <span class='ocrx_word' id='word_1_328' title='bbox 1330 4397 1470 4471; x_wconf 87' lang='lat' dir='ltr'>utroque</span> <span class='ocrx_word' id='word_1_329' title='bbox 1490 4386 1535 4446; x_wconf 86' lang='lat' dir='ltr'>eli-</span> 
     </span>
     <span class='ocr_line' id='line_1_41' title="bbox 258 4479 365 4541; baseline 0.009 -2"><span class='ocrx_word' id='word_1_330' title='bbox 258 4479 365 4541; x_wconf 89' lang='lat' dir='ltr'>ciatur.</span> 
     </span>
    </p>
   </div>
   <div class='ocr_carea' id='block_1_10' title="bbox 298 4567 1426 4643">
    <p class='ocr_par' dir='ltr' id='par_1_16' title="bbox 298 4567 1426 4643">
     <span class='ocr_line' id='line_1_42' title="bbox 298 4567 1426 4643; baseline 0.002 -13"><span class='ocrx_word' id='word_1_331' title='bbox 298 4569 399 4643; x_wconf 77' lang='lat' dir='ltr'>Qunn.</span> <span class='ocrx_word' id='word_1_332' title='bbox 417 4574 449 4632; x_wconf 72' lang='lat'>2⁰</span> <span class='ocrx_word' id='word_1_333' title='bbox 466 4569 516 4632; x_wconf 78' lang='lat' dir='ltr'>Aa</span> <span class='ocrx_word' id='word_1_334' title='bbox 531 4589 689 4633; x_wconf 74' lang='lat' dir='ltr'>carnencas</span> <span class='ocrx_word' id='word_1_335' title='bbox 700 4571 892 4634; x_wconf 80' lang='lat' dir='ltr'>reuocandus</span> <span class='ocrx_word' id='word_1_336' title='bbox 902 4575 943 4633; x_wconf 86' lang='lat' dir='ltr'>sit</span> <span class='ocrx_word' id='word_1_337' title='bbox 954 4591 1055 4636; x_wconf 83' lang='lat' dir='ltr'>coram</span> <span class='ocrx_word' id='word_1_338' title='bbox 1069 4571 1211 4634; x_wconf 78' lang='lat' dir='ltr'>Paroria</span> <span class='ocrx_word' id='word_1_339' title='bbox 1227 4581 1255 4634; x_wconf 85' lang='lat' dir='ltr'>et</span> <span class='ocrx_word' id='word_1_340' title='bbox 1271 4567 1426 4633; x_wconf 78' lang='lat' dir='ltr'>testibus?</span> 
     </span>
    </p>
   </div>
   <div class='ocr_carea' id='block_1_11' title="bbox 0 0 1620 5042">
    <p class='ocr_par' dir='ltr' id='par_1_17' title="bbox 0 0 1620 5042">
     <span class='ocr_line' id='line_1_43' title="bbox 0 0 1620 5042; baseline 0 0"><span class='ocrx_word' id='word_1_341' title='bbox 0 0 1620 5042; x_wconf 95' lang='lat' dir='ltr'> </span> 
     </span>
    </p>
   </div>
  </div>
 </body>
</html>
