3220 5042
190 225 272 286 Ι186
737 241 942 288 rnucrnuos

204 351 336 431 dugliae,
353 355 437 432 qnod
451 352 495 416 sic
506 352 638 416 habehat
652 373 659 412 ε
675 353 725 414 Αη
740 352 846 414 deletu
862 353 1011 434 Confessio
1027 349 1254 414 sacramentalis
1265 368 1283 410 a
1295 366 1478 410 ccccccccc—
1590 340 1591 384 t

207 440 293 501 sisic
306 440 419 521 duplic
433 443 525 524 carpi,
542 451 571 504 et
585 462 626 502 aa
639 440 746 504 debeat
759 461 820 503 esse
832 446 963 522 inteprc.
976 443 1023 504 Ad
1035 447 1200 520 utramque
1210 437 1294 500 enim
1308 435 1397 499 cunii
1413 453 1479 516 par-

207 535 271 590 tem
292 548 474 609 responsum
484 537 532 594 cst
548 552 555 592 :
576 532 603 592 Α
608 530 797 612 sperarim,-
811 539 839 592 et
859 531 990 593 dandum
1004 549 1063 592 esse
1078 529 1225 591 decretum
1239 527 1331 587 lotum
1346 524 1402 586 sclr
1418 524 1477 605 [er.

206 618 245 692 V,
258 621 297 679 lt
308 617 382 680 lun.
402 624 490 683 1715.
504 625 595 683 Porro
609 625 764 682 statutum
782 619 881 682 iuerat
897 621 978 682 <licto
993 621 1125 692 decreto,
1145 620 1181 678 ut
1192 613 1354 678 hareticus
1368 613 1480 694 aliquis

205 706 266 770 sub
286 707 459 772 conditione
482 707 726 788 rebaptizandus,
752 715 820 788 post
838 715 993 789 receptum
1013 707 1220 787 baptismum,
1235 723 1297 766 sce
1316 704 1481 784 preterita

208 795 279 857 cite
290 806 415 877 peceato
429 799 630 876 eonfiteretur,
649 806 678 858 et
687 797 725 859 ob
741 797 779 858 iis
790 797 844 858 sad
858 798 1029 858 conditione
1042 795 1259 856 absolveretur.

247 887 318 948 lid.
334 922 375 931 -
392 888 494 962 Quam
514 891 546 950 4⁰
558 886 607 947 An
624 886 747 948 odultns
766 885 964 968 baptizandus
986 893 1014 946 et
1035 882 1234 946 absolvendus
1257 880 1479 954 conditionate,
1592 884 1593 918 ³

206 972 339 1054 primum
355 974 507 1057 baptizari
520 975 569 1036 cel
580 974 698 1037 absolvi
712 975 835 1037 delent?

249 1062 338 1144 llesp.
353 1089 364 1123 :
378 1063 470 1126 Debet
484 1064 622 1144 primum
637 1062 802 1144 baptizari,
816 1072 848 1126 et
861 1064 971 1127 deinde
983 1061 1114 1136 absolvi,
1129 1065 1166 1122 ut
1181 1063 1301 1122 constat
1314 1075 1352 1120 ex
1366 1073 1482 1120 manc-

208 1157 277 1213 rata
290 1151 324 1212 in
339 1169 433 1232 quaes.
447 1171 536 1233 praec.
553 1152 703 1214 decisione
717 1154 747 1214 S.
761 1152 986 1233 inquisitionis.

247 1244 317 1302 til.
332 1277 371 1285 —
384 1243 485 1316 Qum,
499 1246 532 1304 5⁰
546 1242 597 1302 An
609 1251 757 1324 peccatam
773 1252 942 1303 accusatum
955 1249 1071 1303 tantum
1086 1239 1116 1299 in
1131 1235 1251 1320 pectere,
1265 1233 1431 1316 aliquando
1444 1233 1483 1294 sr't

207 1332 337 1389 materia
349 1329 503 1412 sufficiens
517 1331 557 1391 od
568 1331 764 1410 confessionis
778 1349 985 1394 vscmrrnrau
1000 1328 1047 1391 vel
1055 1345 1250 1400 cromnam
1264 1345 1293 1387 o.
1305 1324 1405 1404 φημί
1416 1325 1483 1406 quis
1593 1353 1594 1362 κ

207 1415 475 1492 dieot.·Paccnv1,
494 1419 540 1480 cel
552 1418 600 1479 Me
615 1438 715 1480 ceraso
729 1437 767 1482 na
781 1437 912 1481 caninos
929 1435 1071 1480 raccnms
1087 1418 1182 1479 mars?

248 1505 336 1586 Hesp.
359 1512 413 1572 19:
434 1507 537 1581 Quoad
557 1507 742 1570 validitatem
762 1514 793 1571 1⁰
812 1508 939 1588 affirm.
957 1511 1037 1569 certo
1062 1506 1098 1568 in
1120 1523 1192 1567 casu
1212 1502 1409 1580 necessitatis,
1430 1520 1483 1564 seu
1594 1501 1595 1506 ’

207 1596 330 1674 quando
341 1594 509 1675 paenitens,
525 1615 555 1658 r.
570 1615 628 1675 gn,
645 1595 865 1670 moribundus,
880 1596 1001 1658 nullum
1017 1599 1176 1676 peccatum
1186 1592 1221 1654 in
1236 1590 1333 1672 specie
1344 1607 1482 1654 ancusae

204 1685 313 1763 potest.
329 1717 369 1728 —
383 1684 434 1746 Ito
448 1685 683 1746 communissima
697 1705 762 1746 curn
780 1685 816 1746 S.
837 1685 941 1747 Tkom.
958 1719 997 1730 -
1010 1687 1043 1746 2⁰
1057 1682 1183 1764 Alpis-rr.
1202 1687 1239 1743 ut
1253 1679 1388 1754 ridetur,
1401 1682 1432 1741 cl
1446 1683 1482 1740 ut
1595 1761 1596 1766 ἵ

207 1772 403 1834 communius
422 1773 530 1836 docent
543 1779 680 1836 auctores
692 1777 783 1855 juxta
797 1774 946 1850 Lancia,
964 1793 996 1834 n.
1013 1777 1088 1848 623,
1106 1778 1197 1832 ettam
1213 1778 1301 1831 estro
1317 1789 1420 1830 casune
1432 1787 1481 1828 ne-

206 1863 281 1922 cessi
284 1863 367 1936 totos,
383 1861 410 1924 si
421 1862 551 1924 materia
565 1863 734 1926 neccssaria
752 1882 805 1926 scu
823 1862 856 1924 in
871 1861 968 1944 specie
979 1860 1158 1925 declaranda
1171 1857 1301 1922 deficiat.
1315 1856 1406 1922 Ratio
1419 1862 1480 1930 aas,

208 1948 282 2030 qru’a
298 1951 466 2014 dummodo
480 1951 517 2014 de
534 1951 663 2014 materia
676 1950 800 2014 aliunde
814 1952 910 2014 libera
924 1951 957 2014 id
973 1950 1143 2032 proferatur
1159 1965 1250 2028 super
1266 1965 1328 2028 quc
1338 1945 1482 2010 semrom

201 2037 357 2119 judicium
377 2039 540 2104 instituere
558 2059 592 2104 ac
611 2041 796 2104 sententiam
816 2041 1017 2120 pronuntiare
1033 2037 1144 2120 possit,
1164 2036 1197 2098 id
1215 2034 1311 2100 etiam
1329 2033 1483 2115 praebetur

208 2127 290 2206 quod
304 2127 343 2190 ad
356 2128 521 2191 essentiam
540 2128 728 2192 sacramenti
741 2129 878 2192 absolute
892 2128 1071 2209 requirimur.
1088 2161 1126 2172 -
1145 2125 1294 2198 Lancia,
1310 2144 1341 2185 c.
1358 2127 1429 2187 620.
1444 2157 1482 2168 ·-

206 2215 331 2294 deuter,
348 2237 378 2276 rr.
396 2221 465 2282 303.
482 2253 520 2262 -
535 2217 633 2297 Lupo,
653 2217 729 2298 disp.
746 2236 828 2291 xmr,
844 2237 876 2279 n.
893 2222 923 2282 8.

246 2304 338 2385 nesp.
357 2309 389 2365 2⁰
405 2304 529 2367 :Etiam
545 2305 645 2385 quoad
660 2305 820 2366 lirer'totem
834 2305 950 2387 affirm.
968 2307 1077 2368 saltem
1091 2302 1299 2386 probabiliter.
1315 2299 1410 2366 Ratio
1419 2303 1481 2373 ut,

208 2392 296 2472 qnia,
317 2391 372 2453 Ubi
396 2393 508 2454 desunt
528 2399 647 2474 peccata
664 2393 819 2470 mortalia,
840 2393 925 2456 nulla
947 2399 995 2458 cst
1016 2393 1161 2474 obligatio
1179 2397 1288 2455 catera
1309 2393 1431 2470 peccam
1449 2388 1483 2452 in
1597 2385 1598 2412 ff

206 2477 305 2558 specio
331 2479 517 2555 declarandi,
536 2499 608 2543 cum
628 2481 759 2544 venialia
779 2482 908 2545 omnino
928 2482 1032 2544 omitti
1053 2482 1182 2563 possint.
1204 2477 1374 2544 muntium
1398 2477 1484 2540 caim

208 2566 347 2628 Trident.
363 2567 443 2630 nihil
456 2587 580 2648 prorsus
593 2570 650 2632 hac
664 2571 701 2632 de
714 2590 747 2633 re
761 2571 992 2648 determinavit,
1010 2571 1072 2634 nisi
1090 2571 1173 2652 quod
1185 2569 1249 2632 sola
1263 2573 1384 2648 peccata
1400 2584 1482 2629 mor·

209 2654 283 2717 talia
298 2662 400 2717 essent
417 2657 546 2721 materia
561 2659 729 2721 necessaria
743 2659 948 2722 confessionis.
967 2661 1142 2724 Generatim
1159 2657 1312 2722 tamenin
1327 2654 1418 2736 praxi
1431 2671 1484 2722 el-

208 2742 293 2825 pedit
306 2745 402 2824 (quod
414 2751 445 2810 et
458 2745 523 2809 fieri
535 2747 740 2811 communiter
753 2749 790 2812 ab
802 2749 949 2812 omnihus
963 2750 1069 2830 solet),
1084 2746 1217 2812 venialia
1230 2745 1325 2809 etim
1338 2744 1373 2806 in
1386 2742 1484 2824 specie

209 2832 346 2900 confiteri
361 2835 477 2899 ratione
493 2836 668 2899 directionis
681 2856 699 2899 a
712 2837 898 2900 confessario
912 2838 1081 2912 tradendae,
1098 2843 1168 2912 etc.;
1184 2836 1248 2898 imo
1261 2842 1294 2897 et
1307 2833 1365 2896 hoc
1379 2831 1482 2898 dicon-

208 2923 284 2986 dum
301 2929 380 2986 osset
393 2925 598 2988 necessarium
617 2943 655 2988 ex
674 2945 793 3007 propos.
813 2933 845 2990 1·
858 2926 896 2989 ah
916 2929 1018 2990 lunoc.
1034 2929 1075 2988 Xl
1091 2920 1253 2999 damnata,
1271 2921 1298 2985 si
1316 2921 1484 2985 haberetm

209 3015 245 3074 ut
262 3011 427 3090 probabilis
444 3019 583 3089 tantum,
600 3033 661 3076 non
678 3033 747 3078 vero
766 3022 803 3078 ct
820 3015 976 3078 moraliter
992 3021 1074 3078 certa
1092 3013 1263 3088 sententia,
1280 3029 1377 3092 quam
1392 3026 1484 3091 supra

208 3099 360 3174 diximus
374 3119 445 3164 cum
456 3103 603 3178 Lucror'c,
617 3103 860 3166 communiorem
871 3112 1049 3179 auctorum,
1059 3105 1097 3166 de
1109 3102 1268 3164 caliditate
1278 3098 1484 3162 accusationis

206 3187 354 3268 generalis
370 3191 539 3254 venialium
558 3198 613 3255 aut
631 3192 811 3254 mortalium
826 3195 892 3274 jam
910 3193 1120 3256 remissorum.
1141 3191 1225 3267 Quod
1244 3195 1360 3270 spectat
1378 3194 1484 3251 utam

208 3277 246 3340 acl
260 3278 483 3342 accusationem
498 3281 667 3360 generalem
679 3282 716 3345 dc
728 3282 857 3362 peccatis
870 3282 944 3346 vita
955 3288 1116 3356 anteacta,
1130 3297 1226 3362 quam
1240 3277 1427 3359 prenitentes
1440 3275 1484 3356 pii

210 3365 358 3448 subjicere
372 3369 469 3431 solent
480 3368 514 3431 in
526 3368 586 3432 flue
597 3369 794 3434 confessionis
808 3372 846 3433 ad
858 3370 1017 3434 certiorem
1031 3367 1221 3434 summensi
1237 3364 1401 3429 materiam
1414 3365 1483 3427 aad

206 3454 438 3531 dandam,.satis
451 3464 498 3520 cst
511 3475 594 3533 sane,
609 3458 717 3540 siquis
731 3458 827 3521 dicat:
842 3461 957 3522 Aoecso
972 3481 1017 3521 me
1031 3457 1211 3540 depereatis
1223 3453 1483 3538 citaepraeteritu,

206 3544 254 3606 acl
271 3548 363 3608 totius
377 3547 446 3608 vitae
462 3567 545 3609 mea.

244 3638 314 3696 lit.
332 3671 371 3680 -
385 3638 487 3711 Quas.
511 3639 545 3698 6⁰
561 3637 627 3714 An,
645 3639 807 3720 poenitente
824 3639 983 3700 cauteriem
1000 3637 1201 3719 sufficientem
1222 3633 1347 3696 duliam
1366 3639 1484 3695 tantm

200 3723 371 3802 prabecte,
393 3723 605 3806 Confessarius
628 3735 765 3789 terreatur
788 3730 947 3808 requirere
973 3737 1084 3788 certam
1106 3725 1142 3787 dc
1167 3724 1232 3786 cita
1250 3725 1430 3805 preterita,
1451 3729 1485 3782 ut

206 3811 356 3874 absoluere
369 3812 487 3895 possit?
1021 3875 1024 3884 ,

246 3899 334 3981 Resp.
354 3909 385 3966 t⁰
398 3901 538 3985 Affirm,
559 3903 586 3964 si
606 3902 679 3966 velit
698 3903 868 3979 absolvere,
890 3902 964 3984 quia
986 3921 1071 3967 secus
1093 3904 1328 3968 Sacramentum
1348 3897 1483 3981 pertun

207 3985 360 4051 nullitatis
374 3995 583 4072 exponeretur.
601 3991 728 4071 Excipe,
742 3991 804 4054 nisi
819 4011 907 4054 casus
919 3999 1074 4066 occurrat,
1090 3991 1124 4054 in
1136 4010 1198 4072 quo
1209 3990 1364 4072 penitens
1378 3986 1483 4051 mdl-

206 4072 323 4138 siccate
339 4077 456 4142 absolvi
470 4080 582 4160 possit,
595 4099 658 4160 qua
671 4081 709 4143 de
722 4099 755 4143 re
768 4079 907 4143 inferius.

246 4163 334 4246 Hesp.
354 4169 388 4227 2⁰
403 4165 496 4249 Nep,
519 4167 546 4230 si
566 4168 644 4231 nolit
661 4169 830 4244 absolvere,
852 4169 904 4232 scd
926 4169 1083 4232 dimittere
1102 4169 1305 4250 poenitentem
1326 4183 1400 4230 cum
1421 4165 1483 4230 rh

204 4253 519 4337 benedictioneque
536 4257 777 4338 poemtens,qui
795 4256 958 4320 materiam
977 4265 1057 4322 certe
1076 4257 1278 4322 sufficiam
1292 4274 1356 4319 non
1375 4253 1480 4329 altien,

199 4343 255 4426 jus
266 4343 305 4406 ad
314 4342 538 4410 absolutionem
548 4365 611 4410 non
622 4345 770 4410 hahet—
781 4349 859 4409 Item
872 4345 897 4410 si
907 4347 1062 4428 poenitens
1072 4347 1213 4411 videatur
1224 4345 1336 4410 hahere
1347 4345 1483 4408 dolam

203 4431 336 4497 dubium
355 4433 393 4496 de
411 4432 483 4498 solis
501 4434 688 4511 venialibus,
708 4454 770 4500 non
794 4441 915 4500 tenetur
933 4435 1086 4499 ordinarie
1103 4433 1311 4500 ccmmsarim
1330 4448 1482 4512 megum

201 4519 395 4602 diligentiam
412 4521 572 4598 adhibere,
589 4529 624 4586 ut
640 4523 730 4588 illum
746 4525 785 4587 ad
802 4524 934 4588 dolorem
952 4531 1156 4598 mmucoreat,
1173 4522 1243 4592 lica
1256 4522 1355 4585 multo
1369 4519 1483 4584 mah
