3180 5040
461 177 503 222 ee
524 173 782 222 sneuueenrus
803 175 845 218 er
865 173 1022 220 suariae
1311 163 1377 222 513

120 313 125 322 ·
149 295 249 368 Quae.
261 293 293 352 9⁹
309 289 417 352 Utrum
429 287 593 350 accessesit
604 285 702 348 tribas
713 284 828 346 vicibus
842 289 970 347 recitare
980 284 1139 360 Confiteor,
1154 285 1275 366 quando
1285 286 1379 348 admi·

112 385 258 442 nistratnr
270 398 388 439 socrum
402 376 549 440 Viott'cam
558 422 566 450 ,
576 375 730 436 Extrema
743 372 867 448 Unctio,
882 373 1127 454 acladalpentie
1140 377 1173 437 in
1185 376 1292 438 mortis
1305 378 1381 438 arti·
1487 389 1495 402 ·

114 471 175 532 mle
188 465 386 549 impertitur?

151 562 238 636 Resp.
256 553 461 627 Affirmetive,
473 557 564 634 juxte
578 552 745 632 proximet
758 551 917 616 Rubrieas,

152 648 252 721 Quen.
271 647 303 707 3⁰
322 643 431 705 Utrum
443 641 584 722 infirmas
595 641 711 720 pluries
729 641 845 700 lucrari
859 641 956 720 possit
970 640 1197 721 Indulgentiam
1210 640 1382 723 plenariam

114 738 146 795 r‘n
169 733 271 794 mertis
298 731 443 806 articulo,
469 749 488 791 a
509 729 652 811 pluribus
676 727 889 790 Sacerdotibus
908 729 1088 809 facultatem
1111 730 1290 792 labentibus
1319 751 1384 794 eam

116 821 330 904 impertiendi?

153 915 239 990 Resp.
256 908 415 989 Negative,
429 907 464 968 iu
479 907 585 969 eodem
600 905 710 968 mortis
726 905 865 968 articula.

154 1001 255 1074 Quen.
275 1002 309 1059 l⁰
332 996 440 1058 lltrum
461 993 611 1056 Sacerdos
631 993 732 1055 aalide
752 993 895 1072 conserat
915 993 1141 1074 Indalpenticm
1160 994 1330 1076 plenariam
1351 987 1386 1057 in

115 1087 242 1149 orticabr
264 1089 385 1160 mortis,
405 1085 512 1147 omissa
532 1081 667 1164 formala
687 1104 706 1143 a
729 1083 853 1146 Snncme
871 1083 1024 1164 Pontifice
1041 1087 1237 1166 praescripta,
1255 1084 1292 1144 ab
1315 1083 1388 1146 libri

116 1173 336 1258 defitienlt'nm?

155 1269 245 1344 Resp.
263 1263 421 1343 Negative,
438 1262 511 1344 quia
528 1261 658 1324 formula
674 1266 798 1324 nonest
813 1267 938 1324 tantum
952 1261 1112 1338 directim,
1130 1263 1182 1326 sed
1195 1261 1385 1344 praeceptiva.

116 1389 154 1402 -
170 1355 227 1414 Die
243 1357 261 1416 5
276 1351 440 1414 Februarii
458 1355 545 1415 1811.

551 1491 589 1533 DE
610 1487 720 1533 nerent
742 1489 953 1534 enlvttlcemo

158 1606 248 1664 1131.
265 1637 304 1645 -
319 1602 419 1674 Quae.
438 1605 470 1662 1ο
487 1600 629 1675 Quaenam
643 1601 682 1660 sit
697 1599 807 1661 altaris
819 1599 1013 1681 priuilepiati
1030 1600 1187 1682 efficacia?

157 1694 247 1769 Resp.
269 1691 324 1750 Per
343 1689 568 1768 Indulgentiam
588 1688 676 1751 altari
695 1688 886 1768 privilegiato
908 1689 1074 1761 adnexam,
1092 1688 1119 1751 si
1138 1691 1288 1768 spectetur
1305 1705 1393 1750 mens

118 1777 311 1841 concedentis
334 1782 365 1839 et
385 1795 461 1839 usus
480 1776 638 1856 potestatis
657 1776 808 1849 clavium,
830 1775 1060 1855 intelligendam
1082 1795 1146 1838 esse
1166 1776 1393 1856 Indulgentiae

117 1867 305 1948 plenariam,
328 1884 396 1946 quae
415 1865 554 1927 animam
574 1864 681 1926 statim
701 1864 809 1926 liberet
824 1865 862 1926 ab
882 1863 1027 1928 omnibus
1046 1865 1218 1945 Purgatorii
1236 1864 1350 1946 poeuis;
1368 1864 1395 1926 si

118 1974 191 2018 vere
202 1960 355 2035 spectetur
366 1953 577 2033 applicationis
587 1953 727 2026 effeetus,
740 1953 970 2032 intelligendam
980 1972 1044 2016 esse
1054 1953 1295 2034 indulgentiam,
1308 1955 1395 2035 cujus

118 2061 268 2106 mensura
295 2043 407 2104 divinae
435 2041 651 2105 misericordia
676 2041 862 2120 beneplacito
886 2048 917 2104 et
942 2043 1139 2123 receptationi
1162 2043 1334 2124 respondet.
1357 2076 1396 2086 -

116 2131 153 2193 S.
169 2131 197 2194 C
198 2153 300 2212 capr„
317 2131 507 2194 1111811111
523 2135 612 2194 1810.

160 2224 321 2296 011110
346 2219 454 2281 lltrom
477 2218 544 2296 ille,
571 2221 625 2300 qni
645 2218 776 2280 celebrat
799 2219 830 2279 in
854 2218 950 2279 altari
969 2220 1164 2301 privilegiato
1185 2241 1244 2302 pro
1267 2218 1397 2301 singulis

119 2309 242 2380 diebus,
256 2307 358 2369 debeat
373 2329 489 2391 semper
500 2309 547 2368 ati
557 2307 744 2388 paramentis
757 2306 869 2387 nigris,
882 2308 988 2370 diebus
1001 2329 1060 2370 non
1073 2310 1237 2392 impeditis,
1250 2305 1399 2370 1111111-

118 2399 257 2480 peritiam
269 2397 430 2479 prioilepii
444 2396 666 2478 consequatur?

161 2492 254 2566 Resp.
272 2485 464 2548 Affirmative
480 2486 529 2567 (S.
549 2484 664 2567 Conpr.
681 2484 805 2566 Indnlp.
825 2489 858 2547 11
877 2487 973 2567 April.
992 2488 1099 2568 18101.
1117 2485 1179 2548 Sed
1192 2486 1333 2547 lucratur
1347 2484 1401 2547 In-

120 2577 311 2658 dolqentiam
327 2575 438 2636 altoris
449 2573 659 2656 privilegiati,
676 2579 744 2655 qni,
756 2595 817 2656 pro
833 2574 973 2654 defuncto
987 2575 1154 2654 celebrans,
1168 2577 1292 2638 Missam
1303 2585 1402 2635 tamen

121 2665 199 2747 lepit
222 2665 257 2723 de
275 2665 350 2742 sesto
375 2665 525 2739 currenti,
545 2662 666 2742 quande
685 2663 750 2722 dies
768 2673 811 2723 est
827 2665 984 2743 impedita.
1006 2700 1045 2710 -
1064 2665 1100 2724 S.
1125 2663 1237 2742 Conpr.
1259 2663 1398 2743 Indulp„

122 2760 158 2815 11
180 2755 269 2812 llari.
286 2754 375 2812 18111.
1448 2799 1449 2802 ,

165 2835 367 2915 Privilegium
386 2835 516 2898 inhaeret
538 2836 629 2898 altari
651 2836 868 2912 determinato,
889 2836 972 2898 etin
990 2838 1138 2901 honorem
1156 2837 1284 2919 alicujus
1304 2837 1401 2900 saneti

122 2924 298 3008 specialiter
317 2925 430 2988 dicato.
452 2943 514 2986 neu
542 2943 611 2986 vere
632 2923 741 3004 lapidi,
762 2924 811 2986 eui
830 2925 906 2986 alter
925 2942 977 3004 pro
993 2927 1170 2990 necessitate
1192 2929 1240 2990 vel
1258 2933 1403 3007 opportu-

123 3017 226 3080 nitate
250 3011 346 3075 sullici
369 3012 481 3095 poterit
499 3011 548 3094 (S.
576 3012 737 3094 domprey,
760 3017 799 3075 et
824 3015 904 3093 Sept.
931 3015 1088 3095 1813)111
1113 3022 1150 3078 ut
1173 3015 1275 3078 diruto
1296 3013 1400 3087 altari,

124 3102 327 3186 privilegium
357 3121 418 3164 non
441 3108 557 3181 pereat,
589 3101 642 3163 sed
664 3101 844 3164 reaedificato
864 3101 954 3163 altari
980 3103 1038 3164 sub
1064 3105 1169 3165 eodem
1197 3102 1403 3177 1111111111-

125 3195 238 3256 111111.
258 3193 321 3252 lmo
337 3209 397 3253 uon
413 3190 492 3270 perit
506 3188 718 3270 privilegium,
738 3191 765 3252 si
781 3192 874 3253 altare
890 3192 947 3253 sub
962 3191 1066 3253 eodem
1082 3191 1173 3254 titulo
1187 3191 1332 3270 erigatur,
1352 3190 1404 3252 sed

123 3283 162 3345 in
176 3280 297 3344 diverso
311 3280 440 3342 eeclesia
452 3280 525 3342 loce.
542 3314 581 3323 -
596 3277 646 3361 (S.
667 3277 779 3361 Conpr.
796 3279 934 3360 Indnlp,
951 3285 991 3344 30
1005 3280 1140 3360 Augusti
1154 3283 1257 3362 1819.)

360 3443 516 3488 becumen
537 3444 562 3486 S.
587 3442 613 3485 G.
638 3442 756 3488 inedie.
780 3443 818 3487 DE
837 3443 948 3487 ALTnnt
968 3443 1178 3488 Pnlvmeetnro

174 3559 264 3619 1138.
277 3590 316 3600 -
328 3555 523 3636 Andepooen.
537 3556 571 3616 In
587 3554 778 3634 generalibus
790 3553 931 3616 Gemitiis
945 3554 980 3615 S.
993 3552 1261 3635 Indulpentiarum
1274 3553 1406 3636 Conpre-

126 3645 263 3727 patinnis
282 3643 399 3705 habitis
418 3642 467 3705 die
481 3645 520 3704 19
535 3643 694 3705 Februarii
713 3647 806 3717 1861,
826 3643 990 3724 Episcopus
1006 3641 1233 3721 Andegavensis
1248 3641 1407 3723 sequentia

127 3732 233 3796 Dubia
247 3731 405 3794 enodanda
419 3731 597 3812 proposuit:

175 3823 200 3882 1.
217 3824 329 3884 Utrum
341 3819 534 3900 privilegium
548 3819 653 3882 altaris
667 3819 867 3900 privilegiati,
885 3819 949 3881 sive
962 3821 1054 3895 reale,
1070 3819 1134 3882 sive
1145 3821 1300 3901 personale
1312 3819 1407 3900 appli-

129 3908 200 3973 cari
212 3909 310 3989 possit
322 3909 464 3989 pluribus
478 3907 692 3972 defunctorum
707 3907 870 3970 animabus
882 3908 916 3970 in
931 3911 1150 3990 cujuscumque
1162 3909 1223 3971 diei
1238 3907 1349 3972 Missa?

177 3997 214 4058 ll.
230 4001 340 4062 Utrum
354 3997 481 4059 11111111
495 3998 656 4078 apostolica
668 4015 807 4062 concessa
820 3996 979 4060 ordinario
992 3997 1203 4077 Andegavensi
1218 4002 1255 4060 ut
1268 4000 1301 4057 in
1315 3999 1410 4058 omni-

132 4087 192 4149 bus
205 4085 335 4147 ecclesiis
345 4085 574 4167 parochialibus
587 4086 718 4148 diaecesis
730 4085 957 4167 Andepaoensis
971 4096 1018 4146 ter
1031 4087 1065 4146 in
1077 4084 1211 4166 qualibet
1225 4085 1411 4148 bebdomada

129 4173 323 4238 celebrentur
341 4194 408 4234 cam
426 4183 518 4234 cantu
539 4175 639 4236 Messe
658 4176 695 4236 de
713 4173 862 4255 nequiere
875 4173 946 4236 dum
964 4174 1075 4258 Officia
1089 4185 1250 4237 accurrunt
1265 4175 1343 4235 ritas
1356 4173 1412 4235 du-

125 4261 242 4347 plicis,
261 4261 437 4342 quibusdam
453 4272 569 4323 tantum
583 4265 731 4344 exceptis,
747 4261 842 4343 possit
855 4262 949 4326 libere
962 4263 996 4326 in
1012 4263 1131 4344 praxim
1145 4263 1268 4338 deduci,
1286 4281 1326 4325 an
1343 4279 1413 4325 vero

128 4348 238 4415 Missa
255 4351 291 4410 de
314 4351 457 4432 lteqatem
477 4348 650 4415 differenda
670 4351 732 4414 sint
754 4349 788 4414 in
810 4350 886 4415 alias
906 4351 971 4414 dies
992 4351 1128 4434 ejusdem
1145 4352 1357 4428 hebdomade,
1380 4348 1413 4412 iu

128 4437 254 4520 quibus
269 4438 310 4500 sit
321 4438 401 4501 ritus
418 4437 630 4520 semiduplex‘l

234 4555 342 4600 01111-
357 4555 417 4597 'rom
428 4555 460 4598 11.
1291 4545 1323 4596 ³3
