3206 5042
193 166 261 226 166
723 176 931 222 reserares

194 288 334 352 Pontifici
354 294 554 364 reservatam,
575 289 641 369 ipso
662 289 739 352 facto
761 288 963 350 incurrerent,
984 284 1058 348 Pius
1079 289 1135 362 lll,
1152 289 1252 352 firmis
1273 295 1490 360 manentibus

195 377 312 442 catoris
325 377 577 456 dispositionibus
590 379 684 441 Bulla
696 377 913 450 Benedictinae,
928 377 992 438 loco
1006 377 1233 455 suspensionis,
1250 381 1379 444 Glericis
1400 385 1488 448 sicut
1579 463 1580 466 Ἴ

194 473 226 528 et
239 465 322 528 laicis
339 466 686 529 excommunicationem
698 465 823 540 inflixit,
840 481 1007 544 omnesque
1021 465 1151 544 subjecit
1163 467 1264 530 eidem
1276 487 1392 550 poenae.

315 619 527 685 Resolves.

235 769 268 827 1ο
284 767 416 828 Censura
427 765 625 846 intelligenda
639 772 685 827 est
697 765 733 827 de
748 764 819 827 solis
833 763 933 827 Missis
948 765 1161 839 manualibus,
1178 785 1242 829 non
1258 771 1366 832 autem
1382 771 1419 832 de
1439 771 1480 835 iis

195 870 263 933 quae
277 860 398 934 propter
412 855 625 916 fundationem
634 855 682 916 uel
695 853 888 926 beneficium,
899 858 954 914 aut
965 852 999 914 in
1012 861 1196 933 perpetuum
1210 857 1372 932 debentur,
1386 869 1478 940 prout

195 942 304 1003 docent
317 943 523 1004 communiter
536 946 683 1004 auctores
697 943 777 1021 apud
792 941 824 1002 S.
840 941 947 1022 Atat,
967 941 987 1002 l.
1005 944 1053 1015 Vl,
1068 963 1099 1003 n.
1117 947 1188 1016 361,
1206 945 1288 1006 Eae.
1306 952 1336 1019 3,
1351 955 1384 1009 61
1398 967 1477 1028 prae<
1581 943 1582 1006 ζ

194 1031 363 1092 tereasatis
377 1038 545 1093 constater
557 1031 648 1093 uerbo
662 1031 843 1112 collipentes.
1581 1049 1582 1058 ¹

235 1123 268 1180 2⁰
285 1119 492 1180 Probabititer
508 1138 570 1183 666
590 1120 755 1180 incurrunt
769 1136 929 1181 censuram
943 1119 998 1199 qui
1012 1119 1160 1200 colligunt
1176 1141 1215 1184 ex
1230 1123 1326 1186 officio
1345 1126 1473 1188 eleema

196 1224 289 1287 synas
303 1225 356 1286 pro
370 1207 471 1270 Missis
486 1207 672 1269 celebrandis
685 1209 711 1270 si
724 1226 760 1269 ex
771 1207 815 1270 eis
828 1207 887 1269 sibi
902 1208 1055 1269 retineant
1065 1227 1187 1288 aequam
1202 1211 1313 1273 laboris
1327 1231 1472 1276 remune·
1579 1291 1580 1296 ἵ

195 1295 345 1356 rationem
359 1296 400 1357 :ii
415 1296 499 1357 enirn
515 1297 634 1358 lucrum
646 1298 693 1358 vel
706 1303 828 1377 turpem
843 1303 997 1376 praestum
1012 1315 1050 1357 ex
1061 1299 1260 1380 eleemosynis
1274 1308 1394 1380 captare
1407 1321 1471 1364 non
1579 1307 1580 1312 ’

195 1381 350 1444 videntur.
368 1419 406 1428 -
420 1384 455 1445 S.
471 1385 551 1465 Lep,
568 1385 654 1459 ibid,
670 1407 700 1445 n.
718 1390 791 1459 ttae,
805 1385 875 1447 dab.
894 1390 923 1448 3.

237 1474 268 1532 3⁰
282 1473 595 1535 Excommunicationi
609 1474 772 1555 suincitur
786 1492 847 1536 non
862 1475 963 1536 solum
978 1475 1031 1554 qrii
1046 1476 1081 1537 in
1096 1476 1166 1551 alio,
1178 1482 1211 1538 ut
1220 1478 1392 1556 plerumque
1407 1477 1457 1548 tit,

196 1559 247 1620 sed
262 1559 356 1621 etiam
368 1561 423 1640 qui
437 1562 470 1622 in
483 1563 587 1623 eodem,
604 1563 682 1635 loco,
700 1563 724 1623 si
739 1562 815 1624 forte
831 1563 875 1624 ibi
891 1563 1019 1626 diversae
1037 1565 1194 1626 Missurum
1210 1572 1281 1625 taxa
1302 1563 1462 1626 institntae
1581 1565 1582 1574 ’

197 1644 270 1720 sint,
284 1648 489 1731 eleemosynas
504 1649 634 1712 minoris
648 1651 739 1730 pretii
750 1652 953 1728 transmitt't;
972 1671 1047 1714 nam
1061 1672 1120 1715 vox
1132 1653 1178 1714 illa
1191 1670 1320 1714 censura
1332 1653 1365 1712 in
1381 1652 1462 1712 locis
1581 1679 1582 1744 ι

197 1736 345 1814 generalis
366 1745 427 1812 est,
448 1746 600 1818 quatenus
623 1739 746 1801 nullum
767 1740 868 1802 locum
889 1741 1036 1816 excludit,
1059 1742 1095 1804 in
1116 1760 1174 1823 quo
1192 1741 1308 1823 possint
1333 1741 1467 1803 collectae

197 1824 296 1886 Missae
312 1826 425 1888 rninori
438 1827 589 1908 stipendio
601 1828 759 1903 celebrari,
777 1829 853 1891 etin
870 1831 957 1892 Bulla
975 1831 1171 1894 benedictina
1182 1849 1317 1911 expresse
1331 1830 1466 1892 dicitur:
1581 1831 1582 1892 l

197 1913 258 1972 sive
276 1914 396 1993 ibidem,
412 1919 473 1976 sive
487 1915 572 1977 aliti.

237 2006 271 2064 4⁰
287 2004 433 2078 Quamvis
450 2012 600 2085 apeccato
615 2010 644 2068 et
658 2026 675 2068 a
689 2025 816 2069 censura
837 2007 1004 2084 excuseris,
1019 2016 1055 2072 ut
1069 2009 1208 2073 diximus
1221 2029 1331 2092 supra,
1349 2029 1381 2068 n.
1397 2013 1467 2082 3'll,
1581 2013 1582 2016 ’

199 2087 226 2151 61
243 2091 384 2154 Sacerdos
396 2095 445 2156 cui
460 2095 646 2157 transmittis
661 2097 865 2178 eleemosynas
887 2116 940 2177 pro
963 2098 1064 2160 Missis
1085 2099 1287 2172 celebrandis,
1306 2097 1470 2159 liberaliter

198 2182 229 2237 et
243 2178 368 2242 omnino
384 2189 490 2262 sponte
504 2201 662 2246 excessum
676 2186 830 2259 remittat,
845 2204 911 2247 eam
926 2193 1028 2248 tamen
1043 2187 1192 2262 incurris,
1208 2188 1235 2250 si
1250 2195 1301 2259 tu,
1316 2188 1407 2248 etiam
1423 2185 1469 2246 in·
1581 2187 1582 2194 ’

199 2265 297 2329 dicato
310 2270 417 2351 majori
430 2272 527 2350 pretio
542 2280 669 2354 accepto,
680 2275 869 2336 Sacerdotem
883 2293 968 2354 roges
978 2281 1014 2338 ut
1026 2277 1178 2352 remittat;
1194 2277 1241 2338 rel
1255 2277 1294 2338 ab
1306 2295 1341 2338 eo
1352 2293 1469 2356 quares

200 2372 241 2415 an
255 2358 438 2432 consentiat,
454 2367 490 2421 ut
505 2369 540 2423 tu
554 2369 673 2439 partem
689 2363 835 2438 retineas;
855 2363 900 2426 ait
920 2363 1004 2426 enim
1024 2366 1199 2427 Benedictus
1215 2367 1286 2428 xlv
1303 2387 1365 2425 noaz
1382 2382 1471 2446 possa

199 2441 291 2501 alteri
307 2445 492 2522 stipendium
515 2450 641 2507 minoris
660 2452 756 2529 pretii
776 2453 912 2533 eropari,
934 2455 990 2514 etsi
1008 2455 1062 2536 qni
1075 2459 1178 2533 erepat
1195 2453 1292 2513 eidem
1311 2451 1471 2514 Sacerdoti
1581 2457 1582 2474 ¹

200 2527 366 2587 celebranti
381 2539 409 2588 et
427 2535 622 2594 consentienti
640 2537 767 2612 indicet,
783 2559 813 2601 se
829 2541 956 2622 majoris
973 2543 1062 2624 pretii
1076 2541 1292 2621 eleemosynam
1308 2542 1468 2620 accepisse.

199 2647 239 2662 -
253 2614 287 2676 S.
304 2617 386 2699 etp,
402 2620 468 2681 idid
481 2669 489 2699 ‚
506 2642 537 2683 n.
554 2627 623 2686 311.
641 2661 680 2670 -
694 2626 803 2690 Recole
818 2629 901 2690 dicto
914 2651 1001 2713 snpra
1014 2651 1043 2691 n.
1060 2634 1126 2693 3'll.

799 2809 878 2865 Xlll

238 2911 342 2970 Omnes
359 2915 407 2986 qui
424 2917 716 2976 excommunicatione
735 2921 909 2978 mulctantur
924 2921 955 2978 in
974 2919 1230 2979 constitutionibus
1251 2919 1281 2974 S.
1298 2917 1341 2972 Pii
1357 2917 1391 2984 V,
1410 2914 1470 2970 Ad-

201 2997 302 3048 monet
320 3010 389 3059 nos,
410 2997 510 3065 quarto
531 2995 668 3054 kalendas
687 3000 794 3074 Aprilis
814 3001 898 3070 1567;
914 3003 1071 3058 innocentii
1087 3003 1140 3070 lX,
1162 3001 1234 3068 oce
1253 2998 1290 3054 ab
1311 2998 1365 3054 laec
1381 2995 1468 3063 Sede,

202 3072 294 3144 pridie
307 3088 397 3128 66666
412 3075 579 3132 Novembris
595 3078 679 3148 abab
700 3081 853 3138 Clementis
868 3083 945 3152 Vlll,
968 3082 1013 3138 Aa
1028 3081 1157 3138 Romani
1175 3078 1333 3152 Pontifices
1349 3091 1469 3140 earam,

201 3151 236 3207 16
245 3151 322 3207 lunii
339 3152 421 3222 1591,
435 3158 463 3210 et
475 3157 629 3214 Alexandri
645 3163 707 3228 Vll,
725 3163 807 3217 Inter
821 3167 956 3232 ceteros,
973 3179 1048 3218 6666
1061 3161 1196 3219 kalendas
1207 3159 1375 3216 Novembris
1389 3155 1469 3222 toea,

201 3231 403 3290 alienationem
419 3237 447 3292 et
462 3237 683 3295 infeudationem
701 3241 848 3299 civitatum
861 3243 889 3298 et
903 3243 1029 3298 locorum
1046 3243 1075 3299 S.
1088 3245 1119 3299 a.
1134 3245 1165 3298 E.
1181 3239 1409 3314 respicientibus.

242 3376 332 3435 1016.
348 3376 705 3455 *comprehenduntur
727 3381 783 3444 hac
803 3401 946 3456 censura,
964 3382 1043 3444 siout
1062 3385 1091 3443 et
1109 3380 1246 3472 allegatis
1259 3379 1290 3440 in
1303 3395 1335 3438 ea
1348 3373 1468 3438 Consti-

202 3460 388 3537 tutionibus,
403 3482 508 3526 omnes
520 3484 644 3546 prorsus
656 3475 726 3531 tum
744 3470 813 3532 laici
828 3476 896 3533 tum
914 3470 1035 3546 Clerici,
1052 3474 1270 3550 cujuscumque
1288 3465 1350 3528 sint
1368 3460 1471 3542 digui—
1581 3497 1582 3552 3

203 3548 291 3622 tatis,
305 3551 399 3612 etiam
421 3553 596 3635 episcopalis
611 3562 664 3619 aut
679 3559 891 3634 cardinalitia,
910 3565 1089 3632 tractantes,
1107 3559 1314 3629 consulentes,
1330 3560 1385 3615 aut
1398 3551 1473 3614 alias
1581 3613 1582 3638 ἲ

202 3636 295 3698 verba
309 3637 467 3716 iacientes,
484 3644 542 3705 sub
561 3645 669 3722 quouis
689 3655 839 3726 praetextu
853 3649 948 3711 etiam
962 3647 1150 3710 necessitatis
1165 3647 1213 3708 vel
1227 3643 1377 3708 evidentis
1391 3639 1473 3703 utili·
1581 3673 1582 3714 ι

201 3725 288 3801 tatis,
306 3728 342 3789 de
358 3727 552 3793 infeudandis
566 3733 614 3794 vel
628 3733 796 3799 alienandis
809 3737 988 3800 civitatibus
1002 3743 1033 3798 et
1047 3735 1120 3798 locis
1135 3735 1173 3797 ad
1187 3739 1360 3799 Romanam
1377 3729 1474 3793 Eccle-

201 3813 280 3875 siam
296 3816 474 3881 immediate
486 3821 693 3900 spectantibus
709 3832 738 3888 et
752 3825 992 3904 pertinentibus;
1006 3826 1094 3900 itern,
1108 3829 1311 3904 proponentes
1325 3822 1361 3884 de
1376 3825 1477 3900 postu·

201 3900 302 3964 landis
326 3924 344 3966 a
371 3911 458 3971 Rom.
488 3909 631 3973 Pontifice
657 3912 818 3993 quibusvis
845 3915 982 3996 personis
1009 3917 1230 3995 cujuscumque
1252 3909 1418 3994 dignitatis
1442 3907 1474 3968 in

201 3991 307 4063 Duces,
322 3995 467 4073 Vicarios,
484 3998 707 4064 Gubernatores
719 4005 897 4066 eorumdem
912 4004 1049 4068 locorum
1067 4009 1098 4064 et
1118 4001 1298 4076 civitatum,
1315 3997 1476 4078 eligendis·
1579 4085 1580 4088 Ἴ

201 4093 262 4158 que
277 4083 456 4159 oratoribus,
467 4087 521 4168 qui
535 4089 573 4152 ad
585 4107 657 4152 eum
667 4089 699 4152 in
710 4089 793 4153 hune
804 4091 898 4154 finem
910 4092 1092 4166 mittantur;
1105 4095 1239 4152 oratores
1253 4089 1349 4151 etiam
1361 4102 1476 4150 munus

201 4166 352 4247 ejusmodi
372 4179 575 4253 acceptantes;
592 4179 743 4258 quaslibet
762 4181 887 4244 tandein
906 4180 1105 4245 alienationes
1123 4178 1275 4258 eiusmodi
1294 4183 1385 4242 Rom.
1400 4179 1476 4240 Ρο6-

201 4255 277 4319 tifici
291 4274 345 4337 pro
357 4263 494 4340 tempore
509 4265 669 4329 exsistenti
680 4286 733 4348 per
747 4287 778 4331 se
793 4271 841 4332 vel
855 4289 907 4351 per
918 4271 993 4334 alios
1007 4269 1203 4332 insinuantes
1221 4271 1279 4329 aut
1293 4266 1477 4328 suadentes:

201 4359 270 4490 guala
289 4348 394 4493 melania
407 4349 504 4412 videri
518 4362 647 4430 possunt
660 4355 694 4418 in
708 4357 797 4420 dictis
810 4358 1089 4422 constitutionibus
1105 4355 1260 4418 enucleate
1273 4352 1429 4434 proposita
1449 4353 1478 4410 el

223 4447 254 4489 ee
266 4449 318 4492 ara
353 4482 360 4494 .
