3206 5042
610 375 652 418 na
673 373 849 419 censuale
1300 368 1369 428 -l35

121 485 218 568 Besp.
236 490 287 548 2⁰:
303 485 390 548 Solus
411 487 490 563 Papa
512 483 666 546 absolvere
689 489 787 565 potest
805 485 843 547 ab
864 485 987 559 haeresi,
1002 486 1066 549 sive
1087 487 1221 563 notoria,
1240 489 1304 552 sive
1323 509 1369 554 cc-

76 575 178 647 culta,
196 592 270 654 quae
282 573 420 636 nondum
435 572 469 634 in
484 571 546 634 foro
557 572 696 653 judiciali
708 573 846 654 Episcopi
858 575 973 653 agitata
987 574 1058 637 fuit.
1075 579 1159 638 Hanc
1170 577 1255 640 enim
1269 585 1368 658 potes-

79 667 182 723 tatem
198 659 262 722 sibi
275 679 328 740 per
339 659 599 724 constitutionem
614 661 790 723 reservavit.
807 661 925 724 Dicitur
940 665 1044 725 autem
1055 663 1215 727 haereticus
1231 667 1368 730 occultus

77 750 147 824 ille,
165 749 225 830 qui
248 749 306 812 etsi
327 767 398 812 cum
418 750 478 812 alio
499 749 656 812 haereticos
680 765 833 812 sermones
856 750 1030 825 miscuerit,
1045 751 1162 814 notorie
1181 757 1284 816 tamen
1306 774 1369 819 non

78 839 220 901 habetur
235 845 275 901 ut
290 839 373 915 talis;
392 843 461 912 aut,
483 839 605 901 etiamsi
620 857 691 900 cum
705 839 830 901 nemine
844 859 915 902 sires
928 839 1060 903 hareses
1082 843 1368 919 communicaverit,

79 925 297 989 nihilominus
318 927 435 1006 aliquos
449 935 532 986 aetus
550 929 731 987 extrinsecos
745 931 895 998 exercuit,
912 947 951 987 ecc
969 927 1076 1008 quibus
1095 929 1230 1008 diqaosei
1246 941 1370 1011 poterat

82 1026 237 1096 tunquam
253 1015 423 1076 haereticus.
438 1049 478 1060 -
492 1015 602 1076 Bened.
619 1017 697 1086 xiv,
714 1014 843 1076 Constit.
859 1013 972 1076 Pastor
988 1015 1088 1092 bonus,
1101 1021 1138 1078 13
1152 1019 1266 1097 Aprilis
1280 1023 1369 1081 litt.

123 1105 208 1166 Hinc
224 1105 338 1177 elucet,
354 1103 434 1182 quod
452 1119 542 1164 nemo
556 1103 704 1164 haereseos
717 1120 788 1164 reus
801 1101 918 1164 absolvi
932 1103 1027 1182 possit
1042 1103 1079 1164 ab
1099 1103 1239 1167 inferiore
1255 1107 1370 1188 judice,

82 1200 263 1271 antequam
277 1189 418 1253 fueritin
432 1189 533 1252 forum
550 1189 695 1270 judiciale
712 1197 852 1264 vocatae,
867 1193 920 1252 aut
940 1191 986 1252 illi
1005 1209 1068 1253 sese
1088 1197 1192 1274 sponte
1215 1192 1370 1255 obtulerit.

81 1285 219 1342 Constat
235 1280 330 1341 etiam
345 1281 426 1361 quod
443 1279 609 1360 Episcopus
623 1279 800 1360 inutraque
814 1279 877 1342 foro
892 1279 1116 1359 abjurationem
1130 1281 1372 1344 protestantium

84 1369 226 1448 recipere
242 1369 352 1442 valeat,
370 1387 480 1448 eosque
492 1368 656 1442 absolvere,
673 1368 826 1448 siquidem
838 1385 939 1430 coram
953 1368 1018 1448 ipso
1033 1370 1080 1430 vel
1093 1377 1200 1449 sponte
1212 1371 1259 1433 vel
1273 1371 1373 1433 vocati

84 1475 213 1535 semper
228 1462 413 1536 comparent.

126 1545 238 1619 Quoad
250 1544 348 1606 ritum
364 1552 468 1606 autem
482 1544 658 1608 absolvendi
677 1545 832 1608 hereticos
850 1544 961 1608 infore
979 1551 1119 1620 externo,
1138 1562 1306 1626 eorumque
1320 1548 1372 1610 ab·

80 1632 282 1712 jurationem
294 1632 479 1714 excipiendi,
494 1632 563 1695 vide
580 1633 699 1711 regulas
720 1651 797 1712 quas
813 1634 907 1695 tradit
920 1633 958 1694 P.
977 1633 1098 1696 Marcet
1108 1633 1143 1694 in
1157 1634 1271 1697 eximio
1286 1654 1374 1715 opere

84 1721 136 1784 cui
155 1721 291 1782 titulus:
312 1721 408 1784 curce
419 1725 563 1802 prolique
580 1721 615 1781 de
630 1722 661 1780 tc
674 1720 817 1800 Liturqie
832 1723 977 1782 romaica.

127 1811 237 1883 Quian.
252 1812 284 1870 6⁰
298 1808 380 1883 Quid
392 1812 578 1888 requiratur,
592 1818 624 1867 ut
636 1808 704 1887 quis
718 1807 871 1868 admisisse
886 1809 1007 1869 dicotur
1021 1827 1155 1870 errorem
1168 1811 1202 1869 iu
1213 1810 1291 1871 Fide
1303 1829 1374 1892 per·

87 1897 250 1956 limacem?
1337 1895 1338 1898 ’

131 1986 248 2066 Hesp:
262 1986 386 2064 Oportet
398 1989 435 2046 ut
448 2001 580 2046 errorem
595 1984 785 2048 admittendo
799 1984 966 2048 formaliter
980 1985 1197 2065 contempserit
1208 1988 1373 2050 auctorita-

88 2083 159 2136 tem
182 2073 324 2135 Ecclesiae
345 2073 379 2134 in
398 2073 489 2134 rebus
512 2072 613 2146 Fidei,
634 2072 667 2134 id
688 2080 734 2134 est
755 2080 791 2135 ιιι
811 2074 942 2136 voluerit
962 2074 1115 2136 adhaerere
1136 2091 1199 2136 suec
1220 2075 1372 2155 opinioni,

38 2185 45 2192 ·
88 2160 242 2242 quamvis
254 2179 321 2222 eam
337 2161 414 2224 bene
426 2161 549 2224 noverit
560 2162 714 2223 adversari
727 2161 873 2224 doctrina
885 2161 1024 2224 Ecclesiae
1039 2161 1098 2224 sibi
1111 2162 1294 2226 sufficienter
1306 2181 1375 2244 pro-

88 2250 213 2331 positae.
234 2249 266 2310 Si
279 2269 315 2312 ex
337 2249 461 2312 levitate
482 2248 579 2329 igitur
598 2249 711 2324 aninu,
731 2257 785 2312 aut
799 2267 837 2312 ex
850 2250 1024 2330 ignorantia
1037 2250 1129 2312 etiam
1148 2269 1262 2327 crassa,
1279 2253 1375 2314 etiam

88 2339 247 2413 affectata,
264 2344 301 2400 ut
314 2343 427 2414 Quaest.
439 2342 470 2412 E,
485 2338 602 2406 dictum
614 2345 671 2413 est,
689 2339 748 2400 sibi
763 2338 949 2418 persuaserit
959 2339 1124 2402 articulum
1139 2357 1233 2420 quern
1247 2340 1378 2419 negabat

90 2447 155 2490 non
171 2427 326 2508 portinere
340 2428 378 2488 ad
393 2427 516 2500 Fidem,
533 2433 588 2488 aut
608 2427 646 2488 ab
666 2428 797 2490 Ecclesia
820 2446 882 2489 non
900 2428 1028 2508 proponi
1042 2433 1193 2507 tanquam
1207 2428 1375 2490 necessario

91 2517 294 2590 credendum,
308 2522 365 2578 aut
375 2515 481 2595 negari
493 2533 579 2596 possa
594 2515 671 2578 citra
685 2515 906 2596 abjurationem
921 2513 1053 2577 unitatis
1068 2515 1291 2591 Ecclesiastico,
1302 2524 1373 2590 etc,

91 2605 322 2667 excusabitura
338 2623 480 2678 censura,
496 2604 620 2667 etiamsi
639 2603 713 2666 forte
735 2623 797 2667 non
819 2608 1011 2666 excusatura
1025 2611 1156 2683 peccato
1170 2607 1323 2668 Caeterum
1340 2605 1375 2666 in

91 2693 201 2768 dubio,
220 2692 555 2756 utexcommunicatus
572 2693 732 2756 habendus
749 2692 894 2754 nouerit.
912 2695 983 2754 Haec
1003 2711 1021 2752 a
1040 2691 1237 2752 confessariis
1255 2697 1375 2754 attente

91 2781 316 2842 consideranda
330 2787 415 2850 sunt,
431 2785 478 2850 ut,
491 2781 583 2857 juata
602 2779 723 2856 sapiens
742 2782 870 2838 Petrum
891 2777 1093 2840 Remensium
1113 2794 1163 2836 an.
1181 2781 1259 2840 1857
1276 2777 1376 2838 moni-

93 2875 184 2937 tum,
202 2863 388 2943 quibusdam
402 2863 458 2924 liac
475 2871 580 2924 nostra
600 2865 738 2925 luctuosa
760 2867 847 2924 aetate
863 2865 999 2944 primum
1023 2862 1223 2924 conoeriebuis
1243 2865 1374 2944 quodum

93 2951 317 3020 eiecbountitus,
336 2955 386 3011 oia
398 2953 440 3012 cd
449 2949 725 3012 reconciliationem
739 2950 862 3032 facilior
874 2961 1040 3030 statuatur,
1052 2971 1146 3033 aeque
1159 2951 1322 3033 riqidiores
1333 2955 1375 3014 eis

94 3042 292 3124 imponuntur
304 3039 488 3102 conditiones
493 3083 502 3113 ,
514 3041 694 3120 priusquam
705 3037 746 3101 ad
760 3039 972 3102 absolutionem
986 3041 1184 3122 recipiuntur.

721 3195 750 3250 11

130 3327 241 3381 Omnes
254 3325 283 3378 et
302 3321 432 3394 singulos
448 3323 571 3378 scienter
590 3321 719 3392 legentes
737 3323 800 3378 sine
815 3321 984 3378 auctoritate
1003 3319 1087 3376 Sedis
1103 3321 1273 3394 apostolicae
1286 3320 1375 3378 libros

93 3405 262 3462 eorumdem
277 3404 472 3478 apostatarum
491 3403 521 3458 et
535 3401 734 3458 hereticorum
751 3402 885 3458 baeresim
902 3401 1133 3474 propugnantes,
1154 3415 1265 3458 necnon
1285 3401 1374 3458 libros

94 3485 227 3555 cujusvis
250 3483 376 3540 auctoris
397 3498 447 3556 per
470 3481 650 3556 Apostolicas
673 3483 795 3538 Litteras
817 3482 987 3538 nominatim
1005 3479 1179 3554 prohibitos3
1202 3481 1376 3552 eosdemque

94 3563 188 3620 libros
203 3565 375 3630 retinentes,
393 3563 592 3636 imprimentes
606 3564 635 3619 et
646 3562 858 3636 quomodolibet
872 3561 1066 3618 defendentes.

711 3641 775 3715 [Eur
789 3639 879 3698 Bulla
894 3641 999 3699 Coenae.
1015 3672 1051 3682 -
1065 3641 1079 3698 1
1093 3637 1249 3712 excomm.)

218 3771 510 3836 Praenotunda.

136 3909 207 3970 ote.
224 3943 264 3953 -
275 3909 298 3971 Ι.
313 3912 379 3972 Duo
391 3907 448 3971 hac
463 3907 596 3972 secunda
608 3926 736 3972 censura
752 3903 955 3988 probibentur
977 3903 1035 3970 sub
1054 3911 1146 3987 poena
1163 3906 1374 3970 excommuni-

97 3993 228 4060 cationis
243 3997 365 4078 speciali
381 3999 472 4060 modo
490 4004 667 4074 reservate
684 4016 723 4059 ne
736 3997 807 4078 quis
825 3995 948 4070 scilicet,
966 3996 1081 4076 absque
1095 3993 1274 4058 auctoritate
1289 3995 1374 4060 Sedis

97 4085 292 4164 Apostolicaa‚
307 4084 400 4165 legat,
417 4085 563 4162 retineat,
577 4085 738 4167 imprimat
749 4091 804 4147 aut
819 4083 1045 4165 quomodolibet
1060 4083 1200 4146 defendat
1213 4103 1220 4146 r
1235 4091 1267 4148 ι0
1281 4083 1375 4148 libros

96 4178 305 4252 apostatarum
331 4181 361 4236 et
388 4174 602 4237 haereticorum
627 4175 770 4237 haeresim
795 4179 1038 4254 propugnantes;
1058 4177 1092 4234 ιθ
1117 4172 1210 4236 libros
1238 4173 1375 4254 cujusvis

95 4261 227 4324 auctoris
245 4279 298 4342 per
313 4261 498 4343 apostolicas
519 4262 650 4325 Litteras
665 4262 852 4325 nominatim
866 4260 1045 4341 prohibitos.
1061 4260 1215 4324 -Lectio
1228 4280 1284 4342 per
1300 4279 1330 4321 se
1345 4265 1376 4322 et

92 4351 311 4432 priaupotuu·
324 4367 454 4413 censura
468 4349 614 4428 afficitur;
630 4351 773 4425 retentio,
789 4349 948 4431 impressio
967 4355 998 4411 et
1016 4347 1159 4424 defensio,
1176 4347 1375 4427 secundeum

94 4442 124 4501 et
136 4439 197 4501 duo
211 4438 314 4520 priora
327 4438 454 4521 quidem
465 4447 589 4522 propter
602 4440 808 4503 intrinsecum
828 4437 966 4501 ordinem
981 4455 1074 4518 quem
1087 4436 1202 4501 habent
1217 4437 1255 4500 ad
1270 4435 1371 4500 lectio-

95 4541 182 4602 nem,
208 4527 301 4590 etiam
324 4527 565 4609 independenter
587 4529 627 4592 ab
647 4527 819 4591 intentione
841 4525 1004 4590 retinentis
1021 4527 1069 4589 rel
1088 4525 1321 4607 imprimentis:
1338 4543 1376 4587 ex

99 4633 130 4676 se
149 4615 233 4680 enim
254 4617 415 4681 lectionem
433 4621 548 4700 juvant
566 4635 600 4681 ac
616 4623 812 4700 promovent3
826 4617 973 4691 alteram,
991 4633 1044 4678 seu
1059 4613 1206 4690 defensio,
1225 4618 1378 4696 quatenus
