3220 5042
199 207 267 267 118
726 217 935 264 reserares

199 333 259 396 bus
279 329 528 412 particularibus,
559 328 718 409 prohibere
741 329 774 390 id
797 330 878 409 quod
900 327 1119 390 consuetudine
1145 327 1311 390 universali
1333 325 1473 406 legitime

201 420 393 502 praescripta,
416 436 469 480 seu
490 418 554 496 lege
572 416 738 479 universali
758 417 896 479 Ecclesiae
916 416 1118 498 permittitur.
1140 420 1242 496 Neque
1267 416 1369 477 obstat
1389 418 1474 496 quod

201 508 354 590 oincitur,
380 525 489 586 nempe
509 523 678 586 repugnare
692 507 757 586 juri
781 505 904 580 divino,
921 512 959 567 ut
979 505 1048 585 quis
1065 505 1157 585 eligat
1177 503 1237 566 sibi
1263 503 1473 567 confessorem

201 597 267 658 sine
281 595 403 658 licentia
418 594 533 676 proprii
542 594 686 668 Pastoris,
702 594 733 656 id
747 594 830 656 enim
845 595 926 656 ultro
940 594 1129 668 conceditur;
1146 611 1254 656 verum
1269 592 1334 674 qui,
1344 595 1473 656 Summo

201 683 347 747 Pontifice
367 703 420 765 per
438 682 692 746 consuetudinem
713 683 919 746 universalem
939 681 1150 762 permittente,
1167 680 1391 744 confessarium
1411 682 1473 745 sibi

200 773 301 853 eligit,
317 792 379 836 non
393 791 465 835 eum
480 772 565 851 eligit
577 771 643 834 sine
656 771 779 834 licentia
792 773 918 854 proprii
929 772 1075 842 Pastoris.
1093 807 1132 816 -
1152 770 1224 834 Vide
1237 780 1334 832 tamen
1345 771 1474 833 dicenda

114 863 118 870 '
204 861 261 944 ins.
276 883 307 923 u.
324 865 394 926 583.

243 951 344 1025 Qum.
357 955 408 1014 {5⁰
422 951 473 1012 An
484 967 726 1013 succunssmsrn
740 953 773 1010 in
788 949 890 1012 Gallia
896 949 1111 1030 jurisdictione
1124 949 1283 1011 ordinaria
1297 949 1475 1030 gaudeant?

243 1039 335 1121 Besp.
352 1040 375 1099 A
378 1039 490 1121 sfirm„
505 1045 579 1101 sunt
592 1039 677 1101 enim
689 1039 815 1101 Parochi
829 1037 949 1120 proprie
963 1038 1052 1114 dicti,
1069 1045 1101 1101 et
1114 1057 1187 1100 cura
1200 1038 1379 1100 animarum
1397 1039 1473 1119 ipsis

204 1128 421 1204 committitur,
447 1147 509 1190 non
532 1135 681 1208 tanquam
706 1127 832 1189 alterins
856 1126 1002 1203 Vicariis,
1026 1128 1078 1189 sed
1099 1125 1219 1208 proprio
1241 1125 1366 1189 nomine
1390 1147 1474 1190 exer-

204 1219 307 1280 cenda.
324 1221 459 1280 Tenetur
473 1234 576 1296 reapse
588 1216 826 1295 Succursalista,
850 1235 905 1278 seu
920 1215 1108 1289 Deseruitor,
1125 1217 1204 1277 sicut
1216 1215 1375 1296 praecipuae
1387 1235 1476 1296 paro-

205 1307 281 1370 chiae
303 1311 418 1380 Recurr,
443 1325 482 1367 ex
506 1304 602 1367 officio
624 1307 818 1367 Sacramenta
842 1303 973 1366 subditis
994 1305 1059 1366 suis
1084 1303 1276 1380 ministrare;
1302 1311 1331 1364 et
1357 1305 1475 1368 subditi

205 1395 342 1467 uicissim
354 1396 392 1456 ad
406 1394 510 1474 ipsum
523 1411 677 1456 recurrere
691 1393 802 1455 debent
816 1394 851 1456 in
870 1393 979 1454 iisdem
992 1391 1113 1455 casibus
1125 1393 1158 1454 in
1174 1392 1287 1474 quibus
1299 1394 1475 1474 parochiani

205 1483 362 1565 proprium
382 1483 565 1558 Parochum,
587 1489 618 1544 et
636 1499 698 1544 non
711 1481 807 1544 alium
822 1483 938 1561 dejure
952 1481 1035 1543 adire
1052 1482 1178 1556 debent,
1195 1501 1225 1543 v.
1241 1501 1299 1561 gr.,
1315 1483 1353 1544 ad
1368 1482 1475 1545 matri·

206 1571 349 1634 monium
363 1572 550 1644 ineundum,
567 1570 821 1633 communionem
836 1568 1008 1632 Paschalem
1028 1570 1247 1651 recipiendam,
1266 1575 1371 1632 etc—
1382 1572 1474 1634 Gaus-

207 1670 267 1739 set,
284 1681 316 1722 n.
332 1665 402 1724 tte.
414 1695 454 1707 -
466 1660 600 1736 Vernier,
618 1681 650 1722 n.
663 1658 811 1722 sta-D.
824 1657 943 1736 Boura,
956 1667 1044 1720 tract.
1062 1659 1098 1720 de
1110 1659 1262 1736 Percelna,
1276 1679 1312 1740 p.
1330 1665 1401 1734 337,
1417 1667 1471 1722 etc.

248 1752 349 1826 011111.
368 1754 420 1812 16ο
435 1750 488 1810 An
507 1747 637 1830 simplex
657 1746 808 1808 Sacerdos
824 1748 921 1830 possit
934 1747 1083 1809 absoluere
1102 1749 1279 1828 nauigantes
1293 1749 1325 1808 in
1343 1749 1472 1822 Oceano,

208 1839 256 1903 uel
267 1859 287 1900 a
300 1859 359 1921 quo
374 1837 536 1900 obtinenda
548 1838 590 1899 sit
601 1835 804 1918 approbatio?

246 1929 338 2010 desp.
358 1934 407 1991 1⁰:
425 1927 486 1989 Per
498 1947 528 1988 se
543 1925 650 2008 nequit
661 1926 832 1999 absolvere,
848 1925 910 1987 nisi
929 1926 962 1988 in
981 1926 1113 2006 periculo
1131 1926 1280 2005 probabili
1297 1927 1422 2000 mortis,
1440 1933 1475 1988 ut

210 2036 303 2098 supra
316 2017 433 2079 dictum
448 2021 514 2078 est:
531 2015 604 2096 quia
616 2014 765 2094 ejusmodi
780 2015 921 2076 Sacerdos
933 2020 1020 2076 extra
1033 2014 1123 2077 illum
1137 2033 1242 2076 casum
1263 2015 1369 2095 quavis
1379 2015 1477 2095 juris-

208 2106 339 2169 dictione
353 2112 444 2168 caret.

248 2194 337 2276 desp.
353 2198 407 2256 2⁰:
431 2197 477 2255 Ex
495 2191 716 2254 consuetudine
738 2191 904 2253 universali
921 2192 1090 2272 requiritur
1112 2197 1143 2254 et
1162 2191 1275 2255 sufficit
1301 2193 1477 2274 approbatio

209 2281 348 2364 Episcopi
358 2280 425 2355 loci,
440 2299 458 2342 a
473 2299 533 2361 quo
547 2278 714 2359 suscipitur
727 2279 896 2358 navigatio;
913 2299 950 2342 ex
964 2280 1183 2343 consuetudine
1197 2281 1282 2343 enim
1303 2282 1374 2344 talis
1394 2280 1480 2362 Epis-

209 2388 300 2450 copus
314 2369 487 2432 facultatem
501 2368 593 2429 habet
607 2368 795 2430 Sacerdotem
815 2367 1036 2447 navigaturum
1055 2369 1259 2450 approbandi,
1276 2378 1307 2432 et
1321 2370 1478 2450 delegandi
1603 2367 1604 2384 ¹

209 2476 263 2539 pro
284 2464 348 2520 toto
367 2455 571 2535 navigationis
592 2461 737 2534 tempore.
754 2455 860 2517 -lta
879 2458 1077 2518 communiter
1101 2477 1167 2519 cnm
1189 2458 1330 2539 Bouuier,
1349 2460 1366 2539 ξ
1384 2463 1418 2534 5,
1445 2462 1479 2519 in

209 2545 287 2628 fine,
309 2552 340 2608 et
365 2545 501 2607 decisum
523 2542 584 2606 fuit
604 2562 622 2605 a
646 2547 755 2625 Gongr.
772 2547 802 2606 S.
824 2541 893 2620 off,
918 2546 1005 2626 plene
1023 2548 1208 2627 approbante
1227 2567 1262 2610 ac
1280 2548 1481 2610 confirmante

209 2636 260 2699 SS.
277 2637 311 2696 D.
328 2639 360 2697 P.
377 2633 429 2696 Pio
443 2636 494 2708 IX,
510 2631 544 2694 in
558 2650 637 2713 resp.
654 2633 692 2694 ad
707 2633 807 2713 Episc.
824 2637 1051 2697 Nannetensem
1066 2641 1118 2697 17Ι
1132 2638 1223 2698 Mart.
1241 2640 1328 2710 1869,
1343 2655 1397 2716 pro
1411 2654 1480 2697 om-

210 2722 304 2787 nibus
318 2722 528 2786 Sacerdotibus
542 2721 777 2802 navigantibus,
794 2722 958 2804 usquedum
975 2727 1155 2805 perueniant
1171 2725 1213 2786 ad
1225 2725 1316 2787 ἰοειιπι
1334 2725 1388 2785 uti
1400 2724 1481 2785 alius

210 2813 366 2895 Superior
382 2812 596 2875 ecclenastieus
605 2810 820 2891 jurisdictione
830 2811 952 2894 pollens
966 2820 1140 2875 constitutus
1153 2817 1206 2876 sit.

251 2907 320 2966 566.
333 2937 372 2947 -
389 2903 489 2977 Quen.
506 2906 558 2963 17ο
577 2901 629 2961 An
646 2899 809 2982 Capellani
831 2901 961 2963 militurn
979 2921 1026 2964 eos
1048 2902 1159 2984 ubique
1179 2905 1242 2964 sine
1262 2903 1480 2985 approbatione

208 2991 364 3073 Episcopi
379 2989 434 3052 loci
450 2989 603 3051 absolvere
614 2990 755 3071 possint?

253 3081 342 3162 Hesp.
363 3085 394 3142 1ο
413 3081 437 3141 Α
443 3080 554 3160 sfinn,
573 3077 600 3140 si
618 3077 785 3158 specialiter
807 3078 872 3141 sint
885 3079 1013 3159 delegati
1035 3085 1195 3145 aSummo
1209 3081 1354 3144 Pontifice
1373 3081 1412 3144 ad
1429 3099 1481 3142 cu-

212 3187 280 3232 ram
294 3169 486 3250 spiritualem
501 3167 654 3242 militum,
671 3171 725 3228 aut
739 3185 756 3229 a
771 3168 929 3247 Capellano
943 3169 1051 3250 majori
1065 3189 1083 3231 a
1098 3173 1178 3251 Papa
1190 3170 1365 3250 approbato.

252 3258 343 3341 desp.
357 3262 411 3320 2⁰:
427 3257 460 3320 Si
474 3275 545 3319 vero
562 3256 618 3318 hac
640 3255 762 3336 speciali
781 3256 968 3336 delegatione
987 3263 1122 3332 careant,
1140 3265 1269 3338 possunt
1288 3258 1414 3340 quidem
1427 3275 1484 3320 au-

214 3346 279 3410 dire
292 3345 491 3409 confessiones
505 3345 540 3406 in
559 3343 681 3406 diecesi
700 3343 839 3426 Episcopi
859 3345 1070 3426 approbantis,
1087 3353 1118 3409 et
1137 3346 1231 3410 etiam
1250 3355 1334 3409 extra
1348 3347 1432 3408 illam
1447 3346 1482 3406 in

214 3435 325 3500 itinere
338 3435 417 3498 etin
432 3433 539 3496 castris
551 3452 589 3495 ex
604 3433 696 3495 tacito
711 3451 860 3496 consensu
874 3434 1102 3514 Episcoporum,
1119 3443 1156 3498 ut
1169 3440 1253 3516 patet
1269 3454 1304 3498 ex
1319 3439 1484 3496 consuetu-

215 3525 287 3588 dine
301 3523 483 3596 universali;
500 3541 560 3585 non
579 3524 708 3603 possunt
722 3526 827 3584 tamen
846 3522 945 3585 aalide
960 3523 1114 3586 absolvere
1128 3524 1161 3586 in
1181 3523 1364 3587 stationibus
1378 3541 1433 3586 nec
1447 3521 1483 3584 in

215 3612 368 3695 praesidiis
389 3611 454 3674 sine
473 3611 596 3673 licentia
616 3609 756 3690 Episcopi
775 3609 847 3685 loci,
865 3611 937 3691 quia
956 3611 1074 3674 nullam
1092 3613 1207 3675 babent
1222 3610 1481 3694 Jurisdictionem.

215 3705 340 3766 6111111
354 3719 392 3763 ex
405 3698 500 3762 variis
514 3697 771 3761 Declarationibus
787 3698 822 3760 S.
839 3697 1091 3779 Conprepationis
1105 3719 1182 3782 quas
1196 3699 1286 3763 refert
1303 3700 1342 3764 P.
1364 3701 1395 3762 Z
1397 3699 1485 3762 aeba-

214 3794 265 3852 ria
278 3791 358 3871 apud
373 3788 516 3867 Lacroia,
536 3808 567 3848 n.
585 3790 673 3850 1618.
689 3819 730 3832 -
748 3786 823 3848 Vide
835 3787 929 3849 etiam
943 3786 977 3848 S.
1000 3789 1117 3872 Lipara,
1140 3809 1171 3851 n.
1194 3793 1263 3867 577,
1280 3825 1320 3836 -
1337 3790 1482 3866 Bouuier,

216 3879 251 3942 de
264 3879 511 3962 Approdatioue,
524 3912 563 3922 —
577 3875 696 3951 Bonis,
710 3873 747 3936 de
760 3875 900 3937 Parocdo
907 3923 916 3955 ,
933 3895 963 3956 p.
980 3881 1035 3953 66,
1050 3885 1107 3941 etc.

735 4052 926 4116 APPENDIX
953 4055 966 4114 1

455 4201 492 4244 oa
512 4195 730 4245 sonrsnrcnona
751 4197 787 4242 11
807 4197 1032 4244 111111111111
1052 4201 1244 4248 1111111111

257 4327 433 4407 RegulareS,
449 4327 567 4410 ratione
584 4325 817 4407 privilegiorum
835 4331 867 4388 et
886 4325 1071 4392 immediata
1091 4330 1299 4411 dependentia
1317 4349 1335 4392 a
1358 4333 1487 4394 Summo

215 4414 580 4570 pffifiscoffipcpluribus
595 4415 693 4498 quoad
705 4413 952 4498 jurisdictionem
967 4415 1116 4481 differunt
1129 4437 1147 4482 a
1162 4419 1374 4484 Sacerdotibus
1393 4437 1486 4484 saecu-
