3224 5044
217 239 286 298 304
751 245 961 290 reaumaus

218 361 304 423 Rom.
321 361 382 424 Sed
392 361 456 422 haee
470 359 509 422 ad
526 357 705 430 lieeitatem,
721 375 784 420 nou
797 375 868 420 vero
888 357 927 418 ad
947 355 1139 419 validitatem
1158 355 1324 436 pertinent.
1340 359 1376 418 ln
1393 376 1501 422 mem-

216 449 281 513 bris
294 455 397 511 autem
412 446 542 528 geminis
557 445 705 526 incipitur
719 465 736 507 a
750 447 873 519 dextro,
888 464 918 506 v.
934 463 993 524 gr,
1009 444 1047 506 ab
1062 445 1146 507 oculo
1166 445 1288 520 dextre,
1302 451 1360 508 eta.
1374 483 1414 492 -
1425 447 1498 510 Hit.

218 539 306 601 Rom.

258 632 328 691 680.
344 663 385 672 -
399 629 501 701 Quart.
518 626 550 688 8⁰
562 625 613 686 Aa
626 623 663 684 de
676 627 851 686 necessitate
871 619 1061 684 Sarramenti
1081 623 1246 684 seruandus
1264 623 1306 683 sit
1321 623 1397 685 ordo
1413 625 1501 688 iuter·

218 720 371 778 uariorum
383 733 519 776 sensuum
534 715 706 774 unctiones?

259 805 350 886 Resp.
367 803 443 884 Nep.
462 802 548 866 Ratio
568 809 629 876 est,
646 801 718 883 quia
741 800 919 883 hujusmodi
939 799 1072 862 inversio
1093 799 1224 862 minime
1242 799 1371 882 impedit
1391 804 1501 866 Sacra-

219 893 318 956 menti
346 891 611 972 significationem.
636 893 782 953 Attamen
809 890 1014 952 communiter
1037 889 1143 952 dieunt
1167 890 1259 951 talem
1285 889 1499 954 inversionem

221 1001 285 1045 esse
305 981 439 1062 graviter
457 978 613 1054 illicitam,
630 979 704 1060 quia
721 985 768 1041 est
788 984 895 1041 eontra
915 995 1009 1040 usum
1028 977 1166 1040 Ecclesia
1188 977 1223 1039 in
1246 996 1278 1039 re
1298 977 1437 1042 notabili.
1455 1017 1500 1026 —

218 1070 252 1132 S.
271 1071 353 1152 Ltq„
371 1091 403 1130 u.
419 1073 494 1143 710,
512 1069 544 1128 iu
557 1068 632 1148 fiae,
650 1075 706 1131 eto.

259 1162 361 1234 Quen.
373 1162 407 1220 9⁰
419 1156 466 1217 Aa
476 1159 575 1237 possit
585 1157 721 1238 conferri
734 1157 886 1219 Extrema
903 1155 1013 1220 Ursatio
1027 1156 1125 1234 mutis,
1135 1154 1233 1216 surdis
1244 1164 1273 1215 et
1287 1156 1370 1217 raas
1383 1175 1402 1216 a
1416 1159 1498 1218 uati-

220 1249 332 1310 uitale?

260 1337 349 1415 Hesp.
365 1335 390 1396 A
395 1333 512 1415 ffirm.,·
525 1338 655 1416 possunt
672 1333 757 1395 enim
777 1333 888 1414 inungi
910 1352 1002 1414 prope
1020 1351 1133 1414 organa
1150 1332 1263 1413 quihus
1277 1339 1403 1395 carent:
1421 1353 1496 1396 nam

220 1425 277 1486 etsi
289 1423 424 1486 exterius
437 1443 490 1504 per
503 1423 555 1485 illa
569 1441 631 1485 non
643 1423 844 1502 peooaverint,
855 1441 907 1503 per
918 1421 1076 1484 interiores
1091 1429 1196 1486 tamen
1207 1421 1320 1485 animae
1329 1423 1493 1502 potentiae,

223 1513 336 1593 quibus
350 1529 385 1573 ea
399 1511 597 1592 respondent,
613 1528 734 1590 peceare
748 1516 926 1591 potuerunt.

260 1605 330 1664 ost.
346 1637 387 1646 —
398 1603 499 1675 Quina.
518 1605 570 1663 10ο
587 1599 737 1674 Quomodo
751 1599 909 1680 uupoudus
925 1603 966 1660 sit
985 1599 1126 1681 infirmus
1142 1617 1234 1660 mauu
1251 1599 1301 1660 vel
1313 1599 1390 1682 pede
1407 1611 1496 1661 trun-

221 1699 321 1768 catus,
338 1691 414 1750 eto?
779 1707 784 1716 ·

262 1778 351 1860 Hesp.
360 1797 373 1838 .·
387 1777 497 1840 Unetio
509 1776 645 1839 facienda
658 1777 750 1839 estin
764 1783 850 1858 parte
862 1775 1004 1839 viciniori
1025 1777 1163 1839 membro
1178 1776 1337 1852 mutilato;
1354 1779 1396 1840 sio
1409 1778 1494 1840 euim

221 1867 357 1950 loquitur
371 1866 491 1931 Rituale
507 1871 609 1930 Rom:
620 1866 659 1928 Si
680 1867 747 1948 quis
759 1868 801 1927 sit
814 1867 919 1947 aliquo
934 1866 1064 1928 membro
1078 1865 1254 1941 mutilatus,
1266 1886 1344 1948 pars
1363 1867 1425 1928 loeo
1445 1865 1494 1927 illi

217 1958 365 2038 proxima
379 1955 556 2035 irrumpatur,
573 1955 676 2017 eadem
690 1955 848 2017 uerborum
860 1955 974 2036 forma.

261 2049 362 2122 Quen.
379 2051 431 2106 ll⁰
445 2046 496 2105 Aa
508 2065 571 2104 una
584 2043 648 2105 sola
661 2053 748 2126 putta
761 2043 820 2105 olei
836 2043 973 2126 suspiciat
987 2043 1028 2105 ad
1039 2045 1192 2105 unctiones
1202 2042 1373 2125 sariendus?

262 2135 349 2215 Itesp.
363 2132 488 2214 Affirm.
500 2132 694 2215 probabilius
715 2134 802 2196 Ratio
816 2139 878 2206 est,
895 2133 969 2212 quia
983 2133 1038 2214 qui
1056 2133 1147 2212 ungit
1160 2151 1223 2194 une
1237 2137 1325 2212 gutta
1337 2131 1409 2205 olei,
1422 2151 1495 2196 vere

222 2222 326 2302 ungit3
344 2222 445 2283 oleum
471 2221 555 2282 enim
577 2221 661 2300 plue,
686 2239 779 2300 quam
803 2221 855 2282 alii
877 2220 1020 2301 liquores,
1044 2220 1240 2283 diffunditur.
1257 2257 1297 2266 —
1311 2221 1406 2283 ItoS.
1423 2223 1493 2302 Lip.

219 2310 423 2392 probabilius,
444 2309 592 2381 Laeroia,
606 2330 636 2370 a.
656 2313 751 2384 auat,
768 2318 796 2370 el
817 2309 872 2370 alii
892 2311 1085 2370 communias.
1101 2345 1140 2354 —
1160 2311 1277 2390 Negant
1295 2316 1400 2373 aulem
1420 2329 1495 2372 non-

221 2398 314 2472 uulli;
331 2397 405 2476 quia
417 2414 530 2474 ungere
544 2403 591 2458 est
605 2396 703 2458 oleum
721 2415 775 2478 per
789 2397 891 2459 varias
907 2404 1007 2478 partes
1022 2396 1207 2473 diffundere,
1223 2399 1306 2478 quod
1320 2417 1382 2460 uon
1395 2399 1429 2460 fit
1443 2417 1495 2479 per

222 2485 347 2548 unitam
362 2483 419 2545 olei
431 2484 558 2566 stillam.
571 2485 628 2546 Sed
642 2484 842 2565 respondetur
854 2485 989 2547 diffundi
1004 2487 1105 2549 oleum
1116 2505 1169 2568 per
1183 2487 1284 2548 varias
1298 2493 1410 2566 partes,
1424 2505 1494 2550 oum

222 2571 358 2654 quinque
373 2589 480 2634 sensus
494 2577 666 2653 unguntur,
683 2572 805 2635 etiamsi
819 2573 925 2636 eadem
940 2574 1021 2636 stilla
1037 2575 1229 2637 adhibeatur.
1242 2577 1277 2636 ln
1290 2574 1376 2654 praxi
1393 2575 1495 2637 tutius

222 2668 283 2737 est,
299 2665 330 2723 et
341 2666 421 2724 oerte
438 2659 549 2723 sufficit
562 2679 616 2741 pro
630 2662 730 2724 valore
751 2663 938 2724 Sacramenti
952 2661 1104 2742 intingere
1116 2663 1150 2724 in
1165 2663 1228 2724 oleo
1242 2669 1409 2725 extremam
1422 2681 1494 2742 par-

223 2759 285 2812 tem
299 2749 389 2830 digiti
403 2751 442 2811 ad
457 2750 592 2830 singulas
604 2749 775 2825 unotioneS,
790 2750 943 2831 speciales,
957 2770 1026 2832 quae
1040 2751 1096 2813 sub
1109 2751 1239 2832 repetita
1251 2749 1451 2814 formabunt.

263 2843 364 2915 Quen.
380 2843 432 2902 tm
448 2838 555 2900 Utrum
570 2849 703 2921 tempore
714 2841 819 2922 pestis,
830 2849 884 2901 aut
899 2841 1030 2922 alicujus
1041 2840 1138 2902 morbi
1156 2841 1324 2922 coutapiosi
1338 2839 1426 2903 liceat
1440 2861 1495 2902 ua-

223 2931 333 2991 etioues
351 2948 453 2990 sacrm
463 2948 627 3010 perapore,
645 2927 967 3011 mediantepenieillo?

263 3019 350 3100 Hesp.
367 3016 506 3099 Aspim,
522 3019 629 3080 saltem
639 3017 828 3100 probabilius
839 3037 877 3080 ex
891 3019 1052 3081 Benedieto
1066 3021 1145 3092 XIV,
1161 3017 1215 3099 qui
1229 3018 1345 3082 multos
1359 3025 1492 3082 auctores

222 3107 311 3170 affert
324 3124 378 3187 pro
389 3105 447 3170 hae
461 3106 621 3169 sententia.
639 3107 700 3187 (De
718 3106 858 3189 Spuodo,
879 3107 900 3168 l.
917 3109 1000 3182 Xlll,
1018 3129 1043 3168 a.
1060 3107 1135 3189 xix.)

724 3303 939 3367 ARTICULUS
958 3305 985 3364 ll

603 3449 641 3492 uu
662 3447 762 3492 eoum
783 3449 933 3494 manuum
956 3449 1112 3494 unoarorus

263 3597 332 3659 682.
349 3627 388 3638 -
402 3597 513 3656 Forma
526 3595 677 3656 Extremae
699 3592 859 3657 Unctiouis
877 3594 941 3657 haeo
955 3597 1000 3656 est
1013 3613 1020 3656 ε
1035 3593 1099 3656 Per
1117 3595 1207 3655 istum
1221 3601 1358 3655 sauciam
1372 3593 1494 3653 unctio·

222 3703 290 3746 uem
305 3693 334 3744 et
343 3703 429 3744 suam
440 3683 613 3764 piissimam
625 3681 864 3744 misericordiam
878 3683 1033 3766 iudulpeat
1049 3684 1105 3745 tibi
1118 3682 1264 3746 Dominus
1278 3679 1431 3766 quidquid
1442 3701 1496 3763 per

224 3773 318 3836 uuam
333 3771 475 3853 (inuncto
498 3770 598 3846 oottlo,
619 3774 649 3832 et
667 3769 711 3832 sio
731 3771 767 3833 de
790 3771 874 3854 aliis)
894 3771 1062 3854 deliquisti.
1082 3775 1205 3835 Constat
1223 3791 1259 3835 ex
1283 3770 1376 3834 Cone.
1393 3769 1492 3848 Trea,

223 3881 291 3922 sess.
306 3863 384 3936 XIV,
401 3880 427 3922 a.
444 3858 480 3921 de
497 3859 650 3922 Extrema
671 3856 833 3940 Uocu'one,
855 3867 886 3923 et
904 3879 943 3924 ex
960 3861 1023 3923 nte.
1046 3861 1131 3922 Rom.
1149 3866 1259 3925 Forma
1278 3860 1398 3941 integre
1413 3877 1494 3940 repe-

225 3948 316 4010 tenda
327 3955 374 4012 est
391 3949 429 4012 ad
450 3945 586 4028 singulas
600 3951 699 4028 partes
714 3950 887 4028 ungendae,
907 3949 1103 4030 exprimendo
1119 3950 1311 4024 membrum,
1326 3949 1408 4030 quod
1423 3955 1494 4012 tunc

223 4035 397 4134 ipungitur,
413 4055 522 4117 nempe
537 4038 701 4119 pervisum
718 4039 860 4118 ungendo
872 4038 983 4114 esulae,
997 4059 1056 4120 per
1075 4038 1212 4102 auditum
1228 4037 1262 4100 in
1279 4037 1426 4100 unctione
1442 4055 1493 4098 au-

226 4139 325 4200 num,
341 4131 396 4186 eto.

346 4279 540 4356 Quaeslta.

265 4419 486 4493 wli—Quam
499 4423 530 4479 l·
541 4417 593 4478 Au
605 4417 842 4480 adualiditatem
857 4418 1056 4482 Sacrameuti
1076 4423 1253 4504 requiratur
1271 4420 1425 4502 expressio
1441 4437 1496 4479 cu-

219 4503 348 4585 juslibet
359 4524 476 4580 sensus,
489 4505 614 4581 seilicet,
633 4524 689 4568 run
703 4525 811 4583 mauu,
825 4525 882 4572 em
894 4525 1045 4584 surtran,
1062 4512 1138 4572 eta?
