3180 5040
427 269 470 314 nn
491 267 746 314 innonoanrrrs
767 270 810 314 nr
831 269 984 314 rontano
1272 257 1341 318 l99

118 386 277 459 Qennl3⁰
292 383 342 444 Aa
361 383 428 464 qais
448 380 545 443 eodem
567 389 652 460 actu,
674 400 725 442 sca
744 398 852 462 opere,
869 379 975 463 plures
997 379 1209 464 Indulgentiae
1228 381 1348 446 lucrari

101 476 181 535 aaut?

81 495 98 556 q
117 564 201 644 Hesp.
219 567 250 622 t⁰
265 559 406 641 Africa,
423 559 450 621 si
471 577 548 640 opus
566 559 780 640 prescriptum
798 559 894 639 repeti
907 577 968 622 non
985 559 1095 641 possit,
1110 566 1164 624 aut
1179 579 1241 624 non
1254 563 1348 626 soleat

81 651 176 714 eadem
190 651 237 711 die
251 651 464 730 utjejuniam,
483 650 669 726 contutante,
685 653 754 722 etc,
769 652 799 710 et
812 655 993 711 concurrant
1007 650 1134 713 diversae
1148 651 1347 732 Indulgentiae

79 739 242 813 lucranda,
260 755 290 800 v.
306 755 364 818 gr,
381 736 581 817 Indulgentiae
596 737 788 800 diversarum
804 735 1112 814 confraternitatum,
1127 740 1174 802 vel
1190 739 1285 804 ailina
1302 741 1348 804 di-

81 828 173 891 versis
184 826 325 901 ecclesiis,
342 843 380 888 ex
394 825 520 887 dirersis
536 827 649 906 titulis,
666 826 809 888 eteoclem
824 826 872 886 die
889 843 1046 890 concessae.

120 918 206 998 Rrrp.
222 920 254 978 2⁰
268 915 359 997 Nega,
375 933 461 986 vero,
483 914 510 976 si
533 921 714 976 concurrant
735 915 935 994 Indulgentiae
955 917 1056 978 eodem
1077 917 1179 997 titula,
1196 937 1227 981 v.
1246 937 1304 1000 gn,
1324 918 1351 981 si

81 1005 149 1088 quis
166 1005 274 1068 babeat
289 1005 349 1066 duo
361 1003 568 1077 numismata,
582 1021 714 1083 qnorum
730 1002 859 1082 singulis
878 1005 1069 1084 Indulgentia
1082 1007 1177 1068 unios
1192 1009 1265 1070 anni
1281 1026 1354 1072 con·

80 1113 162 1158 cessa
182 1101 228 1155 est
248 1111 319 1155 cum
340 1110 430 1154 onere
453 1109 579 1171 opernm
603 1091 808 1166 iterabilinni;
829 1098 904 1154 tunc
922 1092 1006 1154 enim
1027 1094 1129 1174 plures
1152 1095 1352 1176 Indulgentiae

80 1181 172 1244 stertat
186 1181 287 1243 eodem
300 1190 431 1263 tempore
444 1180 577 1243 obtineri
590 1185 758 1260 nequeunt,
774 1179 834 1242 nisi
849 1199 938 1260 opera
952 1181 1090 1262 injuncta
1107 1183 1266 1259 iterentur,
1279 1185 1353 1264 quia

79 1273 150 1334 talis
162 1274 301 1334 censetur
315 1289 379 1333 esse
393 1287 482 1332 mens
496 1268 702 1344 concedentis,
719 1287 791 1332 cum
808 1269 952 1349 injungat
968 1288 1058 1350 opera
1077 1289 1145 1352 qnae
1163 1272 1269 1336 iterari
1285 1291 1353 1354 pos-

79 1367 164 1424 sunt.
177 1396 217 1406 -
232 1361 282 1420 lta
296 1379 366 1421 curn
388 1358 472 1434 Voit,
489 1379 519 1419 n.
537 1362 610 1432 655,
628 1363 682 1420 etc.

120 1454 208 1513 lton.
225 1485 267 1495 -
282 1451 382 1524 Qonn.
401 1453 453 1510 *tto
469 1449 519 1509 An
530 1449 653 1530 possint
667 1448 786 1529 acquiri
801 1447 906 1530 pleros
927 1448 1128 1532 Indulgentiae
1145 1451 1295 1532 plenariae
1309 1472 1355 1514 eo·

80 1540 146 1601 dem
161 1539 230 1600 die?

120 1627 210 1709 Hesp.
229 1633 261 1690 l⁰
277 1646 283 1687 :
299 1630 395 1690 Nemo
407 1629 504 1706 potest
518 1625 630 1688 lucrari
650 1627 815 1689 secundam
830 1626 1055 1706 indulgentiam
1077 1630 1183 1692 eodem
1203 1635 1353 1710 tempore,

80 1717 106 1780 si
121 1723 190 1798 post
203 1715 338 1796 primam
350 1716 434 1776 nulla
447 1733 536 1794 poena
550 1715 660 1776 luenda
675 1715 810 1794 anrplius
824 1722 991 1778 remaneat.

122 1807 210 1886 Resp.
224 1809 257 1866 2⁰
270 1823 276 1864 :
290 1805 380 1865 Serus
394 1805 511 1881 affirm.
530 1803 677 1864 Probatur
697 1821 734 1863 ex
753 1803 867 1865 recenti
886 1803 1041 1866 Decisione
1056 1804 1091 1867 S.
1108 1804 1269 1887 Conpraq„
1288 1823 1355 1886 qum

81 1894 125 1958 sic
137 1893 248 1956 habet:
263 1892 310 1953 Ad
322 1891 523 1971 postulatum,
542 1912 557 1949 a
580 1892 629 1952 An
644 1890 747 1953 eodem
763 1891 811 1953 die
826 1892 935 1954 lucrari
947 1893 1065 1972 possint
1078 1893 1180 1974 plures
1194 1895 1357 1974 Indulgen-

82 2008 97 2042 (ι
123 1981 358 2062 nepissana,
382 1980 504 2060 quando
526 1997 580 2059 pro
602 1997 787 2060 unaquaque
810 1981 986 2062 praescripta
1008 1987 1054 2044 est
1075 1982 1225 2063 perceptio
1243 1983 1357 2046 divinae

82 2096 97 2132 a
121 2069 345 2133 Eucharistiae?
365 2092 380 2128 a
402 2073 593 2148 Responsum
612 2070 641 2130 S.
665 2069 936 2148 congregationis:
956 2093 971 2129 a
997 2071 1208 2153 Affirmatiae,
1232 2073 1358 2134 servatis

80 2185 95 2221 a
120 2171 223 2221 tantan
237 2162 400 2240 respective
417 2158 487 2218 aliis
506 2159 655 2239 appositis
674 2158 906 2220 conditionibus.
922 2163 962 2222 t'l
975 2159 1054 2222 Maii
1068 2179 1148 2222 anno
1162 2165 1250 2224 latr.
1266 2184 1280 2219 a
1297 2163 1358 2224 An-

79 2259 129 2313 tea
144 2248 365 2328 dispntabatnr
379 2247 412 2308 in
428 2246 548 2308 scholis.
562 2246 623 2308 Alii
636 2247 800 2328 negabant,
813 2248 918 2310 saltem
931 2249 1122 2330 plerumque,
1132 2249 1205 2330 qnia
1216 2255 1358 2313 domnin-

77 2339 141 2414 ni0‚
157 2355 229 2419 quae
245 2337 319 2399 solet
334 2335 503 2416 generatim
517 2335 673 2415 praescribi
685 2337 722 2398 ad
738 2337 965 2416 indulgentiam
983 2338 1171 2412 lucrandam,
1188 2339 1293 2400 eadem
1311 2337 1360 2401 die

79 2427 177 2508 repeti
199 2445 263 2489 non
281 2431 389 2505 potest.
405 2423 607 2486 Affirmabant
630 2423 697 2498 alii,
715 2425 787 2504 quia
805 2426 986 2488 Communia
1005 2444 1068 2489 non
1086 2426 1147 2488 fnit
1164 2427 1310 2506 imposita
1324 2433 1361 2489 ut

78 2536 158 2598 opus
175 2515 425 2594 adimplendum,
442 2514 493 2576 sed
512 2515 615 2593 potins
635 2519 784 2595 tanquam
805 2513 938 2577 conditio
963 2515 1130 2578 necessaria
1146 2515 1185 2578 ad
1203 2516 1361 2596 indulgen-

79 2607 161 2668 tiam
182 2605 372 2667 lucrandam.
387 2604 446 2667 Sed
464 2602 697 2682 superveniente
713 2602 840 2682 prrelata
859 2603 1014 2666 Decisione
1035 2604 1072 2666 lis
1092 2604 1194 2667 omnis
1209 2603 1360 2670 demedio

77 2695 274 2846 sullatltg.es-t'
283 2781 383 2853 Qonn.
402 2784 453 2844 lb>
467 2779 515 2839 Aa
529 2779 579 2839 acl
589 2779 688 2859 qualis
704 2779 832 2839 intentio
842 2777 1020 2858 requiratur
1032 2778 1073 2838 ad
1084 2779 1244 2840 lucrandos
1254 2778 1361 2840 Indul-

98 2864 222 2931 antias?

73 2893 214 3038 qllesp.
241 2961 273 3018 1⁰
296 2972 302 3014 :
324 2957 412 3017 Gerto
437 2953 606 3034 requiritur
635 2953 766 3019 intentio
795 2954 903 3017 saltem
928 2954 1080 3032 virtualis,
1110 2955 1229 3037 quoties
1255 2957 1363 3019 Indul-

77 3046 190 3129 gentia
204 3043 380 3107 conceditur
394 3061 465 3106 cnm
485 3047 564 3106 certa
584 3042 756 3106 intentione
775 3041 834 3107 sibi
848 3045 1056 3124 proponenda;
1071 3061 1157 3108 secus
1174 3045 1259 3108 enim
1278 3045 1363 3108 nulla

77 3141 173 3201 osset.

122 3227 219 3306 Besp.
236 3227 269 3286 2⁰
286 3242 293 3284 :
310 3225 345 3286 ln
359 3222 475 3286 ceteris
489 3221 624 3296 casibus,
642 3221 888 3285 contmvertitur.

123 3315 159 3376 1⁰
178 3312 352 3386 Sententia,
370 3331 438 3392 quae
453 3310 637 3392 probabilior
650 3311 782 3385 videtur,
799 3312 884 3373 docet
902 3311 1018 3392 requiri
1033 3311 1237 3374 intentionem
1248 3312 1361 3394 positi-

80 3423 173 3482 vam,
190 3402 298 3464 saltem
319 3400 491 3462 virtualem.
508 3399 597 3466 Ratio
620 3407 676 3476 est,
694 3398 767 3479 quia
787 3417 863 3479 opus
884 3399 1097 3480 praescriptum
1116 3400 1206 3481 dirigi
1226 3401 1315 3464 debet
1328 3399 1362 3462 in

79 3494 183 3556 tinem
197 3491 235 3552 ab
253 3489 385 3552 Ecclesia
399 3489 569 3564 intentum,
587 3488 699 3551 scilicet
713 3488 748 3549 in
762 3488 979 3550 relaxationem
993 3507 1105 3570 prenae,
1120 3490 1157 3551 ad
1172 3507 1266 3570 qnam
1280 3507 1317 3551 ex
1331 3507 1363 3550 se

78 3582 146 3644 solo
173 3596 236 3641 non
257 3579 401 3654 relertnr;
421 3579 478 3642 hoc
499 3586 604 3641 autem
621 3581 764 3658 praestare
782 3576 891 3657 nequit
910 3577 976 3650 ille,
995 3577 1050 3657 qui
1068 3579 1175 3641 saltem
1193 3577 1364 3642 virtualiter

76 3667 200 3732 lucrari
213 3667 440 3748 Indulgentiam
458 3686 522 3730 non
542 3666 688 3730 intendit.
705 3665 810 3728 —Ita
829 3665 980 3738 Billaart,
996 3667 1161 3750 Appendia
1175 3667 1212 3730 de
1225 3667 1362 3747 ladalp,

75 3768 142 3820 art,
162 3761 193 3819 5.

121 3846 178 3908 11⁰
198 3842 358 3907 Sententia
378 3851 461 3909 tenet
485 3845 618 3908 sufficere
635 3843 843 3908 intentionem
861 3843 1063 3923 habitualem,
1082 3845 1130 3910 vel
1149 3843 1364 3924 interpretati-

74 3961 162 4002 aam.
181 3937 269 4002 Ratio
290 3944 351 4013 est,
368 3938 442 4020 quia
461 3937 591 4000 intentio
609 3936 688 3999 nihil
702 3942 844 4017 operatur
863 3935 895 3998 in
915 3937 1123 4017 Indulgentia;
1141 3936 1265 3999 effectus
1279 3935 1364 3999 enim

77 4026 303 4105 Indulgentiae,
317 4046 370 4089 seu
382 4027 522 4089 remissio
534 4045 631 4107 poenae
642 4026 751 4106 pendet
762 4024 888 4087 omnino
902 4045 920 4087 a
932 4026 1121 4088 concessione
1136 4025 1285 4099 Ecclesiae,
1296 4044 1364 4105 qnae

10 4109 11 4134 ³
77 4119 177 4180 illam
191 4115 325 4176 adnectit
339 4115 422 4194 operi
440 4114 595 4195 injuncto,
611 4133 673 4176 non
688 4131 758 4176 vero
777 4113 942 4176 intentioni
957 4113 1094 4192 agentis:
1111 4115 1193 4176 unde
1207 4113 1277 4177 licat
1291 4115 1318 4176 is
1333 4131 1364 4176 se

76 4203 209 4288 passive
221 4203 346 4276 habeat,
363 4221 417 4264 nec
429 4203 567 4264 attendat
582 4205 620 4264 ad
634 4201 872 4281 Indulgentiam,
888 4202 951 4264 imo
966 4202 1080 4263 nesciat
1095 4221 1126 4264 se
1138 4202 1223 4265 illam
1237 4202 1359 4275 lucrari,

75 4297 165 4357 dum
181 4289 238 4370 ipsi
251 4290 413 4370 coritingit,
430 4290 633 4352 nihilominus
646 4293 699 4371 Jus
713 4291 752 4352 ad
766 4291 851 4352 illam
869 4291 1073 4372 consequitur.
1092 4294 1129 4352 Et
1144 4309 1248 4353 revera
1262 4291 1365 4352 lndnl-

74 4377 193 4462 gentio
206 4378 381 4441 conceditur
393 4379 430 4440 ab
445 4377 574 4440 Ecclesia
588 4395 641 4459 per
655 4380 783 4442 modum
796 4379 955 4440 solutionis
966 4398 1021 4459 pro
1037 4397 1125 4460 opero
1136 4380 1249 4460 posito;
1264 4380 1314 4442 sed
1326 4379 1365 4442 ad

72 4467 247 4534 solutionis
264 4467 452 4531 validitatem
466 4484 529 4531 non
548 4467 715 4531 necessario
733 4467 914 4550 requiritur,
933 4467 1043 4544 atille,
1058 4486 1112 4549 pro
1127 4486 1188 4550 qno
1203 4467 1363 4545 tribuitur,

74 4575 156 4624 earn
172 4557 302 4623 noverit.
