3220 5042
470 225 513 268 ns
540 223 776 268 consensuro
801 225 1040 270 rmsrrsnrrn
1325 213 1390 272 ibt

159 337 249 420 Καρ.
264 338 323 398 2⁰:
344 337 446 397 Potest
464 341 566 396 sutem
585 334 751 414 Episcopus
772 353 910 397 revocare
931 335 1181 416 approbationem
1202 337 1394 417 singulorum

119 423 319 504 Regularium
333 423 368 485 in
385 423 561 498 individuo,
579 424 632 485 sed
646 429 769 485 tantum
783 425 868 503 justa
884 425 921 485 de
937 443 1027 486 causa
1047 425 1262 505 consessionem
1275 446 1395 492 conecc-

119 523 208 576 nentc
226 512 345 593 :idque
365 512 458 586 valet,
475 512 598 575 etiarnsi
617 511 787 591 Religiosus
805 511 917 592 praevio
935 512 1075 576 examine
1094 514 1278 594 approbatus
1290 514 1392 578 brerit.

120 606 166 665 tta
180 621 217 665 ex
231 601 336 664 eadem
350 601 437 663 Bulla
450 602 527 663 clare
541 602 627 663 docet
640 599 675 661 S.
686 601 770 682 Lip,
787 600 879 662 Hom.
892 611 998 684 apost,
1015 609 1103 662 tract.
1119 607 1188 676 XX,
1205 625 1237 664 n.
1255 607 1324 666 toa.

159 695 230 756 561.
246 725 286 736 -
299 692 400 765 Quen.
418 694 448 754 5⁰
467 691 517 752 An
537 690 711 772 Episcopus
727 698 795 770 post
813 691 1062 774 approbationem
1079 709 1264 753 sruvcrcrrnu
1282 711 1395 754 conces·
1463 684 1467 692 “

117 802 197 859 snm,
213 779 265 841 sed
276 782 341 842 sine
350 782 464 860 premo
480 782 632 858 examine,
646 778 828 859 disputarem
842 779 882 840 od
894 799 1019 842 onumen
1033 799 1170 841 revocure
1179 781 1296 862 possit?

158 870 248 951 Resp.
266 867 405 949 Affirm,
422 873 457 930 ut
475 867 608 930 videtur.
624 868 710 931 Bulla
728 868 813 930 enim
827 887 889 930 non
904 869 1044 949 prohibet
1063 886 1200 931 revocare
1214 871 1251 931 ad
1267 889 1396 933 examen

117 959 183 1020 sinc
198 977 303 1032 causa,
318 957 380 1020 nisi
394 958 557 1036 Regulares
571 957 685 1038 prurio
702 957 842 1019 examine
857 958 1047 1037 approbatos.
1229 1029 1231 1034 .

158 1050 260 1124 Quum
274 1051 308 1109 6⁰
321 1048 372 1108 An
386 1045 550 1126 deputaris
562 1045 655 1108 semel
668 1045 853 1128 approbatus
867 1049 901 1106 in
916 1046 1022 1127 utiquo
1041 1047 1172 1124 dioecesi,
1188 1067 1264 1110 noun
1282 1068 1395 1130 oppro-

120 1138 241 1200 botione
253 1135 405 1217 indipect,
422 1137 451 1196 si
464 1143 582 1197 mutata
597 1135 802 1214 bobitotione,
818 1135 918 1196 eodem
930 1135 1053 1197 redeat?

161 1225 249 1306 Resp.
269 1225 347 1306 Nep.
371 1223 461 1288 Ratio
478 1230 540 1298 est,
566 1223 640 1304 quia
663 1223 846 1304 approbatus
863 1223 1022 1286 indefinite
1038 1231 1069 1286 et
1084 1223 1240 1287 illimitate
1259 1232 1396 1287 remanet

119 1313 304 1395 approbatus
320 1312 425 1374 saltem
441 1313 591 1394 usquead
609 1311 791 1392 implicitam
810 1311 1037 1392 approbationis
1057 1313 1293 1389 revocationem
1308 1331 1396 1393 porro

118 1402 154 1466 in
168 1421 240 1464 casu
251 1401 396 1482 praesenti
409 1402 494 1464 nulla
505 1400 674 1464 intervenit
685 1401 851 1476 revocatio,
867 1420 906 1463 ne
922 1401 1074 1481 implicita
1086 1402 1222 1482 quidem.
1234 1405 1393 1482 Ergo,otc.

118 1491 366 1565 -Jmtacrou,
382 1509 413 1551 n.
428 1491 667 1572 ibit—Lupo,
682 1490 761 1572 disp.
773 1509 841 1564 rvr,
857 1511 890 1550 n.
906 1495 961 1565 u,
974 1509 1046 1554 eum
1058 1491 1210 1554 sententia
1225 1490 1393 1552 communi.

159 1582 261 1654 Quen.
283 1584 314 1641 ’1ο
329 1581 382 1640 An
403 1579 565 1660 deputaris
589 1579 773 1660 approbatus
796 1583 829 1640 in
853 1579 960 1660 aliquo
979 1579 1114 1652 diecesi,
1135 1599 1214 1642 nova
1239 1579 1396 1662 approbo-

120 1669 203 1730 tione
216 1667 354 1748 indipeot
371 1668 412 1729 od
428 1667 528 1730 calide
543 1668 770 1744 absolvendum,
787 1667 831 1744 si,
850 1677 965 1728 mutato
982 1666 1060 1745 loco,
1073 1687 1132 1748 per
1145 1669 1278 1730 eamdem
1293 1668 1396 1750 dioece-

118 1758 175 1818 sim
186 1755 340 1816 transcat?

161 1844 252 1924 Besp.
276 1843 369 1924 Nep,
394 1843 466 1924 quia
487 1842 664 1924 approbatio
681 1843 843 1906 indefinite
863 1847 893 1904 et
915 1843 1069 1904 illimitate
1093 1862 1232 1906 concessa
1252 1845 1399 1924 perdurat

122 1949 221 2011 usque
235 1931 273 1993 ad
286 1930 519 1994 revocationem.
532 1968 574 1978 -
586 1933 735 2008 Locroin,
748 1952 781 1993 n.
795 1936 885 1994 ibit.

162 2023 234 2083 562.
244 2055 285 2064 -
294 2021 435 2094 Quuu8⁰
445 2019 494 2081 An
508 2020 610 2083 solide
624 2019 783 2084 soeculores
796 2019 927 2083 obsoleat
935 2021 1106 2102 Reiipiosus
1110 2069 1120 2100 ,
1136 2025 1231 2082 inscio
1243 2021 1291 2082 uel
1300 2022 1397 2082 inuito

97 2109 298 2190 ''Superiorc,
315 2128 353 2169 eu
364 2107 428 2170 solu
440 2108 625 2191 delcpotione
638 2109 806 2192 Episcopi?

158 2195 253 2279 diesp.
276 2203 308 2260 1⁰
324 2197 488 2278 Nepoiiue,
506 2198 532 2260 si
548 2199 712 2278 Episcopus
726 2198 894 2261 intenderit
909 2202 1032 2260 tautum
1047 2200 1117 2262 dare
1131 2197 1396 2278 approbationem,

119 2293 151 2348 ct
165 2285 288 2348 abunde
302 2285 447 2366 Superior
463 2286 506 2348 ita
525 2287 566 2348 sit
579 2286 696 2348 inscius
711 2293 747 2350 ut
762 2305 824 2350 non
838 2285 968 2361 dederit,
990 2293 1044 2348 aut
1063 2286 1108 2348 ita
1121 2285 1256 2361 invitus,
1272 2294 1308 2349 ut
1323 2287 1399 2349 nolit

119 2375 206 2448 dare,
219 2375 266 2437 vel
278 2376 382 2437 datam
395 2375 469 2438 velit
482 2375 601 2438 auferre
611 2395 629 2437 a
640 2394 695 2438 suo
705 2375 830 2438 subdito
836 2375 1093 2455 jurisdictionem.
1107 2375 1196 2440 Ratio
1208 2380 1300 2456 patet.
1312 2379 1398 2438 Tunc

120 2462 205 2524 enim
216 2462 385 2543 Religiosus
397 2483 415 2525 a
429 2464 552 2526 nemine
563 2463 811 2543 jurisdictionem
825 2463 928 2528 habet.

162 2552 249 2634 Resp.
265 2555 297 2614 2⁰
310 2553 507 2633 Affinnotioc
518 2560 640 2628 autem,
653 2553 679 2616 si
694 2553 859 2634 Episcopus
871 2553 1038 2616 intenderit
1053 2553 1148 2616 etiam
1162 2553 1295 2617 conierrc
1305 2554 1399 2634 jusis-

121 2638 303 2716 dictionem,
317 2645 353 2702 ut
370 2641 404 2702 in
423 2633 570 2703 hodierna
591 2641 678 2721 praxi
695 2642 760 2704 fieri
773 2643 857 2704 solet.
874 2642 962 2706 Ratio
979 2648 1041 2718 est,
1055 2642 1129 2721 quia
1143 2642 1307 2722 Episcopus
1321 2643 1398 2705 bene

119 2733 220 2808 potest
229 2729 476 2807 jurisdictionem
491 2729 654 2808 Religioso,
668 2747 729 2792 nou
738 2749 823 2792 secus
834 2748 867 2792 ac
878 2729 1031 2793 Sacerdoti
1044 2731 1195 2804 seeculari,
1212 2731 1246 2792 in
1261 2731 1397 2810 proprias

120 2834 193 2878 oves
214 2813 357 2877 conierre.
378 2816 522 2895 Quisquis
536 2817 621 2878 enim
636 2818 852 2898 Jurisdictione
871 2817 1026 2881 ordinaria
1045 2818 1169 2896 gaudet,
1190 2835 1258 2879 cam
1274 2817 1398 2880 cuilibet

119 2901 274 2964 Sacerdoti
288 2903 423 2981 delegare
434 2910 543 2982 potest.
558 2940 598 2950 -
611 2905 766 2980 Bittuort,
785 2913 842 2968 etc.

162 2993 278 3052 Verum
293 2990 461 3070 Religiosns
480 2990 530 3053 ille
555 2993 689 3072 graviter
707 3001 813 3056 contra
832 2994 1036 3058 obedientiam
1055 3001 1205 3074 peccaret,
1227 2993 1300 3074 qnia
1318 2993 1398 3055 inre

119 3079 209 3161 gravi
229 3085 416 3159 preceptum
434 3079 603 3159 Superioris
630 3080 678 3142 sui
702 3082 977 3161 transgrederetur;
1001 3101 1056 3144 nec
1075 3083 1110 3146 in
1130 3082 1308 3164 hujusmodi
1326 3100 1399 3144 casu
1513 3083 1516 3090 '

119 3173 224 3250 posset
235 3167 283 3229 uti
298 3167 481 3247 privilegiis,
498 3167 612 3247 quibus
624 3168 766 3248 Religiosi
783 3172 933 3249 gaudent,
954 3191 985 3232 v.
1008 3189 1065 3250 gn,
1086 3173 1124 3234 ad
1143 3171 1362 3234 absolvendum
1380 3189 1399 3232 a

120 3257 310 3338 quibusdem
341 3255 493 3332 censuris;
524 3255 598 3336 quia
629 3257 798 3336 Religiosus
828 3259 1006 3339 hujusmodi
1035 3259 1246 3340 privilegium,
1275 3258 1398 3321 nonnisi

93 3383 95 3390 ,
120 3345 291 3427 peripsum
309 3345 502 3425 Superiorem
516 3344 641 3424 accipit,
657 3345 711 3425 qui
726 3364 762 3408 es
775 3346 938 3427 hypothesi
952 3347 1071 3410 nullam
1085 3348 1208 3412 subdito
1224 3347 1399 3410 [semistem

123 3434 245 3498 tribuit.

163 3527 232 3588 563.
245 3560 285 3570 -
299 3528 382 3599 Hac,
396 3543 465 3605 quac
476 3529 644 3605 potuerunt
654 3523 727 3586 olim
739 3523 774 3586 in
788 3525 1027 3587 controversiam
1040 3524 1165 3598 adduci,
1178 3543 1261 3586 nunc
1272 3522 1399 3586 omnino

121 3619 264 3676 constant
277 3633 315 3676 ex
328 3614 534 3678 Declaratione
546 3615 576 3676 S.
590 3617 699 3692 Gongr.
715 3615 776 3675 EE.
791 3618 821 3676 et
835 3617 896 3677 RE.
915 3613 1080 3693 Propositis
1094 3613 1179 3675 enirn
1189 3612 1293 3676 dubiis
1310 3631 1318 3674 :
1332 3639 1337 3658 ·

162 3704 186 3763 1.
203 3703 253 3764 An
267 3703 436 3784 Belipiosus
450 3725 511 3764 non
527 3701 716 3785 approbatus
725 3703 822 3782 juxte
836 3701 913 3783 icpes
924 3703 1049 3784 proprii
1066 3701 1187 3764 Ordinis
1201 3721 1220 3762 o
1233 3721 1285 3762 suo
1298 3700 1400 3783 Supe-

120 3791 220 3870 riore,
238 3791 286 3854 uel
302 3793 369 3874 ipso
384 3793 493 3864 inuito,
512 3813 578 3854 cum
598 3789 664 3853 scin
680 3790 827 3872 facultate
846 3789 1004 3854 Ordines-ii
1024 3791 1123 3853 calide
1136 3790 1271 3872 excipiat
1284 3790 1399 3870 conses-

120 3880 220 3944 siones
232 3882 432 3944 saeculnm'um.

163 3971 200 4032 11.
217 3972 269 4032 An
287 3970 466 4053 Superiores
482 3971 663 4052 deputares,
672 3969 920 4051 jurisdictionem
940 3969 1095 4048 babentes,
1113 3968 1232 4050 possint
1250 3987 1318 4029 suos
1331 3969 1400 4029 sub-

122 4057 203 4121 ditos
217 4060 398 4141 suspendere
408 4059 447 4122 ob
456 4059 615 4122 audiendis
624 4060 863 4141 confessionibus
874 4060 1060 4122 sanctorium
1073 4059 1163 4120 etiam
1178 4077 1217 4120 ec
1230 4057 1398 4137 informato

122 4149 314 4211 comcientiu.

162 4237 210 4299 Et
224 4248 369 4321 quatenus
379 4237 577 4312 affirmative,
589 4239 640 4299 111.
655 4238 705 4298 An
719 4239 822 4302 voleat
833 4237 985 4319 suspensio
999 4245 1149 4310 oretenus,
1163 4245 1192 4300 et
1204 4235 1312 4319 ubsque
1325 4236 1399 4298 scri·

116 4336 176 4408 pto
192 4329 360 4390 enuntiato.

162 4417 214 4479 lv.
229 4417 279 4479 An
294 4415 443 4480 absolutio
464 4416 620 4500 impertita
634 4414 728 4491 abeo,
744 4417 798 4498 qui
816 4415 874 4476 tali
890 4416 1081 4499 suspensione
1099 4415 1335 4490 minuebatur,
1358 4413 1396 4473 sit

122 4504 236 4568 ualida.
