3198 5034
193 166 247 226 st·
724 169 930 216 rascatius

171 259 174 266 ι
231 293 333 365 Quen.
348 291 381 350 7⁰
391 285 442 347 An
454 287 487 344 in
499 283 677 346 recitatione
693 280 800 362 Officii
816 280 905 343 liceat
915 280 1035 363 aliquid
1044 301 1082 344 aa·
1096 281 1255 344 devotione
1266 282 1398 352 miscere,
1417 285 1469 346 vel
1594 371 1595 376 γ

191 379 442 548 (impetrans
465 461 540 542 quia
566 461 601 522 in
624 457 736 520 Officiis
764 457 844 522 nibil
868 465 915 521 est
935 459 1110 521 addendum
1137 459 1186 522 uel
1210 457 1463 536 immutandum,

191 555 254 618 n'ni
278 573 297 617 a
326 554 401 617 Sede
426 549 597 630 Apostolioa
625 546 718 610 luerit
743 565 929 610 muemsum.
952 582 992 593 -
1014 547 1062 609 Sic
1086 547 1124 610 S.
1150 547 1301 629 Conprap.
1327 549 1393 610 itit.
1414 549 1468 612 die

191 649 233 708 10
250 642 337 706 lunii
357 645 447 706 1690.
1594 629 1595 699 l

230 737 280 796 88.
289 767 326 778 —
337 733 436 806 Quen.
452 732 486 792 8⁰
497 727 550 789 Ad
563 725 639 808 qnid
653 736 800 802 taneatar,
814 726 930 787 ratione
937 725 1211 807 pronuntiationis,
1222 727 1352 788 recitans
1360 725 1468 788 Haroe
1594 759 1595 775 ι

190 843 257 883 anna
272 821 368 892 sario,
380 817 428 880 rel
440 837 506 878 caan
520 813 629 876 ebora?
1594 813 1595 818 ’

232 911 336 990 Hesp:
348 909 396 970 Ad
415 903 666 968 satisfaciendum
687 902 867 982 obligationi
887 903 1068 983 requiritur,
1083 909 1116 966 l·
1128 909 1165 966 ut
1179 903 1316 966 recitatio
1337 904 1465 969 albentis

192 999 331 1061 versibus
343 996 406 1058 liat.
422 994 452 1056 Si
468 999 572 1056 autem
584 992 687 1071 plures
699 1009 794 1071 quam
805 993 866 1054 duo
878 991 1016 1066 recitent,
1031 991 1130 1066 debet,
1145 991 1347 1072 laotoduplioi
1360 993 1464 1069 obora,

190 1085 367 1148 alternatim
394 1081 527 1158 recitari,
548 1080 622 1162 quia
646 1080 697 1142 hia
721 1081 831 1142 modus
856 1080 996 1143 Ecclesia
1022 1081 1242 1143 consuetudine
1266 1081 1461 1161 admittitur;

190 1179 224 1236 qs
238 1174 381 1237 dieantrn
395 1190 501 1236 versus
515 1169 697 1243 summsire,
711 1175 742 1230 at
755 1187 819 1230 non
840 1168 949 1242 simul;
967 1186 1022 1231 neo
1038 1187 1122 1231 unare
1134 1176 1282 1242 resumat,
1295 1176 1465 1252 antequam

190 1263 266 1324 alter
285 1279 378 1324 suum
400 1257 580 1339 expleverit;
601 1263 633 1320 3⁰
656 1275 725 1335 quae
750 1257 788 1319 ab
809 1275 872 1318 uno
892 1256 1050 1332 dicuntm,
1071 1257 1110 1318 ab
1134 1257 1203 1318 aliis
1225 1258 1401 1331 audientur,
1426 1265 1465 1322 os

190 1349 434 1421 communirent,
452 1353 482 1408 et
500 1347 555 1409 liat
576 1364 640 1408 una
658 1345 755 1408 oratio
773 1344 907 1407 moralis
925 1347 993 1407 Non
1010 1351 1116 1407 tamen
1133 1364 1253 1408 necesse
1273 1353 1335 1420 est,
1352 1352 1389 1408 ut
1405 1365 1464 1409 au-

191 1439 310 1502 dientes
325 1437 481 1500 submissa
493 1452 563 1496 vooe
577 1440 694 1514 partem
713 1431 845 1496 aliorum
862 1433 1075 1513 pronuntient.
1089 1469 1132 1480 -
1143 1435 1195 1496 Ita
1213 1436 1467 1498 canonannsinc.
1594 1493 1595 1508 q

190 1563 229 1571 —
243 1525 277 1587 S.
295 1526 334 1588 Li
358 1545 413 1586 .n.
428 1527 498 1587 lbi.
1594 1523 1595 1560 ³

231 1547 375 1690 quenda
385 1613 436 1674 An
447 1610 629 1692 satisfacias,
644 1610 672 1670 si
685 1611 790 1672 recites
804 1609 903 1672 Hercu
918 1631 984 1671 eam
996 1610 1081 1681 laica
1100 1621 1155 1672 aut
1169 1611 1229 1673 alio
1242 1631 1303 1672 nen
1316 1611 1459 1692 obiipato,

189 1714 244 1766 ant
256 1723 323 1764 earn
338 1703 504 1774 distracta,
519 1698 567 1762 vet
578 1718 640 1760 non
654 1700 789 1760 attenta?

230 1792 319 1872 Rerp.
335 1792 362 1852 A
367 1790 464 1871 (fine.
481 1790 521 1851 ad
538 1787 652 1850 omnia.
667 1787 756 1850 Ratio
769 1794 831 1864 est,
847 1787 921 1868 quia
932 1788 998 1850 baeo
1011 1807 1074 1851 non
1087 1788 1277 1868 impediunt,
1292 1789 1461 1870 quominus

190 1890 224 1943 tu
239 1880 345 1943 reoites
360 1882 455 1942 Horas
465 1882 557 1960 juxta
570 1893 687 1940 morem
702 1876 851 1939 Ecclesiae.
870 1875 1012 1939 Defeotm*
1026 1876 1237 1957 obligationis,
1253 1877 1300 1939 vel
1315 1877 1461 1940 attentio-

188 1967 239 2031 nis
257 1988 294 2030 ex
312 1975 397 2050 parte
411 1967 552 2038 albeum,
562 1973 657 2028 tuam
674 1964 884 2028 recitationem
898 1984 961 2028 nou
979 1965 1143 2042 immutat,
1156 1984 1211 2028 nea
1225 1965 1324 2028 vitiat.
1340 1969 1418 2046 Ergo
1432 1967 1460 2029 si

189 2057 289 2120 sosius
302 2057 344 2120 sit
357 2057 632 2136 obligamentum
645 2054 796 2128 attendat,
804 2054 869 2133 ipse
881 2072 943 2116 non
958 2053 1114 2128 satisfacit,
1127 2073 1191 2116 non
1205 2053 1459 2118 communicando

187 2151 307 2222 tooum;
319 2147 446 2208 sednon
460 2141 589 2222 impedit
602 2140 769 2220 quominus
780 2148 818 2204 tu
830 2161 903 2204 cum
916 2161 951 2204 eo
968 2142 1185 2218 communices,
1195 2142 1223 2205 si
1232 2150 1311 2206 recte
1322 2161 1461 2225 pronun-

188 2235 258 2309 tiet,
275 2241 306 2296 et
320 2241 398 2296 recte
409 2231 529 2294 audias.
545 2267 585 2276 -
599 2230 746 2298 Lan-aia,
762 2249 794 2290 n.
810 2234 899 2294 1295.

228 2326 276 2386 89.
293 2358 332 2366 -
347 2324 447 2396 Quas.
465 2324 518 2383 10ο
532 2319 583 2380 An
598 2318 727 2380 tenearis
740 2328 873 2400 repetere
887 2338 954 2400 qnoe
969 2321 1105 2382 recitasti
1120 2340 1187 2382 enm
1200 2320 1393 2402 imperfecta,
1408 2341 1466 2384 sca.

186 2411 328 2474 mutilata
339 2407 606 2491 pronuntiatione?

227 2499 315 2578 Resp.
331 2504 362 2560 l⁰
377 2497 516 2580 Affinis„
531 2496 558 2558 si
569 2496 725 2560 mutilatio
738 2495 875 2559 sitvalde
889 2496 1049 2573 notabilis,
1062 2497 1108 2560 ita
1122 2504 1159 2559 ut
1171 2517 1280 2560 sensus
1294 2500 1457 2562 verborum

187 2588 404 2666 sitnrruptus
416 2591 447 2648 ει
460 2585 649 2660 destnrotus3
663 2585 756 2666 idque
769 2585 867 2660 ualet,
885 2585 1007 2648 ebamsi
1024 2585 1233 2648 involuntarie
1249 2586 1367 2660 locens,
1382 2589 1459 2667 quia

186 2675 301 2738 utiam
324 2673 532 2737 substantiam
550 2672 738 2736 recitationis
756 2671 863 2750 afficit3
881 2673 998 2755 excipe,
1014 2675 1077 2737 nisi
1091 2673 1192 2737 obstet
1205 2674 1453 2756 inpossibilitas

186 2785 215 2827 v.
233 2782 291 2844 gn,
307 2762 469 2826 balbuties

226 2853 318 2936 Basp.
329 2857 362 2915 2⁰
377 2851 469 2934 Nep„
482 2850 511 2913 si
523 2851 571 2913 ita
584 2851 715 2932 syllabas
733 2851 873 2928 mutiles,
890 2859 928 2915 ut
944 2871 1053 2916 sanatas
1068 2851 1232 2914 uerborum
1246 2871 1307 2916 non
1321 2871 1460 2916 corrum-

188 2949 290 3022 patur,
310 2942 357 3004 vel
381 2939 407 3002 si
435 2939 559 3002 mutiles
582 2940 616 3001 in
641 2957 735 3019 parva
757 2940 946 3022 quantitate;
972 2941 1060 3022 eulpa
1080 2939 1164 3002 enim
1187 2947 1263 3004 tunc
1285 2959 1347 3006 non
1367 2941 1459 3006 allisit

187 3029 394 3093 substantiam
412 3027 623 3108 obligatiorem,
636 3035 667 3090 et
681 3028 807 3108 proinde
822 3027 940 3090 reniale
954 3045 1016 3090 non
1034 3028 1161 3090 excedit.
1178 3032 1244 3092 lrno
1265 3031 1348 3094 nulla
1367 3033 1460 3096 modo

186 3135 303 3197 peccas,
320 3118 346 3178 si
367 3117 424 3178 hoo
443 3115 534 3178 fanias
556 3115 761 3178 involuntarie
785 3117 822 3178 ob
841 3115 1116 3192 inadvarlentiam‚
1133 3119 1181 3181 rel
1201 3119 1386 3196 balbutiem,
1401 3126 1458 3182 aab

187 3205 389 3268 inveteratam
407 3205 677 3278 consuetudinem,
691 3223 761 3285 quaa
774 3203 935 3267 difficulter
946 3205 1030 3268 rinei
1046 3206 1157 3287 possit3
1171 3214 1316 3271 ceterum
1328 3210 1367 3272 ad
1378 3210 1457 3272 bana

186 3293 438 3356 consuetudinem
451 3292 673 3356 emendandam
685 3299 890 3373 opportunum
905 3293 1048 3358 studium
1062 3295 1245 3358 adhibeatsu
1258 3304 1384 3378 oportet.

227 3385 328 3458 Quen.
345 3388 398 3445 ll⁰
410 3383 459 3442 An
474 3385 573 3443 aratio
591 3381 717 3444 sinenda
736 3386 778 3442 sit
791 3391 858 3464 post
872 3382 1075 3456 bisintinum,
1094 3383 1214 3464 qnando
1228 3384 1346 3446 Laudes
1366 3405 1457 3468 sapa-

186 3471 317 3533 rantur?
558 3493 560 3500 ·

226 3559 314 3644 Resp.
324 3558 624 3644 Nep.probabr'tz'ter;
634 3561 685 3623 sed
700 3559 812 3624 suffieit
823 3566 891 3641 post
900 3561 1091 3625 Matutinum
1104 3559 1454 3628 inimicantium.

186 3649 273 3713 Ratio
287 3656 348 3725 est,
362 3650 436 3730 quia
452 3648 654 3730 probabiliter
668 3649 859 3714 Matutinum
873 3655 905 3711 et
919 3649 1037 3711 Laudes
1051 3665 1148 3710 uuam
1169 3653 1282 3712 Horam
1299 3650 1456 3714 moraliter

186 3735 336 3812 efficiunt,
350 3747 381 3801 et
395 3738 518 3800 aliunde
537 3737 633 3799 oratio
647 3737 682 3798 in
699 3738 761 3799 sola
780 3744 866 3799 nocte
882 3735 1061 3800 Natiuitatis
1078 3737 1200 3800 Domini
1214 3738 1400 3820 praecipitur,
1413 3773 1456 3787 —-

186 3825 239 3886 Ita
264 3823 298 3886 S.
321 3828 436 3907 Lipan,
462 3847 493 3886 n.
515 3829 584 3887 167.
599 3859 639 3870 -
652 3823 805 3888 Salmant.
822 3861 861 3872 --
875 3823 1021 3888 Sancbea.
1039 3859 1080 3872 -
1110 3825 1204 3902 Viva,
1230 3833 1285 3892 ebe.
1303 3865 1341 3874 -
1368 3831 1452 3904 Voss,

186 3933 217 3974 n.
234 3915 327 3987 1061,
344 3921 400 3976 etc.

225 4000 398 4082 Affirmant
411 4011 516 4066 nmen
533 4001 627 4064 etiam
635 4001 837 4084 probabiliter
849 4003 919 4078 alii,
933 4002 1006 4084 quia
1019 4003 1140 4085 (aiunt)
1157 4007 1314 4086 probabile
1329 4014 1375 4072 est
1392 4011 1455 4072 us

186 4088 325 4151 tatinum
343 4095 374 4150 ει
399 4093 514 4154 Laudes
537 4109 602 4153 esse
624 4091 700 4152 duas
720 4093 815 4154 Horas
833 4091 1005 4154 distinctas.
1027 4091 1077 4155 Sic
1092 4091 1261 4174 Gerontio,
1278 4095 1455 4175 nonam,

185 4176 333 4252 naim,
348 4183 380 4239 ει
393 4179 547 4258 probabile
561 4177 638 4242 dioit
650 4179 687 4241 S.
703 4179 787 4258 Lip„
804 4180 880 4244 ibid.

224 4267 325 4341 Quas.
342 4269 395 4329 lt⁰
408 4269 461 4328 An
479 4279 548 4330 ante
562 4267 680 4330 Lauda
698 4287 718 4330 a
736 4269 889 4331 Matutino
907 4279 1060 4351 separatas
1081 4271 1238 4335 dicendm
1256 4274 1296 4337 sit
1319 4281 1454 4339 Paterae

184 4356 263 4429 Lea,
278 4365 313 4416 at
327 4365 396 4418 ante
410 4355 488 4416 alias
501 4355 621 4420 Horas?

224 4443 332 4526 desp:
344 4444 406 4508 Alii
425 4441 580 4506 affirmant
598 4446 749 4520 absolate,
769 4445 843 4526 quia
865 4451 939 4510 trano
959 4449 1078 4512 Laudas
1092 4458 1167 4513 sunt
1180 4453 1260 4516 Hora
1273 4453 1456 4518 distiudaa
