<?xml version="1.0" encoding="UTF-8"?>
<!DOCTYPE html PUBLIC "-//W3C//DTD XHTML 1.0 Transitional//EN"
    "http://www.w3.org/TR/xhtml1/DTD/xhtml1-transitional.dtd">
<html xmlns="http://www.w3.org/1999/xhtml" xml:lang="en" lang="en">
 <head>
  <title>
</title>
<meta http-equiv="Content-Type" content="text/html;charset=utf-8" />
  <meta name='ocr-system' content='tesseract 3.04.00' />
  <meta name='ocr-capabilities' content='ocr_page ocr_carea ocr_par ocr_line ocrx_word'/>
</head>
<body>
  <div class='ocr_page' id='page_1' title='image "./compendiumtheol03gurygoog_0302.png"; bbox 0 0 3224 5044; ppageno 0'>
   <div class='ocr_carea' id='block_1_1' title="bbox 477 267 1392 342">
    <p class='ocr_par' dir='ltr' id='par_1_1' title="bbox 477 267 1392 342">
     <span class='ocr_line' id='line_1_1' title="bbox 477 267 1392 342; baseline 0.005 -20"><span class='ocrx_word' id='word_1_1' title='bbox 477 279 520 322; x_wconf 82' lang='lat' dir='ltr'>oa</span> <span class='ocrx_word' id='word_1_2' title='bbox 544 276 781 342; x_wconf 75' lang='lat' dir='ltr'>sacoauaaro</span> <span class='ocrx_word' id='word_1_3' title='bbox 807 277 1044 324; x_wconf 75' lang='lat' dir='ltr'>rmnrranrrn</span> <span class='ocrx_word' id='word_1_4' title='bbox 1324 267 1392 328; x_wconf 70' lang='grc'>189</span> 
     </span>
    </p>
   </div>
   <div class='ocr_carea' id='block_1_2' title="bbox 141 445 1373 540">
    <p class='ocr_par' dir='ltr' id='par_1_2' title="bbox 141 445 1373 540">
     <span class='ocr_line' id='line_1_2' title="bbox 141 445 1373 540; baseline 0.002 -22"><span class='ocrx_word' id='word_1_5' title='bbox 141 451 201 540; x_wconf 77' lang='lat' dir='ltr'>§L</span> <span class='ocrx_word' id='word_1_6' title='bbox 216 451 262 517; x_wconf 87' lang='lat' dir='ltr'>De</span> <span class='ocrx_word' id='word_1_7' title='bbox 280 448 486 535; x_wconf 74' lang='lat' dir='ltr'>obligatione</span> <span class='ocrx_word' id='word_1_8' title='bbox 504 446 701 534; x_wconf 74' lang='lat' dir='ltr'>corrigendi</span> <span class='ocrx_word' id='word_1_9' title='bbox 718 445 916 533; x_wconf 73' lang='lat' dir='ltr'>defecturis</span> <span class='ocrx_word' id='word_1_10' title='bbox 933 447 1146 536; x_wconf 82' lang='lat' dir='ltr'>Confessionc</span> <span class='ocrx_word' id='word_1_11' title='bbox 1165 452 1373 520; x_wconf 81' lang='lat' dir='ltr'>commissos.</span> 
     </span>
    </p>
   </div>
   <div class='ocr_carea' id='block_1_3' title="bbox 246 596 470 678">
    <p class='ocr_par' dir='ltr' id='par_1_3' title="bbox 246 596 470 678">
     <span class='ocr_line' id='line_1_3' title="bbox 246 596 470 678; baseline -0.009 -14"><span class='ocrx_word' id='word_1_12' title='bbox 246 596 470 678; x_wconf 89' lang='lat' dir='ltr'>Prlnclpla.</span> 
     </span>
    </p>
   </div>
   <div class='ocr_carea' id='block_1_4' title="bbox 126 724 1405 3266">
    <p class='ocr_par' dir='ltr' id='par_1_4' title="bbox 126 724 1400 1606">
     <span class='ocr_line' id='line_1_4' title="bbox 167 724 1395 810; baseline 0.004 -22"><span class='ocrx_word' id='word_1_13' title='bbox 167 734 238 794; x_wconf 79' lang='grc'>613.</span> <span class='ocrx_word' id='word_1_14' title='bbox 255 763 296 773; x_wconf 89' lang='grc'>-</span> <span class='ocrx_word' id='word_1_15' title='bbox 309 729 332 788; x_wconf 94' lang='lat' dir='ltr'>l.</span> <span class='ocrx_word' id='word_1_16' title='bbox 349 730 441 789; x_wconf 89' lang='lat' dir='ltr'>Error</span> <span class='ocrx_word' id='word_1_17' title='bbox 455 725 533 788; x_wconf 86' lang='lat' dir='ltr'>circa</span> <span class='ocrx_word' id='word_1_18' title='bbox 544 725 677 788; x_wconf 89' lang='lat' dir='ltr'>valorem</span> <span class='ocrx_word' id='word_1_19' title='bbox 691 724 879 787; x_wconf 87' lang='lat' dir='ltr'>Sacrameuti</span> <span class='ocrx_word' id='word_1_20' title='bbox 893 743 964 788; x_wconf 92' lang='lat' dir='ltr'>cum</span> <span class='ocrx_word' id='word_1_21' title='bbox 978 726 1064 807; x_wconf 85' lang='lat' dir='ltr'>gravi</span> <span class='ocrx_word' id='word_1_22' title='bbox 1077 727 1165 808; x_wconf 87' lang='lat' dir='ltr'>culpa</span> <span class='ocrx_word' id='word_1_23' title='bbox 1181 729 1228 792; x_wconf 91' lang='lat' dir='ltr'>vel</span> <span class='ocrx_word' id='word_1_24' title='bbox 1244 731 1330 810; x_wconf 84' lang='lat' dir='ltr'>gravi</span> <span class='ocrx_word' id='word_1_25' title='bbox 1343 748 1395 792; x_wconf 89' lang='lat' dir='ltr'>ne-</span> 
     </span>
     <span class='ocr_line' id='line_1_5' title="bbox 126 813 1397 899; baseline 0 -18"><span class='ocrx_word' id='word_1_26' title='bbox 126 817 271 899; x_wconf 90' lang='lat' dir='ltr'>gligentia</span> <span class='ocrx_word' id='word_1_27' title='bbox 291 815 488 890; x_wconf 90' lang='lat' dir='ltr'>oonuuissus,</span> <span class='ocrx_word' id='word_1_28' title='bbox 510 813 665 894; x_wconf 89' lang='lat' dir='ltr'>supposito</span> <span class='ocrx_word' id='word_1_29' title='bbox 688 813 775 893; x_wconf 85' lang='lat' dir='ltr'>gravi</span> <span class='ocrx_word' id='word_1_30' title='bbox 795 814 907 876; x_wconf 88' lang='lat' dir='ltr'>damno</span> <span class='ocrx_word' id='word_1_31' title='bbox 925 815 1120 894; x_wconf 69' lang='lat' dir='ltr'>paenitentis,</span> <span class='ocrx_word' id='word_1_32' title='bbox 1144 819 1330 898; x_wconf 86' lang='lat' dir='ltr'>reparandus</span> <span class='ocrx_word' id='word_1_33' title='bbox 1350 824 1397 881; x_wconf 98' lang='grc' dir='ltr'>εει</span> 
     </span>
     <span class='ocr_line' id='line_1_6' title="bbox 126 901 1397 985; baseline -0.001 -14"><span class='ocrx_word' id='word_1_34' title='bbox 126 908 221 970; x_wconf 88' lang='lat' dir='ltr'>etiam</span> <span class='ocrx_word' id='word_1_35' title='bbox 244 923 316 969; x_wconf 89' lang='lat' dir='ltr'>oum</span> <span class='ocrx_word' id='word_1_36' title='bbox 334 903 420 984; x_wconf 87' lang='lat' dir='ltr'>gravi</span> <span class='ocrx_word' id='word_1_37' title='bbox 432 903 625 966; x_wconf 89' lang='lat' dir='ltr'>incommodo</span> <span class='ocrx_word' id='word_1_38' title='bbox 641 901 831 966; x_wconf 73' lang='lat' dir='ltr'>confessarii.</span> <span class='ocrx_word' id='word_1_39' title='bbox 852 903 940 966; x_wconf 81' lang='lat' dir='ltr'>Ratio</span> <span class='ocrx_word' id='word_1_40' title='bbox 961 907 1021 976; x_wconf 89' lang='lat' dir='ltr'>est,</span> <span class='ocrx_word' id='word_1_41' title='bbox 1045 905 1119 985; x_wconf 90' lang='lat' dir='ltr'>quia</span> <span class='ocrx_word' id='word_1_42' title='bbox 1138 905 1345 970; x_wconf 79' lang='lat' dir='ltr'>confessarius</span> <span class='ocrx_word' id='word_1_43' title='bbox 1359 927 1397 970; x_wconf 77' lang='lat' dir='ltr'>ex</span> 
     </span>
     <span class='ocr_line' id='line_1_7' title="bbox 127 989 1398 1075; baseline 0.002 -17"><span class='ocrx_word' id='word_1_44' title='bbox 127 995 222 1058; x_wconf 90' lang='lat' dir='ltr'>officio</span> <span class='ocrx_word' id='word_1_45' title='bbox 235 1001 267 1057; x_wconf 90' lang='grc' dir='ltr'><strong>ει</strong></span> <span class='ocrx_word' id='word_1_46' title='bbox 284 1012 322 1056; x_wconf 85' lang='lat' dir='ltr'>ex</span> <span class='ocrx_word' id='word_1_47' title='bbox 338 992 609 1074; x_wconf 88' lang='lat' dir='ltr'>quasi-contractu</span> <span class='ocrx_word' id='word_1_48' title='bbox 620 1009 691 1053; x_wconf 91' lang='lat' dir='ltr'>oum</span> <span class='ocrx_word' id='word_1_49' title='bbox 701 991 870 1070; x_wconf 78' lang='lat' dir='ltr'>prenitente</span> <span class='ocrx_word' id='word_1_50' title='bbox 881 989 960 1053; x_wconf 92' lang='lat' dir='ltr'>inito</span> <span class='ocrx_word' id='word_1_51' title='bbox 976 998 1108 1068; x_wconf 79' lang='lat' dir='ltr'>tenetru,</span> <span class='ocrx_word' id='word_1_52' title='bbox 1119 993 1180 1057; x_wconf 91' lang='lat' dir='ltr'>rite</span> <span class='ocrx_word' id='word_1_53' title='bbox 1194 995 1253 1075; x_wconf 91' lang='lat' dir='ltr'>ipsi</span> <span class='ocrx_word' id='word_1_54' title='bbox 1264 996 1398 1060; x_wconf 72' lang='lat' dir='ltr'>somini-</span> 
     </span>
     <span class='ocr_line' id='line_1_8' title="bbox 128 1079 1398 1166; baseline 0.001 -19"><span class='ocrx_word' id='word_1_55' title='bbox 128 1089 223 1148; x_wconf 88' lang='lat' dir='ltr'>strare</span> <span class='ocrx_word' id='word_1_56' title='bbox 236 1085 482 1156; x_wconf 88' lang='lat' dir='ltr'>Sacramentum;</span> <span class='ocrx_word' id='word_1_57' title='bbox 500 1080 526 1142; x_wconf 90' lang='lat' dir='ltr'>si</span> <span class='ocrx_word' id='word_1_58' title='bbox 541 1098 610 1159; x_wconf 88' lang='lat' dir='ltr'>ergo</span> <span class='ocrx_word' id='word_1_59' title='bbox 623 1098 660 1142; x_wconf 85' lang='lat' dir='ltr'>ex</span> <span class='ocrx_word' id='word_1_60' title='bbox 672 1098 727 1142; x_wconf 91' lang='lat' dir='ltr'>sua</span> <span class='ocrx_word' id='word_1_61' title='bbox 736 1079 824 1159; x_wconf 90' lang='lat' dir='ltr'>culpa</span> <span class='ocrx_word' id='word_1_62' title='bbox 835 1096 897 1142; x_wconf 88' lang='lat' dir='ltr'>uon</span> <span class='ocrx_word' id='word_1_63' title='bbox 911 1079 971 1142; x_wconf 87' lang='lat' dir='ltr'>rite</span> <span class='ocrx_word' id='word_1_64' title='bbox 980 1080 1185 1158; x_wconf 79' lang='lat' dir='ltr'>administret,</span> <span class='ocrx_word' id='word_1_65' title='bbox 1202 1089 1248 1146; x_wconf 90' lang='grc' dir='ltr'>εει</span> <span class='ocrx_word' id='word_1_66' title='bbox 1262 1084 1398 1166; x_wconf 89' lang='lat' dir='ltr'>injustus</span> 
     </span>
     <span class='ocr_line' id='line_1_9' title="bbox 128 1167 1397 1250; baseline -0.002 -15"><span class='ocrx_word' id='word_1_67' title='bbox 128 1172 348 1244; x_wconf 86' lang='lat' dir='ltr'>damnificatur,</span> <span class='ocrx_word' id='word_1_68' title='bbox 360 1170 439 1232; x_wconf 89' lang='lat' dir='ltr'>etad</span> <span class='ocrx_word' id='word_1_69' title='bbox 452 1168 684 1250; x_wconf 83' lang='lat' dir='ltr'>reparationem,</span> <span class='ocrx_word' id='word_1_70' title='bbox 701 1168 794 1230; x_wconf 87' lang='lat' dir='ltr'>etiam</span> <span class='ocrx_word' id='word_1_71' title='bbox 808 1185 879 1229; x_wconf 89' lang='lat' dir='ltr'>oum</span> <span class='ocrx_word' id='word_1_72' title='bbox 891 1167 976 1248; x_wconf 74' lang='lat' dir='ltr'>gratu</span> <span class='ocrx_word' id='word_1_73' title='bbox 987 1188 1042 1231; x_wconf 91' lang='lat' dir='ltr'>suo</span> <span class='ocrx_word' id='word_1_74' title='bbox 1051 1169 1253 1246; x_wconf 90' lang='lat' dir='ltr'>incommodo,</span> <span class='ocrx_word' id='word_1_75' title='bbox 1263 1178 1397 1235; x_wconf 89' lang='lat' dir='ltr'>tenetur.</span> 
     </span>
     <span class='ocr_line' id='line_1_10' title="bbox 128 1254 1399 1338; baseline -0.002 -13"><span class='ocrx_word' id='word_1_76' title='bbox 128 1261 162 1326; x_wconf 86' lang='lat' dir='ltr'>Si</span> <span class='ocrx_word' id='word_1_77' title='bbox 173 1267 279 1323; x_wconf 87' lang='lat' dir='ltr'>autem</span> <span class='ocrx_word' id='word_1_78' title='bbox 289 1278 373 1322; x_wconf 90' lang='lat' dir='ltr'>error</span> <span class='ocrx_word' id='word_1_79' title='bbox 387 1258 427 1320; x_wconf 92' lang='lat' dir='ltr'>sit</span> <span class='ocrx_word' id='word_1_80' title='bbox 439 1256 632 1338; x_wconf 85' lang='lat' dir='ltr'>inculpabilis</span> <span class='ocrx_word' id='word_1_81' title='bbox 646 1257 695 1320; x_wconf 86' lang='lat' dir='ltr'>vel</span> <span class='ocrx_word' id='word_1_82' title='bbox 705 1254 812 1319; x_wconf 87' lang='lat' dir='ltr'>leviter</span> <span class='ocrx_word' id='word_1_83' title='bbox 827 1255 1001 1336; x_wconf 80' lang='lat' dir='ltr'>culpabilia,</span> <span class='ocrx_word' id='word_1_84' title='bbox 1019 1258 1227 1324; x_wconf 72' lang='lat' dir='ltr'>confessarius</span> <span class='ocrx_word' id='word_1_85' title='bbox 1247 1279 1310 1324; x_wconf 91' lang='lat' dir='ltr'>non</span> <span class='ocrx_word' id='word_1_86' title='bbox 1323 1261 1399 1324; x_wconf 93' lang='lat' dir='ltr'>obli-</span> 
     </span>
     <span class='ocr_line' id='line_1_11' title="bbox 129 1344 1399 1430; baseline 0 -18"><span class='ocrx_word' id='word_1_87' title='bbox 129 1356 221 1430; x_wconf 87' lang='lat' dir='ltr'>gatur</span> <span class='ocrx_word' id='word_1_88' title='bbox 233 1349 349 1412; x_wconf 89' lang='lat' dir='ltr'>ratione</span> <span class='ocrx_word' id='word_1_89' title='bbox 363 1346 470 1411; x_wconf 87' lang='lat' dir='ltr'>damni</span> <span class='ocrx_word' id='word_1_90' title='bbox 485 1346 578 1420; x_wconf 90' lang='lat' dir='ltr'>illati,</span> <span class='ocrx_word' id='word_1_91' title='bbox 595 1344 829 1409; x_wconf 86' lang='lat' dir='ltr'>confessionisve</span> <span class='ocrx_word' id='word_1_92' title='bbox 842 1345 970 1421; x_wconf 78' lang='lat' dir='ltr'>audita,</span> <span class='ocrx_word' id='word_1_93' title='bbox 987 1348 1039 1410; x_wconf 91' lang='lat' dir='ltr'>sed</span> <span class='ocrx_word' id='word_1_94' title='bbox 1055 1348 1173 1412; x_wconf 89' lang='lat' dir='ltr'>ratione</span> <span class='ocrx_word' id='word_1_95' title='bbox 1191 1349 1284 1412; x_wconf 92' lang='lat' dir='ltr'>solius</span> <span class='ocrx_word' id='word_1_96' title='bbox 1298 1368 1399 1412; x_wconf 85' lang='lat' dir='ltr'>neces-</span> 
     </span>
     <span class='ocr_line' id='line_1_12' title="bbox 130 1433 1400 1518; baseline 0.001 -17"><span class='ocrx_word' id='word_1_97' title='bbox 130 1437 232 1501; x_wconf 88' lang='lat' dir='ltr'>sitatis</span> <span class='ocrx_word' id='word_1_98' title='bbox 246 1435 394 1518; x_wconf 83' lang='lat' dir='ltr'><strong>proximi,</strong></span> <span class='ocrx_word' id='word_1_99' title='bbox 409 1435 459 1498; x_wconf 91' lang='lat' dir='ltr'>cui</span> <span class='ocrx_word' id='word_1_100' title='bbox 468 1434 630 1498; x_wconf 89' lang='lat' dir='ltr'>subvenire</span> <span class='ocrx_word' id='word_1_101' title='bbox 640 1434 765 1515; x_wconf 85' lang='lat' dir='ltr'>quidem</span> <span class='ocrx_word' id='word_1_102' title='bbox 778 1433 908 1514; x_wconf 89' lang='lat' dir='ltr'>quisque</span> <span class='ocrx_word' id='word_1_103' title='bbox 919 1435 1008 1498; x_wconf 87' lang='lat' dir='ltr'>debet</span> <span class='ocrx_word' id='word_1_104' title='bbox 1022 1454 1057 1498; x_wconf 80' lang='lat' dir='ltr'>err</span> <span class='ocrx_word' id='word_1_105' title='bbox 1069 1437 1211 1512; x_wconf 85' lang='lat' dir='ltr'>Caritate,</span> <span class='ocrx_word' id='word_1_106' title='bbox 1222 1457 1285 1502; x_wconf 92' lang='lat' dir='ltr'>non</span> <span class='ocrx_word' id='word_1_107' title='bbox 1296 1443 1400 1502; x_wconf 88' lang='lat' dir='ltr'>tamen</span> 
     </span>
     <span class='ocr_line' id='line_1_13' title="bbox 130 1523 1251 1606; baseline 0 -18"><span class='ocrx_word' id='word_1_108' title='bbox 130 1543 201 1588; x_wconf 91' lang='lat' dir='ltr'>cum</span> <span class='ocrx_word' id='word_1_109' title='bbox 218 1525 303 1606; x_wconf 85' lang='lat' dir='ltr'>gravi</span> <span class='ocrx_word' id='word_1_110' title='bbox 317 1543 372 1588; x_wconf 92' lang='lat' dir='ltr'>suo</span> <span class='ocrx_word' id='word_1_111' title='bbox 386 1523 576 1588; x_wconf 87' lang='lat' dir='ltr'>incommodo</span> <span class='ocrx_word' id='word_1_112' title='bbox 590 1523 675 1604; x_wconf 84' lang='lat' dir='ltr'>(tom.</span> <span class='ocrx_word' id='word_1_113' title='bbox 692 1525 720 1597; x_wconf 91' lang='lat' dir='ltr'>l,</span> <span class='ocrx_word' id='word_1_114' title='bbox 736 1526 839 1586; x_wconf 67' lang='grc'>11661</span> <span class='ocrx_word' id='word_1_115' title='bbox 854 1525 978 1605; x_wconf 77' lang='lat' dir='ltr'>eroco).</span> <span class='ocrx_word' id='word_1_116' title='bbox 996 1524 1033 1586; x_wconf 92' lang='lat' dir='ltr'>S.</span> <span class='ocrx_word' id='word_1_117' title='bbox 1047 1525 1117 1606; x_wconf 75' lang='lat' dir='ltr'>Lip.</span> <span class='ocrx_word' id='word_1_118' title='bbox 1134 1546 1165 1586; x_wconf 86' lang='lat' dir='ltr'>n.</span> <span class='ocrx_word' id='word_1_119' title='bbox 1181 1531 1251 1591; x_wconf 81' lang='grc'>619.</span> 
     </span>
    </p>

    <p class='ocr_par' dir='ltr' id='par_1_5' title="bbox 131 1611 1405 2825">
     <span class='ocr_line' id='line_1_14' title="bbox 170 1611 1400 1694; baseline 0.002 -18"><span class='ocrx_word' id='word_1_120' title='bbox 170 1617 209 1676; x_wconf 92' lang='lat'>11.</span> <span class='ocrx_word' id='word_1_121' title='bbox 224 1617 316 1676; x_wconf 88' lang='lat' dir='ltr'>Error</span> <span class='ocrx_word' id='word_1_122' title='bbox 330 1613 409 1676; x_wconf 90' lang='lat' dir='ltr'>circa</span> <span class='ocrx_word' id='word_1_123' title='bbox 427 1611 593 1676; x_wconf 86' lang='lat' dir='ltr'>accidentia</span> <span class='ocrx_word' id='word_1_124' title='bbox 613 1612 816 1684; x_wconf 87' lang='lat' dir='ltr'>Sacramenti,</span> <span class='ocrx_word' id='word_1_125' title='bbox 839 1631 871 1674; x_wconf 87' lang='lat' dir='ltr'>v.</span> <span class='ocrx_word' id='word_1_126' title='bbox 888 1630 947 1690; x_wconf 89' lang='lat' dir='ltr'>gr.,</span> <span class='ocrx_word' id='word_1_127' title='bbox 969 1613 1047 1675; x_wconf 91' lang='lat' dir='ltr'>circa</span> <span class='ocrx_word' id='word_1_128' title='bbox 1063 1613 1270 1694; x_wconf 71' lang='lat' dir='ltr'>integritatem</span> <span class='ocrx_word' id='word_1_129' title='bbox 1286 1616 1400 1678; x_wconf 82' lang='lat' dir='ltr'>confes-</span> 
     </span>
     <span class='ocr_line' id='line_1_15' title="bbox 131 1699 1401 1784; baseline 0.001 -18"><span class='ocrx_word' id='word_1_130' title='bbox 131 1703 237 1776; x_wconf 84' lang='lat' dir='ltr'>sionis,</span> <span class='ocrx_word' id='word_1_131' title='bbox 254 1721 316 1764; x_wconf 88' lang='lat' dir='ltr'>non</span> <span class='ocrx_word' id='word_1_132' title='bbox 330 1708 376 1763; x_wconf 88' lang='lat' dir='ltr'>est</span> <span class='ocrx_word' id='word_1_133' title='bbox 388 1702 573 1782; x_wconf 87' lang='lat' dir='ltr'>reparandus</span> <span class='ocrx_word' id='word_1_134' title='bbox 587 1707 674 1762; x_wconf 81' lang='lat' dir='ltr'>extra</span> <span class='ocrx_word' id='word_1_135' title='bbox 688 1699 921 1773; x_wconf 80' lang='lat' dir='ltr'>confessionem,</span> <span class='ocrx_word' id='word_1_136' title='bbox 935 1701 961 1763; x_wconf 91' lang='lat' dir='ltr'>si</span> <span class='ocrx_word' id='word_1_137' title='bbox 975 1701 1182 1765; x_wconf 80' lang='lat' dir='ltr'>Confessarius</span> <span class='ocrx_word' id='word_1_138' title='bbox 1196 1704 1230 1765; x_wconf 93' lang='lat' dir='ltr'>in</span> <span class='ocrx_word' id='word_1_139' title='bbox 1242 1705 1298 1766; x_wconf 89' lang='lat' dir='ltr'>hoo</span> <span class='ocrx_word' id='word_1_140' title='bbox 1312 1723 1401 1784; x_wconf 87' lang='lat' dir='ltr'>nega-</span> 
     </span>
     <span class='ocr_line' id='line_1_16' title="bbox 132 1786 1401 1868; baseline 0 -14"><span class='ocrx_word' id='word_1_141' title='bbox 132 1791 195 1854; x_wconf 85' lang='lat' dir='ltr'>tive</span> <span class='ocrx_word' id='word_1_142' title='bbox 217 1795 352 1861; x_wconf 86' lang='lat' dir='ltr'>tantum,</span> <span class='ocrx_word' id='word_1_143' title='bbox 375 1789 431 1850; x_wconf 86' lang='lat' dir='ltr'>etsi</span> <span class='ocrx_word' id='word_1_144' title='bbox 450 1787 651 1868; x_wconf 84' lang='lat' dir='ltr'>culpabiliter,</span> <span class='ocrx_word' id='word_1_145' title='bbox 673 1805 704 1848; x_wconf 91' lang='lat' dir='ltr'>se</span> <span class='ocrx_word' id='word_1_146' title='bbox 722 1786 885 1850; x_wconf 87' lang='lat' dir='ltr'>habuerit:</span> <span class='ocrx_word' id='word_1_147' title='bbox 902 1788 997 1862; x_wconf 86' lang='lat' dir='ltr'>ratio,</span> <span class='ocrx_word' id='word_1_148' title='bbox 1018 1789 1092 1868; x_wconf 89' lang='lat' dir='ltr'>quia</span> <span class='ocrx_word' id='word_1_149' title='bbox 1110 1791 1316 1854; x_wconf 83' lang='lat' dir='ltr'>Goulessarius</span> <span class='ocrx_word' id='word_1_150' title='bbox 1339 1811 1401 1854; x_wconf 91' lang='lat' dir='ltr'>non</span> 
     </span>
     <span class='ocr_line' id='line_1_17' title="bbox 131 1875 1402 1958; baseline 0 -18"><span class='ocrx_word' id='word_1_151' title='bbox 131 1884 255 1941; x_wconf 90' lang='lat' dir='ltr'>tenetur</span> <span class='ocrx_word' id='word_1_152' title='bbox 268 1894 427 1956; x_wconf 89' lang='lat' dir='ltr'>procurare</span> <span class='ocrx_word' id='word_1_153' title='bbox 447 1875 658 1954; x_wconf 72' lang='lat' dir='ltr'>integritatem</span> <span class='ocrx_word' id='word_1_154' title='bbox 683 1875 870 1936; x_wconf 86' lang='lat' dir='ltr'>Sacramenti</span> <span class='ocrx_word' id='word_1_155' title='bbox 890 1882 921 1938; x_wconf 90' lang='lat' dir='ltr'>et</span> <span class='ocrx_word' id='word_1_156' title='bbox 939 1875 1108 1938; x_wconf 86' lang='lat' dir='ltr'>utilitatem</span> <span class='ocrx_word' id='word_1_157' title='bbox 1127 1879 1321 1958; x_wconf 72' lang='lat' dir='ltr'>paenitentis,</span> <span class='ocrx_word' id='word_1_158' title='bbox 1340 1880 1402 1942; x_wconf 90' lang='lat' dir='ltr'>uisi</span> 
     </span>
     <span class='ocr_line' id='line_1_18' title="bbox 132 1962 1403 2048; baseline 0.001 -19"><span class='ocrx_word' id='word_1_159' title='bbox 132 1967 166 2028; x_wconf 91' lang='lat' dir='ltr'>in</span> <span class='ocrx_word' id='word_1_160' title='bbox 180 1963 380 2040; x_wconf 78' lang='lat' dir='ltr'>confessione,</span> <span class='ocrx_word' id='word_1_161' title='bbox 398 1969 433 2026; x_wconf 91' lang='lat' dir='ltr'>ut</span> <span class='ocrx_word' id='word_1_162' title='bbox 449 1963 585 2026; x_wconf 89' lang='lat' dir='ltr'>medicus</span> <span class='ocrx_word' id='word_1_163' title='bbox 600 1962 769 2043; x_wconf 86' lang='lat' dir='ltr'>spiritualis</span> <span class='ocrx_word' id='word_1_164' title='bbox 785 1966 816 2025; x_wconf 88' lang='grc' dir='ltr'><strong>ει</strong></span> <span class='ocrx_word' id='word_1_165' title='bbox 828 1962 970 2026; x_wconf 81' lang='lat' dir='ltr'>minister</span> <span class='ocrx_word' id='word_1_166' title='bbox 983 1965 1181 2029; x_wconf 89' lang='lat' dir='ltr'>Sacramenti.</span> <span class='ocrx_word' id='word_1_167' title='bbox 1196 2003 1236 2012; x_wconf 87' lang='lat'>--</span> <span class='ocrx_word' id='word_1_168' title='bbox 1250 1972 1403 2048; x_wconf 86' lang='lat' dir='ltr'>Reparan-</span> 
     </span>
     <span class='ocr_line' id='line_1_19' title="bbox 132 2049 1403 2137; baseline 0.001 -20"><span class='ocrx_word' id='word_1_169' title='bbox 132 2056 192 2118; x_wconf 92' lang='lat' dir='ltr'>dus</span> <span class='ocrx_word' id='word_1_170' title='bbox 210 2059 256 2116; x_wconf 90' lang='lat' dir='ltr'>est</span> <span class='ocrx_word' id='word_1_171' title='bbox 276 2057 380 2115; x_wconf 88' lang='lat' dir='ltr'>autem</span> <span class='ocrx_word' id='word_1_172' title='bbox 398 2052 492 2115; x_wconf 88' lang='lat' dir='ltr'>etiarn</span> <span class='ocrx_word' id='word_1_173' title='bbox 511 2055 596 2114; x_wconf 81' lang='lat' dir='ltr'>extra</span> <span class='ocrx_word' id='word_1_174' title='bbox 618 2049 837 2114; x_wconf 78' lang='lat' dir='ltr'>confessionem</span> <span class='ocrx_word' id='word_1_175' title='bbox 857 2070 950 2126; x_wconf 90' lang='lat' dir='ltr'>error,</span> <span class='ocrx_word' id='word_1_176' title='bbox 975 2052 1001 2114; x_wconf 91' lang='lat' dir='ltr'>si</span> <span class='ocrx_word' id='word_1_177' title='bbox 1021 2054 1153 2134; x_wconf 87' lang='lat' dir='ltr'>positive</span> <span class='ocrx_word' id='word_1_178' title='bbox 1170 2059 1200 2117; x_wconf 88' lang='lat' dir='ltr'>et</span> <span class='ocrx_word' id='word_1_179' title='bbox 1226 2074 1297 2118; x_wconf 91' lang='lat' dir='ltr'>oum</span> <span class='ocrx_word' id='word_1_180' title='bbox 1316 2057 1403 2137; x_wconf 89' lang='lat' dir='ltr'>culpa</span> 
     </span>
     <span class='ocr_line' id='line_1_20' title="bbox 133 2139 1404 2226; baseline 0.002 -20"><span class='ocrx_word' id='word_1_181' title='bbox 133 2143 219 2223; x_wconf 89' lang='lat' dir='ltr'>gravi</span> <span class='ocrx_word' id='word_1_182' title='bbox 233 2141 416 2204; x_wconf 88' lang='lat' dir='ltr'>commissus</span> <span class='ocrx_word' id='word_1_183' title='bbox 430 2141 538 2216; x_wconf 89' lang='lat' dir='ltr'>luerit,</span> <span class='ocrx_word' id='word_1_184' title='bbox 554 2141 644 2204; x_wconf 88' lang='lat' dir='ltr'>modo</span> <span class='ocrx_word' id='word_1_185' title='bbox 659 2139 691 2202; x_wconf 91' lang='lat' dir='ltr'>id</span> <span class='ocrx_word' id='word_1_186' title='bbox 704 2139 770 2202; x_wconf 91' lang='lat' dir='ltr'>fieri</span> <span class='ocrx_word' id='word_1_187' title='bbox 794 2140 891 2220; x_wconf 86' lang='lat' dir='ltr'>possit</span> <span class='ocrx_word' id='word_1_188' title='bbox 909 2141 975 2204; x_wconf 90' lang='lat' dir='ltr'>sine</span> <span class='ocrx_word' id='word_1_189' title='bbox 997 2144 1137 2207; x_wconf 88' lang='lat' dir='ltr'>scandalo</span> <span class='ocrx_word' id='word_1_190' title='bbox 1150 2150 1181 2206; x_wconf 93' lang='lat' dir='ltr'>et</span> <span class='ocrx_word' id='word_1_191' title='bbox 1198 2144 1284 2224; x_wconf 86' lang='lat' dir='ltr'>gravi</span> <span class='ocrx_word' id='word_1_192' title='bbox 1306 2145 1404 2226; x_wconf 92' lang='lat' dir='ltr'>ipsius</span> 
     </span>
     <span class='ocr_line' id='line_1_21' title="bbox 132 2229 1403 2314; baseline 0.001 -18"><span class='ocrx_word' id='word_1_193' title='bbox 132 2230 313 2296; x_wconf 74' lang='lat' dir='ltr'>confessarii</span> <span class='ocrx_word' id='word_1_194' title='bbox 328 2229 519 2293; x_wconf 86' lang='lat' dir='ltr'>incommodo</span> <span class='ocrx_word' id='word_1_195' title='bbox 533 2249 541 2291; x_wconf 80' lang='grc' dir='ltr'><strong>ε</strong></span> <span class='ocrx_word' id='word_1_196' title='bbox 557 2230 636 2291; x_wconf 88' lang='lat' dir='ltr'>ratio</span> <span class='ocrx_word' id='word_1_197' title='bbox 654 2235 713 2305; x_wconf 89' lang='lat' dir='ltr'>est,</span> <span class='ocrx_word' id='word_1_198' title='bbox 730 2229 803 2310; x_wconf 89' lang='lat' dir='ltr'>quia</span> <span class='ocrx_word' id='word_1_199' title='bbox 817 2248 853 2292; x_wconf 82' lang='lat' dir='ltr'>ex</span> <span class='ocrx_word' id='word_1_200' title='bbox 866 2232 936 2311; x_wconf 89' lang='lat' dir='ltr'>jure</span> <span class='ocrx_word' id='word_1_201' title='bbox 950 2231 1085 2294; x_wconf 88' lang='lat' dir='ltr'>naturali</span> <span class='ocrx_word' id='word_1_202' title='bbox 1099 2232 1229 2314; x_wconf 82' lang='lat' dir='ltr'>quiaque</span> <span class='ocrx_word' id='word_1_203' title='bbox 1243 2234 1332 2296; x_wconf 86' lang='lat' dir='ltr'>debet</span> <span class='ocrx_word' id='word_1_204' title='bbox 1345 2235 1403 2297; x_wconf 89' lang='lat' dir='ltr'>tol-</span> 
     </span>
     <span class='ocr_line' id='line_1_22' title="bbox 133 2317 1403 2401; baseline 0.002 -17"><span class='ocrx_word' id='word_1_205' title='bbox 133 2323 193 2384; x_wconf 89' lang='lat' dir='ltr'>lere</span> <span class='ocrx_word' id='word_1_206' title='bbox 207 2337 329 2382; x_wconf 90' lang='lat' dir='ltr'>causam</span> <span class='ocrx_word' id='word_1_207' title='bbox 346 2318 490 2392; x_wconf 78' lang='lat' dir='ltr'>violandi,</span> <span class='ocrx_word' id='word_1_208' title='bbox 503 2317 597 2380; x_wconf 89' lang='lat' dir='ltr'>etiam</span> <span class='ocrx_word' id='word_1_209' title='bbox 613 2317 822 2392; x_wconf 83' lang='lat' dir='ltr'>materialiter,</span> <span class='ocrx_word' id='word_1_210' title='bbox 837 2318 989 2399; x_wconf 75' lang='lat' dir='ltr'>precepti,</span> <span class='ocrx_word' id='word_1_211' title='bbox 1000 2338 1094 2401; x_wconf 88' lang='lat' dir='ltr'>quam</span> <span class='ocrx_word' id='word_1_212' title='bbox 1106 2320 1236 2401; x_wconf 85' lang='lat' dir='ltr'>positive</span> <span class='ocrx_word' id='word_1_213' title='bbox 1250 2327 1281 2384; x_wconf 90' lang='lat' dir='ltr'>et</span> <span class='ocrx_word' id='word_1_214' title='bbox 1295 2323 1403 2386; x_wconf 87' lang='lat' dir='ltr'>volun-</span> 
     </span>
     <span class='ocr_line' id='line_1_23' title="bbox 134 2405 1405 2492; baseline 0.002 -20"><span class='ocrx_word' id='word_1_215' title='bbox 134 2409 210 2472; x_wconf 89' lang='lat' dir='ltr'>tarie</span> <span class='ocrx_word' id='word_1_216' title='bbox 224 2408 311 2472; x_wconf 87' lang='lat' dir='ltr'>alteri</span> <span class='ocrx_word' id='word_1_217' title='bbox 325 2407 442 2489; x_wconf 84' lang='lat' dir='ltr'>posuit,</span> <span class='ocrx_word' id='word_1_218' title='bbox 458 2407 520 2469; x_wconf 88' lang='lat' dir='ltr'>nisi</span> <span class='ocrx_word' id='word_1_219' title='bbox 534 2406 615 2469; x_wconf 87' lang='lat' dir='ltr'>adsit</span> <span class='ocrx_word' id='word_1_220' title='bbox 628 2405 874 2492; x_wconf 80' lang='lat' dir='ltr'>incommodum,</span> <span class='ocrx_word' id='word_1_221' title='bbox 891 2409 972 2488; x_wconf 87' lang='lat' dir='ltr'>quod</span> <span class='ocrx_word' id='word_1_222' title='bbox 986 2426 1040 2488; x_wconf 89' lang='lat' dir='ltr'>per</span> <span class='ocrx_word' id='word_1_223' title='bbox 1054 2427 1085 2472; x_wconf 89' lang='grc' dir='ltr'>εε</span> <span class='ocrx_word' id='word_1_224' title='bbox 1099 2409 1247 2474; x_wconf 86' lang='lat' dir='ltr'>sufficeret</span> <span class='ocrx_word' id='word_1_225' title='bbox 1261 2412 1300 2474; x_wconf 90' lang='lat' dir='ltr'>ad</span> <span class='ocrx_word' id='word_1_226' title='bbox 1313 2430 1405 2474; x_wconf 83' lang='lat' dir='ltr'>excu-</span> 
     </span>
     <span class='ocr_line' id='line_1_24' title="bbox 136 2495 1405 2577; baseline 0.004 -18"><span class='ocrx_word' id='word_1_227' title='bbox 136 2498 267 2560; x_wconf 86' lang='lat' dir='ltr'>sandum</span> <span class='ocrx_word' id='word_1_228' title='bbox 282 2497 320 2559; x_wconf 89' lang='lat' dir='ltr'>ab</span> <span class='ocrx_word' id='word_1_229' title='bbox 334 2497 401 2577; x_wconf 88' lang='lat' dir='ltr'>ipsa</span> <span class='ocrx_word' id='word_1_230' title='bbox 420 2495 563 2576; x_wconf 86' lang='lat' dir='ltr'>praecepti</span> <span class='ocrx_word' id='word_1_231' title='bbox 582 2495 811 2558; x_wconf 88' lang='lat' dir='ltr'>observatione:</span> <span class='ocrx_word' id='word_1_232' title='bbox 827 2495 989 2576; x_wconf 87' lang='lat' dir='ltr'>integritas</span> <span class='ocrx_word' id='word_1_233' title='bbox 1010 2503 1115 2560; x_wconf 88' lang='lat' dir='ltr'>autem</span> <span class='ocrx_word' id='word_1_234' title='bbox 1135 2499 1323 2562; x_wconf 81' lang='lat' dir='ltr'>sacramenti</span> <span class='ocrx_word' id='word_1_235' title='bbox 1342 2519 1405 2564; x_wconf 91' lang='lat' dir='ltr'>non</span> 
     </span>
     <span class='ocr_line' id='line_1_25' title="bbox 134 2584 1401 2668; baseline 0.002 -19"><span class='ocrx_word' id='word_1_236' title='bbox 134 2585 247 2666; x_wconf 90' lang='lat' dir='ltr'>obligat</span> <span class='ocrx_word' id='word_1_237' title='bbox 269 2604 340 2648; x_wconf 89' lang='lat' dir='ltr'>oum</span> <span class='ocrx_word' id='word_1_238' title='bbox 366 2585 452 2665; x_wconf 84' lang='lat' dir='ltr'>gravi</span> <span class='ocrx_word' id='word_1_239' title='bbox 477 2584 680 2647; x_wconf 83' lang='lat' dir='ltr'>incommodo.</span> <span class='ocrx_word' id='word_1_240' title='bbox 708 2585 875 2659; x_wconf 85' lang='lat' dir='ltr'>Quaerenda</span> <span class='ocrx_word' id='word_1_241' title='bbox 896 2590 1000 2648; x_wconf 85' lang='lat' dir='ltr'>tamen</span> <span class='ocrx_word' id='word_1_242' title='bbox 1023 2590 1069 2649; x_wconf 92' lang='lat' dir='ltr'>est</span> <span class='ocrx_word' id='word_1_243' title='bbox 1094 2587 1272 2668; x_wconf 71' lang='lat' dir='ltr'>paenitentis</span> <span class='ocrx_word' id='word_1_244' title='bbox 1297 2589 1401 2666; x_wconf 89' lang='lat' dir='ltr'>venia,</span> 
     </span>
     <span class='ocr_line' id='line_1_26' title="bbox 133 2672 1401 2759; baseline 0.003 -23"><span class='ocrx_word' id='word_1_245' title='bbox 133 2693 228 2756; x_wconf 87' lang='lat' dir='ltr'>quam</span> <span class='ocrx_word' id='word_1_246' title='bbox 242 2673 268 2736; x_wconf 89' lang='lat' dir='ltr'>si</span> <span class='ocrx_word' id='word_1_247' title='bbox 282 2673 434 2754; x_wconf 81' lang='lat' dir='ltr'>poenitens</span> <span class='ocrx_word' id='word_1_248' title='bbox 449 2677 551 2752; x_wconf 89' lang='lat' dir='ltr'>neget,</span> <span class='ocrx_word' id='word_1_249' title='bbox 568 2672 775 2736; x_wconf 75' lang='lat' dir='ltr'>confessarius</span> <span class='ocrx_word' id='word_1_250' title='bbox 788 2674 827 2735; x_wconf 91' lang='lat' dir='ltr'>ad</span> <span class='ocrx_word' id='word_1_251' title='bbox 842 2672 920 2736; x_wconf 88' lang='lat' dir='ltr'>nihil</span> <span class='ocrx_word' id='word_1_252' title='bbox 934 2675 1064 2738; x_wconf 91' lang='lat' dir='ltr'>ulterius</span> <span class='ocrx_word' id='word_1_253' title='bbox 1078 2680 1212 2738; x_wconf 89' lang='lat' dir='ltr'>tenetur.</span> <span class='ocrx_word' id='word_1_254' title='bbox 1223 2712 1263 2722; x_wconf 94' lang='lat'>-</span> <span class='ocrx_word' id='word_1_255' title='bbox 1280 2677 1316 2739; x_wconf 89' lang='lat' dir='ltr'>S.</span> <span class='ocrx_word' id='word_1_256' title='bbox 1331 2677 1401 2759; x_wconf 75' lang='lat' dir='ltr'>Liq.</span> 
     </span>
     <span class='ocr_line' id='line_1_27' title="bbox 133 2766 251 2825; baseline -0.008 -3"><span class='ocrx_word' id='word_1_257' title='bbox 133 2785 165 2823; x_wconf 84' lang='lat' dir='ltr'>n.</span> <span class='ocrx_word' id='word_1_258' title='bbox 182 2766 251 2825; x_wconf 72' lang='lat'>620.</span> 
     </span>
    </p>

    <p class='ocr_par' dir='ltr' id='par_1_6' title="bbox 133 2847 1404 3266">
     <span class='ocr_line' id='line_1_28' title="bbox 174 2847 1404 2927; baseline 0.003 -17"><span class='ocrx_word' id='word_1_259' title='bbox 174 2852 224 2910; x_wconf 90' lang='grc' dir='ltr'>ΙΙΙ.</span> <span class='ocrx_word' id='word_1_260' title='bbox 241 2849 383 2913; x_wconf 91' lang='lat' dir='ltr'>—Nulla</span> <span class='ocrx_word' id='word_1_261' title='bbox 401 2848 459 2910; x_wconf 89' lang='lat' dir='ltr'>erit</span> <span class='ocrx_word' id='word_1_262' title='bbox 476 2847 619 2927; x_wconf 87' lang='lat' dir='ltr'>obligatio</span> <span class='ocrx_word' id='word_1_263' title='bbox 638 2849 784 2910; x_wconf 87' lang='lat' dir='ltr'>monendi</span> <span class='ocrx_word' id='word_1_264' title='bbox 802 2855 889 2911; x_wconf 85' lang='lat' dir='ltr'>extra</span> <span class='ocrx_word' id='word_1_265' title='bbox 907 2851 1140 2926; x_wconf 86' lang='lat' dir='ltr'>confessionem,</span> <span class='ocrx_word' id='word_1_266' title='bbox 1162 2851 1188 2914; x_wconf 88' lang='lat' dir='ltr'>si</span> <span class='ocrx_word' id='word_1_267' title='bbox 1207 2852 1288 2914; x_wconf 92' lang='lat' dir='ltr'>bona</span> <span class='ocrx_word' id='word_1_268' title='bbox 1301 2851 1360 2914; x_wconf 90' lang='lat' dir='ltr'>fide</span> <span class='ocrx_word' id='word_1_269' title='bbox 1373 2859 1404 2914; x_wconf 93' lang='lat' dir='ltr'>et</span> 
     </span>
     <span class='ocr_line' id='line_1_29' title="bbox 134 2936 1402 3016; baseline 0.002 -17"><span class='ocrx_word' id='word_1_270' title='bbox 134 2937 202 3000; x_wconf 90' lang='lat' dir='ltr'>sine</span> <span class='ocrx_word' id='word_1_271' title='bbox 215 2936 317 3016; x_wconf 90' lang='lat' dir='ltr'>culpa,</span> <span class='ocrx_word' id='word_1_272' title='bbox 340 2936 547 2999; x_wconf 79' lang='lat' dir='ltr'>confessarius</span> <span class='ocrx_word' id='word_1_273' title='bbox 565 2936 722 2998; x_wconf 84' lang='lat' dir='ltr'>induxerit</span> <span class='ocrx_word' id='word_1_274' title='bbox 740 2937 941 3016; x_wconf 71' lang='lat' dir='ltr'>poenitentem</span> <span class='ocrx_word' id='word_1_275' title='bbox 959 2940 996 3002; x_wconf 88' lang='lat' dir='ltr'>ad</span> <span class='ocrx_word' id='word_1_276' title='bbox 1011 2939 1162 3002; x_wconf 85' lang='lat' dir='ltr'>defectum</span> <span class='ocrx_word' id='word_1_277' title='bbox 1176 2939 1402 3002; x_wconf 86' lang='lat' dir='ltr'>admittendum</span> 
     </span>
     <span class='ocr_line' id='line_1_30' title="bbox 134 3021 1402 3108; baseline 0.002 -19"><span class='ocrx_word' id='word_1_278' title='bbox 134 3026 214 3090; x_wconf 90' lang='lat' dir='ltr'>circa</span> <span class='ocrx_word' id='word_1_279' title='bbox 226 3024 434 3104; x_wconf 85' lang='lat' dir='ltr'>integritatem</span> <span class='ocrx_word' id='word_1_280' title='bbox 448 3021 657 3097; x_wconf 84' lang='lat' dir='ltr'>confessionis,</span> <span class='ocrx_word' id='word_1_281' title='bbox 672 3023 745 3103; x_wconf 87' lang='lat' dir='ltr'>quia</span> <span class='ocrx_word' id='word_1_282' title='bbox 758 3029 832 3086; x_wconf 92' lang='lat' dir='ltr'>tunc</span> <span class='ocrx_word' id='word_1_283' title='bbox 845 3025 979 3088; x_wconf 88' lang='lat' dir='ltr'>minima</span> <span class='ocrx_word' id='word_1_284' title='bbox 988 3045 1094 3103; x_wconf 88' lang='lat' dir='ltr'>causa,</span> <span class='ocrx_word' id='word_1_285' title='bbox 1105 3045 1175 3108; x_wconf 72' lang='lat' dir='ltr'>quaa</span> <span class='ocrx_word' id='word_1_286' title='bbox 1189 3028 1311 3090; x_wconf 87' lang='lat' dir='ltr'>aliunde</span> <span class='ocrx_word' id='word_1_287' title='bbox 1324 3047 1402 3090; x_wconf 89' lang='lat' dir='ltr'>sem-</span> 
     </span>
     <span class='ocr_line' id='line_1_31' title="bbox 133 3111 1403 3196; baseline 0.002 -20"><span class='ocrx_word' id='word_1_288' title='bbox 133 3133 188 3196; x_wconf 92' lang='lat' dir='ltr'>per</span> <span class='ocrx_word' id='word_1_289' title='bbox 201 3114 286 3177; x_wconf 87' lang='lat' dir='ltr'>adest</span> <span class='ocrx_word' id='word_1_290' title='bbox 299 3119 420 3193; x_wconf 89' lang='lat' dir='ltr'>propter</span> <span class='ocrx_word' id='word_1_291' title='bbox 432 3112 577 3174; x_wconf 90' lang='lat' dir='ltr'>ruborem</span> <span class='ocrx_word' id='word_1_292' title='bbox 597 3117 627 3173; x_wconf 94' lang='lat' dir='ltr'>et</span> <span class='ocrx_word' id='word_1_293' title='bbox 641 3111 869 3174; x_wconf 87' lang='lat' dir='ltr'>incommodum</span> <span class='ocrx_word' id='word_1_294' title='bbox 884 3115 1044 3190; x_wconf 88' lang='lat' dir='ltr'>monendi,</span> <span class='ocrx_word' id='word_1_295' title='bbox 1062 3121 1187 3178; x_wconf 81' lang='lat' dir='ltr'>excusat</span> <span class='ocrx_word' id='word_1_296' title='bbox 1201 3135 1219 3178; x_wconf 89' lang='lat' dir='ltr'>a</span> <span class='ocrx_word' id='word_1_297' title='bbox 1232 3115 1403 3179; x_wconf 89' lang='lat' dir='ltr'>monitione</span> 
     </span>
     <span class='ocr_line' id='line_1_32' title="bbox 133 3201 1189 3266; baseline -0.012 0"><span class='ocrx_word' id='word_1_298' title='bbox 133 3203 332 3266; x_wconf 56' lang='grc'>11611111.-</span> <span class='ocrx_word' id='word_1_299' title='bbox 349 3201 399 3264; x_wconf 87' lang='lat' dir='ltr'>Ito</span> <span class='ocrx_word' id='word_1_300' title='bbox 414 3203 621 3264; x_wconf 80' lang='lat' dir='ltr'>communiter.</span> <span class='ocrx_word' id='word_1_301' title='bbox 1181 3217 1189 3236; x_wconf 88' lang='lat'><strong>·</strong></span> 
     </span>
    </p>
   </div>
   <div class='ocr_carea' id='block_1_5' title="bbox 254 3323 448 3426">
    <p class='ocr_par' dir='ltr' id='par_1_7' title="bbox 254 3323 448 3426">
     <span class='ocr_line' id='line_1_33' title="bbox 254 3323 448 3426; baseline -0.021 -15"><span class='ocrx_word' id='word_1_302' title='bbox 254 3323 448 3426; x_wconf 79' lang='lat' dir='ltr'>Quaeslta.</span> 
     </span>
    </p>
   </div>
   <div class='ocr_carea' id='block_1_6' title="bbox 133 3473 1408 4533">
    <p class='ocr_par' dir='ltr' id='par_1_8' title="bbox 135 3473 1406 3648">
     <span class='ocr_line' id='line_1_34' title="bbox 174 3473 1406 3560; baseline -0.003 -20"><span class='ocrx_word' id='word_1_303' title='bbox 174 3479 245 3540; x_wconf 87' lang='grc'>611.</span> <span class='ocrx_word' id='word_1_304' title='bbox 266 3513 306 3522; x_wconf 94' lang='grc'><strong>-</strong></span> <span class='ocrx_word' id='word_1_305' title='bbox 334 3480 485 3553; x_wconf 61' lang='grc' dir='ltr'>01111111θ</span> <span class='ocrx_word' id='word_1_306' title='bbox 505 3475 555 3538; x_wconf 79' lang='lat' dir='ltr'>Ao</span> <span class='ocrx_word' id='word_1_307' title='bbox 574 3473 649 3557; x_wconf 83' lang='lat' dir='ltr'>quid</span> <span class='ocrx_word' id='word_1_308' title='bbox 662 3483 799 3537; x_wconf 80' lang='lat' dir='ltr'>teneatur</span> <span class='ocrx_word' id='word_1_309' title='bbox 816 3473 1028 3555; x_wconf 81' lang='lat' dir='ltr'>Confessorius</span> <span class='ocrx_word' id='word_1_310' title='bbox 1043 3479 1098 3558; x_wconf 86' lang='lat' dir='ltr'>qui</span> <span class='ocrx_word' id='word_1_311' title='bbox 1112 3476 1244 3540; x_wconf 85' lang='lat' dir='ltr'>indebite</span> <span class='ocrx_word' id='word_1_312' title='bbox 1259 3479 1406 3560; x_wconf 76' lang='lat' dir='ltr'>preniten-</span> 
     </span>
     <span class='ocr_line' id='line_1_35' title="bbox 135 3563 1276 3648; baseline 0.001 -23"><span class='ocrx_word' id='word_1_313' title='bbox 135 3575 194 3628; x_wconf 83' lang='lat' dir='ltr'>tem</span> <span class='ocrx_word' id='word_1_314' title='bbox 208 3587 227 3626; x_wconf 88' lang='lat' dir='ltr'>a</span> <span class='ocrx_word' id='word_1_315' title='bbox 240 3567 428 3631; x_wconf 81' lang='lat' dir='ltr'>restitutione</span> <span class='ocrx_word' id='word_1_316' title='bbox 438 3564 578 3647; x_wconf 64' lang='lat' dir='ltr'>sacranda</span> <span class='ocrx_word' id='word_1_317' title='bbox 592 3563 692 3643; x_wconf 84' lang='lat' dir='ltr'>solvit,</span> <span class='ocrx_word' id='word_1_318' title='bbox 712 3563 785 3626; x_wconf 78' lang='lat' dir='ltr'>oete</span> <span class='ocrx_word' id='word_1_319' title='bbox 798 3568 954 3625; x_wconf 66' lang='lat' dir='ltr'>corbario</span> <span class='ocrx_word' id='word_1_320' title='bbox 967 3565 1009 3626; x_wconf 86' lang='lat' dir='ltr'>ad</span> <span class='ocrx_word' id='word_1_321' title='bbox 1023 3585 1089 3626; x_wconf 87' lang='lat' dir='ltr'>cam</span> <span class='ocrx_word' id='word_1_322' title='bbox 1103 3565 1276 3648; x_wconf 71' lang='lat' dir='ltr'>obligavit?</span> 
     </span>
    </p>

    <p class='ocr_par' dir='ltr' id='par_1_9' title="bbox 133 3652 1405 4088">
     <span class='ocr_line' id='line_1_36' title="bbox 175 3652 1405 3737; baseline 0.001 -20"><span class='ocrx_word' id='word_1_323' title='bbox 175 3655 263 3737; x_wconf 84' lang='lat' dir='ltr'>Resp.</span> <span class='ocrx_word' id='word_1_324' title='bbox 279 3661 332 3718; x_wconf 78' lang='lat'>1⁰:</span> <span class='ocrx_word' id='word_1_325' title='bbox 353 3655 385 3720; x_wconf 86' lang='lat' dir='ltr'>Si</span> <span class='ocrx_word' id='word_1_326' title='bbox 407 3674 445 3718; x_wconf 83' lang='lat' dir='ltr'>ex</span> <span class='ocrx_word' id='word_1_327' title='bbox 464 3654 583 3718; x_wconf 87' lang='lat' dir='ltr'>malitia</span> <span class='ocrx_word' id='word_1_328' title='bbox 601 3653 649 3718; x_wconf 85' lang='lat' dir='ltr'>vel</span> <span class='ocrx_word' id='word_1_329' title='bbox 667 3652 840 3734; x_wconf 89' lang='lat' dir='ltr'>ignorantia</span> <span class='ocrx_word' id='word_1_330' title='bbox 859 3652 1016 3728; x_wconf 82' lang='lat' dir='ltr'>vincibili,</span> <span class='ocrx_word' id='word_1_331' title='bbox 1038 3661 1095 3718; x_wconf 88' lang='lat' dir='ltr'>aut</span> <span class='ocrx_word' id='word_1_332' title='bbox 1112 3656 1199 3734; x_wconf 90' lang='lat' dir='ltr'>gravi</span> <span class='ocrx_word' id='word_1_333' title='bbox 1222 3654 1405 3736; x_wconf 87' lang='lat' dir='ltr'>negligentia</span> 
     </span>
     <span class='ocr_line' id='line_1_37' title="bbox 134 3742 1404 3825; baseline 0 -20"><span class='ocrx_word' id='word_1_334' title='bbox 134 3743 259 3806; x_wconf 88' lang='lat' dir='ltr'>solverit</span> <span class='ocrx_word' id='word_1_335' title='bbox 272 3743 407 3806; x_wconf 88' lang='lat' dir='ltr'>indebite</span> <span class='ocrx_word' id='word_1_336' title='bbox 420 3743 635 3825; x_wconf 69' lang='lat' dir='ltr'>paenitentem,</span> <span class='ocrx_word' id='word_1_337' title='bbox 652 3747 774 3806; x_wconf 88' lang='lat' dir='ltr'>tenetur</span> <span class='ocrx_word' id='word_1_338' title='bbox 787 3760 920 3804; x_wconf 90' lang='lat' dir='ltr'>errorem</span> <span class='ocrx_word' id='word_1_339' title='bbox 940 3742 1102 3823; x_wconf 90' lang='lat' dir='ltr'>corrigere;</span> <span class='ocrx_word' id='word_1_340' title='bbox 1124 3746 1206 3824; x_wconf 85' lang='lat' dir='ltr'>quod</span> <span class='ocrx_word' id='word_1_341' title='bbox 1221 3743 1248 3806; x_wconf 90' lang='lat' dir='ltr'>si</span> <span class='ocrx_word' id='word_1_342' title='bbox 1264 3761 1326 3806; x_wconf 91' lang='lat' dir='ltr'>non</span> <span class='ocrx_word' id='word_1_343' title='bbox 1340 3761 1404 3806; x_wconf 92' lang='lat' dir='ltr'>cor-</span> 
     </span>
     <span class='ocr_line' id='line_1_38' title="bbox 135 3830 1404 3914; baseline 0.002 -21"><span class='ocrx_word' id='word_1_344' title='bbox 135 3831 230 3912; x_wconf 88' lang='lat' dir='ltr'>rigat,</span> <span class='ocrx_word' id='word_1_345' title='bbox 246 3833 295 3894; x_wconf 88' lang='lat' dir='ltr'>vel</span> <span class='ocrx_word' id='word_1_346' title='bbox 314 3833 480 3914; x_wconf 78' lang='lat' dir='ltr'>penitens,</span> <span class='ocrx_word' id='word_1_347' title='bbox 496 3831 551 3913; x_wconf 87' lang='lat' dir='ltr'>qui</span> <span class='ocrx_word' id='word_1_348' title='bbox 565 3850 651 3894; x_wconf 88' lang='lat' dir='ltr'>secus</span> <span class='ocrx_word' id='word_1_349' title='bbox 665 3831 864 3906; x_wconf 88' lang='lat' dir='ltr'>restituisset,</span> <span class='ocrx_word' id='word_1_350' title='bbox 888 3830 1006 3894; x_wconf 90' lang='lat' dir='ltr'>interea</span> <span class='ocrx_word' id='word_1_351' title='bbox 1027 3831 1124 3896; x_wconf 85' lang='lat' dir='ltr'>lactus</span> <span class='ocrx_word' id='word_1_352' title='bbox 1139 3832 1181 3896; x_wconf 92' lang='lat' dir='ltr'>sit</span> <span class='ocrx_word' id='word_1_353' title='bbox 1198 3832 1351 3914; x_wconf 89' lang='lat' dir='ltr'>impotens</span> <span class='ocrx_word' id='word_1_354' title='bbox 1366 3834 1404 3895; x_wconf 90' lang='lat' dir='ltr'>ad</span> 
     </span>
     <span class='ocr_line' id='line_1_39' title="bbox 134 3919 1403 4003; baseline 0.002 -21"><span class='ocrx_word' id='word_1_355' title='bbox 134 3919 377 3996; x_wconf 87' lang='lat' dir='ltr'>restituendum,</span> <span class='ocrx_word' id='word_1_356' title='bbox 393 3919 599 3984; x_wconf 78' lang='lat' dir='ltr'>confessarius</span> <span class='ocrx_word' id='word_1_357' title='bbox 617 3920 682 4002; x_wconf 90' lang='lat' dir='ltr'>ipse</span> <span class='ocrx_word' id='word_1_358' title='bbox 700 3922 766 4002; x_wconf 87' lang='lat' dir='ltr'>ejus</span> <span class='ocrx_word' id='word_1_359' title='bbox 779 3921 842 3982; x_wconf 92' lang='lat' dir='ltr'>loco</span> <span class='ocrx_word' id='word_1_360' title='bbox 861 3920 1021 3984; x_wconf 89' lang='lat' dir='ltr'>restituere</span> <span class='ocrx_word' id='word_1_361' title='bbox 1036 3925 1166 3996; x_wconf 87' lang='lat' dir='ltr'>tenetur,</span> <span class='ocrx_word' id='word_1_362' title='bbox 1188 3920 1261 4003; x_wconf 80' lang='lat' dir='ltr'>qrria</span> <span class='ocrx_word' id='word_1_363' title='bbox 1275 3922 1328 4002; x_wconf 83' lang='lat' dir='ltr'>jus</span> <span class='ocrx_word' id='word_1_364' title='bbox 1342 3939 1403 3983; x_wconf 91' lang='lat' dir='ltr'>ore-</span> 
     </span>
     <span class='ocr_line' id='line_1_40' title="bbox 133 4007 1177 4088; baseline 0 -17"><span class='ocrx_word' id='word_1_365' title='bbox 133 4007 243 4071; x_wconf 88' lang='lat' dir='ltr'>ditoris</span> <span class='ocrx_word' id='word_1_366' title='bbox 254 4009 395 4082; x_wconf 88' lang='lat' dir='ltr'>violavit,</span> <span class='ocrx_word' id='word_1_367' title='bbox 411 4009 603 4088; x_wconf 83' lang='lat' dir='ltr'>impediendo</span> <span class='ocrx_word' id='word_1_368' title='bbox 616 4009 728 4072; x_wconf 91' lang='lat' dir='ltr'>scilicet</span> <span class='ocrx_word' id='word_1_369' title='bbox 743 4009 970 4073; x_wconf 88' lang='lat' dir='ltr'>restitutionem</span> <span class='ocrx_word' id='word_1_370' title='bbox 988 4010 1016 4072; x_wconf 90' lang='lat' dir='ltr'>ci</span> <span class='ocrx_word' id='word_1_371' title='bbox 1031 4009 1177 4073; x_wconf 89' lang='lat' dir='ltr'>debitam.</span> 
     </span>
    </p>

    <p class='ocr_par' dir='ltr' id='par_1_10' title="bbox 134 4096 1405 4354">
     <span class='ocr_line' id='line_1_41' title="bbox 176 4096 1404 4179; baseline 0.003 -21"><span class='ocrx_word' id='word_1_372' title='bbox 176 4096 265 4178; x_wconf 78' lang='lat' dir='ltr'>[terp.</span> <span class='ocrx_word' id='word_1_373' title='bbox 281 4101 316 4160; x_wconf 72' lang='lat'>2⁰</span> <span class='ocrx_word' id='word_1_374' title='bbox 330 4116 337 4158; x_wconf 92' lang='lat'>:</span> <span class='ocrx_word' id='word_1_375' title='bbox 352 4099 428 4159; x_wconf 81' lang='lat' dir='ltr'>llem</span> <span class='ocrx_word' id='word_1_376' title='bbox 446 4097 473 4158; x_wconf 91' lang='lat' dir='ltr'>si</span> <span class='ocrx_word' id='word_1_377' title='bbox 486 4115 523 4159; x_wconf 84' lang='lat' dir='ltr'>ex</span> <span class='ocrx_word' id='word_1_378' title='bbox 537 4097 656 4159; x_wconf 88' lang='lat' dir='ltr'>malitia</span> <span class='ocrx_word' id='word_1_379' title='bbox 673 4102 728 4159; x_wconf 90' lang='lat' dir='ltr'>aut</span> <span class='ocrx_word' id='word_1_380' title='bbox 744 4097 917 4177; x_wconf 89' lang='lat' dir='ltr'>ignorantia</span> <span class='ocrx_word' id='word_1_381' title='bbox 931 4098 980 4160; x_wconf 84' lang='lat' dir='ltr'>vel</span> <span class='ocrx_word' id='word_1_382' title='bbox 993 4097 1179 4178; x_wconf 91' lang='lat' dir='ltr'>negligentia</span> <span class='ocrx_word' id='word_1_383' title='bbox 1192 4099 1278 4179; x_wconf 84' lang='lat' dir='ltr'>gravi</span> <span class='ocrx_word' id='word_1_384' title='bbox 1291 4098 1404 4179; x_wconf 89' lang='lat' dir='ltr'>ohliga-</span> 
     </span>
     <span class='ocr_line' id='line_1_42' title="bbox 134 4184 1405 4268; baseline 0.001 -21"><span class='ocrx_word' id='word_1_385' title='bbox 134 4185 184 4247; x_wconf 91' lang='lat' dir='ltr'>vit</span> <span class='ocrx_word' id='word_1_386' title='bbox 205 4185 407 4266; x_wconf 71' lang='lat' dir='ltr'>poenitentem</span> <span class='ocrx_word' id='word_1_387' title='bbox 428 4186 466 4248; x_wconf 87' lang='lat' dir='ltr'>od</span> <span class='ocrx_word' id='word_1_388' title='bbox 486 4184 715 4248; x_wconf 88' lang='lat' dir='ltr'>restitutionem</span> <span class='ocrx_word' id='word_1_389' title='bbox 737 4185 921 4260; x_wconf 87' lang='lat' dir='ltr'>indebitam,</span> <span class='ocrx_word' id='word_1_390' title='bbox 937 4192 1058 4249; x_wconf 88' lang='lat' dir='ltr'>tenetur</span> <span class='ocrx_word' id='word_1_391' title='bbox 1078 4187 1252 4268; x_wconf 86' lang='lat' dir='ltr'>exjustitia</span> <span class='ocrx_word' id='word_1_392' title='bbox 1272 4205 1405 4251; x_wconf 88' lang='lat' dir='ltr'>errorem</span> 
     </span>
     <span class='ocr_line' id='line_1_43' title="bbox 134 4272 1344 4354; baseline 0.002 -18"><span class='ocrx_word' id='word_1_393' title='bbox 134 4277 313 4348; x_wconf 90' lang='lat' dir='ltr'>retractare;</span> <span class='ocrx_word' id='word_1_394' title='bbox 328 4272 397 4334; x_wconf 91' lang='lat' dir='ltr'>etsi</span> <span class='ocrx_word' id='word_1_395' title='bbox 412 4272 564 4352; x_wconf 84' lang='lat' dir='ltr'>poenitens</span> <span class='ocrx_word' id='word_1_396' title='bbox 572 4275 639 4353; x_wconf 87' lang='lat' dir='ltr'>jam</span> <span class='ocrx_word' id='word_1_397' title='bbox 649 4273 796 4348; x_wconf 85' lang='lat' dir='ltr'>restituit,</span> <span class='ocrx_word' id='word_1_398' title='bbox 817 4277 937 4336; x_wconf 85' lang='lat' dir='ltr'>tenetur</span> <span class='ocrx_word' id='word_1_399' title='bbox 947 4273 1013 4354; x_wconf 87' lang='lat' dir='ltr'>ipse</span> <span class='ocrx_word' id='word_1_400' title='bbox 1027 4274 1175 4338; x_wconf 86' lang='lat' dir='ltr'>damnum</span> <span class='ocrx_word' id='word_1_401' title='bbox 1191 4276 1344 4339; x_wconf 69' lang='lat' dir='ltr'>reserare.</span> 
     </span>
    </p>

    <p class='ocr_par' dir='ltr' id='par_1_11' title="bbox 134 4359 1408 4533">
     <span class='ocr_line' id='line_1_44' title="bbox 175 4359 1408 4443; baseline 0.002 -20"><span class='ocrx_word' id='word_1_402' title='bbox 175 4361 267 4442; x_wconf 84' lang='lat' dir='ltr'>Resp.</span> <span class='ocrx_word' id='word_1_403' title='bbox 283 4363 334 4424; x_wconf 82' lang='lat'>3⁰:</span> <span class='ocrx_word' id='word_1_404' title='bbox 350 4359 383 4424; x_wconf 84' lang='lat' dir='ltr'>si</span> <span class='ocrx_word' id='word_1_405' title='bbox 402 4359 626 4440; x_wconf 80' lang='lat' dir='ltr'>inculpabiliter</span> <span class='ocrx_word' id='word_1_406' title='bbox 645 4367 701 4422; x_wconf 88' lang='lat' dir='ltr'>aut</span> <span class='ocrx_word' id='word_1_407' title='bbox 719 4379 755 4422; x_wconf 87' lang='lat' dir='ltr'>ex</span> <span class='ocrx_word' id='word_1_408' title='bbox 775 4362 836 4424; x_wconf 88' lang='lat' dir='ltr'>levi</span> <span class='ocrx_word' id='word_1_409' title='bbox 852 4361 1037 4441; x_wconf 86' lang='lat' dir='ltr'>negligentia</span> <span class='ocrx_word' id='word_1_410' title='bbox 1052 4362 1254 4443; x_wconf 75' lang='lat' dir='ltr'>penitentem</span> <span class='ocrx_word' id='word_1_411' title='bbox 1273 4364 1408 4429; x_wconf 87' lang='lat' dir='ltr'>indebito</span> 
     </span>
     <span class='ocr_line' id='line_1_45' title="bbox 134 4448 1406 4533; baseline 0.001 -20"><span class='ocrx_word' id='word_1_412' title='bbox 134 4448 296 4530; x_wconf 86' lang='lat' dir='ltr'>obligavit,</span> <span class='ocrx_word' id='word_1_413' title='bbox 312 4449 360 4512; x_wconf 87' lang='lat' dir='ltr'>vel</span> <span class='ocrx_word' id='word_1_414' title='bbox 373 4449 412 4511; x_wconf 90' lang='lat' dir='ltr'>ab</span> <span class='ocrx_word' id='word_1_415' title='bbox 426 4448 609 4528; x_wconf 87' lang='lat' dir='ltr'>obligatione</span> <span class='ocrx_word' id='word_1_416' title='bbox 630 4449 735 4524; x_wconf 85' lang='lat' dir='ltr'>solvit,</span> <span class='ocrx_word' id='word_1_417' title='bbox 752 4454 875 4512; x_wconf 88' lang='lat' dir='ltr'>tenetur</span> <span class='ocrx_word' id='word_1_418' title='bbox 892 4469 930 4512; x_wconf 84' lang='lat' dir='ltr'>ex</span> <span class='ocrx_word' id='word_1_419' title='bbox 944 4450 1071 4532; x_wconf 87' lang='lat' dir='ltr'>justitia</span> <span class='ocrx_word' id='word_1_420' title='bbox 1089 4471 1222 4516; x_wconf 85' lang='lat' dir='ltr'>errorem</span> <span class='ocrx_word' id='word_1_421' title='bbox 1243 4453 1406 4533; x_wconf 83' lang='lat' dir='ltr'>corrigere,</span> 
     </span>
    </p>
   </div>
   <div class='ocr_carea' id='block_1_7' title="bbox 9 4535 1409 4628">
    <p class='ocr_par' dir='ltr' id='par_1_12' title="bbox 9 4535 1409 4628">
     <span class='ocr_line' id='line_1_46' title="bbox 9 4535 1409 4628; baseline 0 -28"><span class='ocrx_word' id='word_1_422' title='bbox 9 4621 13 4628; x_wconf 31' lang='grc' dir='ltr'>Ι</span> <span class='ocrx_word' id='word_1_423' title='bbox 135 4557 199 4601; x_wconf 91' lang='lat' dir='ltr'>non</span> <span class='ocrx_word' id='word_1_424' title='bbox 218 4543 321 4600; x_wconf 89' lang='lat' dir='ltr'>tamen</span> <span class='ocrx_word' id='word_1_425' title='bbox 342 4555 412 4601; x_wconf 91' lang='lat' dir='ltr'>curn</span> <span class='ocrx_word' id='word_1_426' title='bbox 431 4537 517 4620; x_wconf 85' lang='lat' dir='ltr'>gravi</span> <span class='ocrx_word' id='word_1_427' title='bbox 538 4535 739 4600; x_wconf 88' lang='lat' dir='ltr'>incommodo.</span> <span class='ocrx_word' id='word_1_428' title='bbox 760 4537 848 4601; x_wconf 87' lang='lat' dir='ltr'>Ratio</span> <span class='ocrx_word' id='word_1_429' title='bbox 867 4544 929 4614; x_wconf 90' lang='lat' dir='ltr'>est,</span> <span class='ocrx_word' id='word_1_430' title='bbox 946 4539 1020 4620; x_wconf 84' lang='lat' dir='ltr'>quia</span> <span class='ocrx_word' id='word_1_431' title='bbox 1039 4559 1076 4604; x_wconf 86' lang='lat' dir='ltr'>ex</span> <span class='ocrx_word' id='word_1_432' title='bbox 1095 4559 1159 4604; x_wconf 90' lang='lat' dir='ltr'>una</span> <span class='ocrx_word' id='word_1_433' title='bbox 1176 4547 1262 4622; x_wconf 80' lang='lat' dir='ltr'>parte</span> <span class='ocrx_word' id='word_1_434' title='bbox 1277 4541 1409 4623; x_wconf 89' lang='lat' dir='ltr'>quisque</span> 
     </span>
    </p>
   </div>
   <div class='ocr_carea' id='block_1_8' title="bbox 230 4642 1301 4704">
    <p class='ocr_par' dir='ltr' id='par_1_13' title="bbox 230 4642 1301 4704">
     <span class='ocr_line' id='line_1_47' title="bbox 230 4642 1301 4704; baseline -0.001 -10"><span class='ocrx_word' id='word_1_435' title='bbox 230 4653 301 4695; x_wconf 79' lang='lat' dir='ltr'>(tour.</span> <span class='ocrx_word' id='word_1_436' title='bbox 312 4675 339 4684; x_wconf 88' lang='lat'>—</span> <span class='ocrx_word' id='word_1_437' title='bbox 350 4653 408 4696; x_wconf 75' lang='lat' dir='ltr'>Torr.</span> <span class='ocrx_word' id='word_1_438' title='bbox 424 4653 455 4695; x_wconf 91' lang='lat' dir='ltr'>ll.</span> <span class='ocrx_word' id='word_1_439' title='bbox 905 4690 912 4704; x_wconf 81' lang='grc'><em>,</em></span> <span class='ocrx_word' id='word_1_440' title='bbox 1270 4642 1301 4694; x_wconf 82' lang='grc'>19</span> 
     </span>
    </p>
   </div>
   <div class='ocr_carea' id='block_1_9' title="bbox 0 0 1629 5044">
    <p class='ocr_par' dir='ltr' id='par_1_14' title="bbox 0 0 1629 5044">
     <span class='ocr_line' id='line_1_48' title="bbox 0 0 1629 5044; baseline 0 0"><span class='ocrx_word' id='word_1_441' title='bbox 0 0 1629 5044; x_wconf 95' lang='lat' dir='ltr'> </span> 
     </span>
    </p>
   </div>
  </div>
 </body>
</html>
