3198 5036
245 308 313 370 tte
776 315 982 362 1111111111

245 455 262 492 «
283 429 458 513 permittere
471 428 516 491 eis
529 425 785 491 communionem
803 427 967 507 plusquam
983 424 1074 487 semel
1088 427 1120 485 in
1135 423 1338 502 tetdomatm
1353 424 1417 488 imo
1428 433 1514 508 pote-

244 543 260 581 1
282 520 325 582 rit
345 517 505 599 expediens
525 535 590 578 esse
612 515 674 578 illis
695 515 859 596 aliquando
880 533 934 595 per
953 513 1105 594 integram
1123 513 1345 577 hebdomadam
1367 518 1516 579 Commu-

245 631 260 669 «
282 608 408 672 nionem
419 604 610 679 interdicere,
626 609 664 667 ut
675 607 822 686 majorem
836 601 1007 682 concipiant
1022 602 1179 666 horrorem
1197 603 1231 665 11
1248 621 1319 666 suos
1335 603 1467 668 defectus
1479 611 1516 668 et

243 720 260 758 o
281 700 428 778 majorem
441 713 512 774 erga
525 698 758 758 Sacramentum
767 692 825 755 boc
838 691 1077 754 reverentiam...
1093 714 1108 750 u
1124 689 1177 773 (Ν.
1193 693 1276 770 119.)

281 791 352 851 310.
366 821 406 831 -
421 806 437 843 1
452 787 567 846 Errant
579 787 659 844 certe
676 781 803 863 quidam
818 780 999 856 Directores,
1016 786 1047 842 et
1060 779 1197 843 multum
1211 799 1243 843 se
1256 781 1399 862 elongant
1416 801 1434 844 a
1449 783 1516 864 spi-

243 897 259 934 «
281 875 346 937 ritu
363 871 516 947 Ecclesiae,
530 872 621 946 dum,
638 869 704 934 sine
721 869 784 932 ullo
802 872 938 950 respectu
957 869 996 931 ad
1015 868 1200 948 exigentiam
1220 875 1275 933 aut
1295 887 1510 950 progressum,

242 985 257 1022 o
280 967 393 1044 negant
410 958 685 1024 indiscriminatim
711 956 967 1021 communionem
987 955 1194 1038 frequentem,
1217 976 1280 1020 uon
1305 957 1364 1021 alia
1388 959 1513 1024 ratione

241 1074 256 1112 o
280 1051 381 1126 ducti,
402 1067 496 1131 quam
517 1047 590 1129 quia
607 1046 748 1128 frequens
766 1051 823 1109 est.
843 1047 909 1126 lpse
928 1044 1133 1108 catechismus
1157 1047 1327 1122 Romanus,
1353 1047 1512 1127 explicans

241 1163 256 1200 o
280 1139 467 1203 desiderium
480 1137 574 1201 Cone.
592 1135 742 1204 fodent„
757 1141 793 1196 ut
808 1151 914 1197 omnes
925 1135 1081 1196 adstantes
1100 1135 1250 1198 Sacrificio
1262 1137 1509 1214 communicent,

241 1251 257 1289 o
278 1229 364 1292 docet
375 1245 439 1290 esse
455 1225 588 1289 officium
602 1223 727 1287 Paroebi
741 1223 844 1286 sedulo
857 1223 975 1284 hortari
993 1223 1095 1285 fideles
1113 1225 1152 1286 ad
1170 1224 1428 1287 Communionem
1443 1245 1512 1291 non

239 1340 255 1376 o
279 1318 368 1380 modo
388 1315 595 1396 frequentem,
615 1313 666 1375 sed
690 1311 916 1394 quotidianam,
935 1329 1007 1374 cum
1027 1311 1210 1391 obligatione
1223 1311 1399 1376 instruendi
1417 1313 1508 1392 illos,

239 1427 255 1464 o
277 1406 359 1486 quod
373 1405 452 1468 siout
470 1421 593 1483 eorpus,
608 1401 653 1464 ita
672 1407 703 1463 et
722 1400 827 1462 anima
849 1405 915 1480 eget
931 1398 1108 1480 quotidiano
1127 1399 1308 1463 alimento...
1323 1403 1452 1482 Insuper
1469 1403 1510 1466 in

238 1515 254 1553 o
275 1497 398 1557 Decreto
409 1491 579 1554 innocentii
593 1492 633 1554 XI
643 1488 813 1570 imponitur
830 1487 995 1569 Episcopis,
1013 1493 1049 1550 ut
1063 1486 1298 1568 diligentissime
1310 1499 1448 1567 caveant,
1465 1509 1509 1554 ne

237 1604 253 1642 o
275 1581 367 1648 alicui
380 1579 561 1645 communio
571 1580 746 1658 denegetur,
759 1577 854 1640 etiam
868 1575 1057 1657 quotidiana,
1071 1584 1103 1639 et
1114 1584 1262 1658 quaerant,
1279 1584 1315 1640 ut
1325 1597 1381 1658 par
1394 1585 1451 1655 est,
1467 1580 1509 1644 in

237 1692 252 1730 o
275 1671 340 1734 suis
353 1669 485 1734 subditis
499 1669 578 1731 banc
592 1667 671 1730 alere
682 1665 885 1729 devotionem.

276 1783 292 1820 o
314 1763 464 1823 Fatentur
478 1737 560 1821 ultro
579 1757 707 1838 quidam
726 1754 852 1835 spiritus
871 1753 1045 1835 rt'pidiores,
1060 1754 1178 1818 licitam
1199 1756 1325 1836 quidem
1342 1775 1407 1820 esse
1420 1775 1506 1821 oom-

236 1871 252 1908 o
275 1848 455 1912 munionem
473 1845 697 1928 quotidianam
714 1845 766 1907 sed
785 1843 892 1907 dicunt
910 1843 1026 1926 requiri
1044 1844 1082 1906 ad
1103 1844 1158 1906 boc
1179 1844 1315 1907 debitam
1329 1845 1506 1926 dispositio-

234 1959 251 1996 «
273 1956 357 2000 nem.
376 1937 434 2001 Sed
452 1936 528 1999 scire
548 1933 586 1997 ab
604 1934 681 2014 ipsis
699 1933 921 2006 desideramus,
938 1932 1088 2013 quidnam
1104 1931 1278 2013 intelligant
1296 1933 1352 1996 boc
1375 1935 1506 1999 nomine

234 2047 251 2086 o
274 2027 381 2088 debita
395 2023 624 2105 dispositionis?
638 2022 670 2086 si
681 2021 861 2102 intelligunt
874 2023 1011 2103 dignam,
1028 2021 1131 2103 ecquis
1149 2039 1288 2102 unquam
1304 2022 1424 2086 deberet
1438 2043 1507 2088 am·

234 2136 249 2172 o
272 2116 353 2196 plius
367 2115 406 2176 ad
420 2111 645 2175 Eucharistiam
659 2111 816 2172 accederet
826 2110 1009 2174 SolusJesus
1018 2111 1159 2174 Christus
1171 2109 1261 2190 digne
1275 2111 1504 2177 Eucharistiam

233 2224 249 2262 o
272 2201 415 2282 sumpsit,
431 2201 505 2280 quia
517 2198 598 2261 solus
612 2202 691 2261 Deus
705 2198 796 2278 digne
810 2201 907 2260 Deum
921 2198 1023 2279 potnit
1037 2199 1176 2279 recipere.
1191 2198 1222 2260 si
1235 2217 1305 2261 vero
1318 2201 1503 2264 convenien-

232 2311 248 2349 1
271 2297 335 2353 tem
349 2286 594 2368 dispositionem,
608 2287 673 2367 J‘am
690 2285 830 2366 superius
847 2286 965 2348 dictum
984 2293 1045 2360 est,
1062 2287 1144 2367 quod
1161 2287 1216 2362 iis,
1232 2287 1286 2368 qui
1302 2289 1432 2352 actualia
1445 2291 1503 2353 ba-

231 2400 248 2436 1
269 2379 344 2440 bent
357 2382 477 2457 peccata
489 2373 635 2449 venialia,
652 2381 708 2437 aut
721 2375 864 2436 affectum
881 2376 918 2437 ad
933 2375 1000 2449 illa,
1017 2375 1083 2437 sine
1095 2375 1244 2438 desiderio
1257 2378 1499 2454 emendationis,

231 2487 247 2525 o
269 2483 393 2545 aequum
406 2467 452 2526 est
465 2464 656 2544 frequentem
670 2463 917 2526 communionem
932 2465 1089 2544 denegare.
1106 2464 1163 2526 Sed
1179 2463 1205 2526 si
1219 2470 1320 2545 postea
1336 2467 1501 2549 loquamur
1590 2526 1594 2549 ,

230 2575 247 2612 «
269 2553 306 2615 de
317 2551 378 2615 illis
391 2553 456 2632 qui,
466 2552 586 2615 sublato
592 2554 659 2634 jam
671 2551 781 2614 aflectu
793 2551 887 2613 etiam
900 2552 939 2613 ad
951 2551 1091 2626 venialia,
1104 2559 1135 2616 et
1145 2562 1286 2634 superata
1295 2556 1403 2635 majori
1413 2565 1500 2637 parte

230 2661 246 2700 o
268 2659 433 2723 pravarum
453 2657 580 2704 suarum
598 2638 851 2714 inclinationum,
874 2658 1022 2720 magnum
1042 2642 1288 2705 communicandi
1311 2643 1499 2709 desiderium

229 2752 245 2789 o
267 2729 392 2805 habent,
400 2729 505 2812 inquit
518 2731 548 2793 S.
558 2728 736 2794 Franciscus
751 2727 893 2804 salesius,
905 2729 987 2810 quod
999 2728 1043 2804 hi,
1060 2728 1174 2810 praevio
1188 2731 1237 2792 sui
1250 2731 1414 2795 Directoris
1428 2753 1498 2797 cou-

228 2841 245 2878 «
267 2819 350 2896 silio,
364 2827 443 2882 recte
460 2825 583 2900 possent
596 2817 820 2880 communicare
834 2818 978 2898 quotidie.
997 2839 1012 2878 t>
1027 2817 1083 2898 (N.
1100 2819 1183 2900 150.)

267 2931 283 2968 o
310 2911 350 2972 Et
372 2908 516 2989 quamuis
540 2907 642 2987 aliquo
663 2907 712 2969 die
732 2925 751 2968 1
772 2906 993 2970 communione
1018 2905 1172 2970 abstinere
1195 2907 1235 2971 sit
1256 2909 1351 2972 etiam
1375 2911 1494 2988 virtus,

227 3021 243 3058 o
264 3001 368 3060 111111
386 2997 490 3078 inquit
504 2997 543 3060 P.
560 2995 712 3070 Granoto,
729 2995 763 3057 11
778 3013 833 3058 suo
854 2995 953 3058 Traet.
971 2995 1007 3057 de
1028 2994 1256 3072 Commocioae,
1271 3015 1335 3061 esse
1355 3018 1495 3063 commu-

227 3109 243 3145 «
266 3104 339 3149 nem
352 3091 513 3150 Doctorum
527 3084 712 3165 opinionem,
725 3085 806 3164 quod
823 3084 932 3147 melius
948 3083 989 3147 sit
1003 3085 1140 3148 accedere
1151 3085 1287 3166 quotidie
1300 3088 1338 3149 ad
1353 3092 1496 3152 Commu-

226 3197 242 3234 «
264 3175 390 3238 nioncm
410 3175 448 3238 ob
469 3191 620 3248 amorem,
638 3191 732 3254 quam
751 3172 902 3236 abstinere
918 3172 956 3235 ob
973 3173 1185 3236 reverentiam.
1203 3177 1242 3236 Et
1258 3174 1314 3238 hoc
1334 3177 1494 3240 confirmat

224 3285 240 3322 o
264 3264 300 3326 S.
321 3263 462 3336 Thomas,
479 3268 522 3338 3.,
538 3283 568 3344 q.
584 3266 634 3338 80,
651 3272 713 3323 ort.
731 3267 779 3338 10,
797 3262 838 3323 od
854 3267 888 3335 3,
902 3261 1005 3325 dicens
1018 3282 1024 3322 :
1039 3262 1086 3324 Et
1101 3262 1168 3324 ideo
1185 3271 1344 3345 atrumque
1356 3271 1494 3347 pertinet

225 3375 241 3412 o
264 3353 307 3414 od
320 3353 519 3416 reuerentiam
535 3352 626 3434 tejas
640 3351 828 3414 Sacramenti
845 3361 875 3413 et
889 3351 969 3434 qood
985 3350 1120 3433 quotidie
1136 3363 1283 3426 sumetur,
1295 3363 1323 3415 et
1340 3355 1426 3434 quod
1437 3355 1495 3417 cli·

224 3463 239 3501 o
262 3441 383 3524 quoodo
398 3442 596 3504 obstinentur.
612 3441 709 3502 Amor
729 3449 827 3502 tomen
841 3451 870 3502 et
881 3459 959 3521 spes,
979 3440 1021 3501 od
1038 3461 1105 3522 quta
1123 3460 1240 3523 semper
1257 3441 1424 3525 Scriptura
1440 3465 1496 3506 aot

223 3553 238 3590 o
259 3539 417 3614 provocat,
430 3531 642 3613 praeferuntur
652 3531 766 3591 timori.
776 3532 840 3591 lmo
850 3535 929 3591 recto
942 3529 987 3591 ait
997 3533 1028 3591 P.
1036 3529 1211 3604 Rarisonus,
1227 3531 1309 3611 quod
1321 3530 1372 3594 ille
1385 3533 1440 3613 qui
1455 3535 1492 3596 ad

223 3641 238 3678 o
261 3619 486 3684 Eucharistiam
497 3619 611 3682 aceedit
625 3636 696 3680 cum
710 3617 858 3681 desiderio
873 3617 1024 3680 crescendi
1038 3618 1072 3680 in
1088 3635 1191 3681 amore
1203 3618 1319 3695 divino,
1335 3620 1430 3682 etiam
1446 3641 1492 3684 re

224 3731 238 3767 o
262 3708 407 3772 toreutice
420 3714 523 3771 aetum
538 3712 655 3769 exercet
670 3724 740 3786 erga
752 3710 858 3769 lesum
872 3707 1029 3769 Christum
1045 3726 1053 3767 :
1068 3705 1132 3770 imo
1142 3706 1193 3769 bic
1208 3706 1280 3769 facit
1294 3715 1399 3772 actum
1412 3709 1492 3790 posi-

222 3819 237 3855 u
259 3796 504 3878 tivum,quando
515 3795 565 3857 ille
577 3795 632 3877 qui
644 3794 787 3868 abstinet,
799 3793 872 3856 facit
884 3795 1099 3858 tantummodo
1110 3795 1325 3876 negativum...
1339 3799 1377 3858 V.
1388 3801 1423 3861 P.
1434 3803 1492 3862 bla-

222 3907 238 3942 «
261 3885 354 3964 gister
368 3884 458 3948 Avila
472 3903 534 3946 non
547 3883 668 3947 dubitat
682 3883 780 3944 dicere
795 3884 875 3963 quod
888 3882 944 3958 illi,
961 3883 1015 3963 qui
1030 3885 1179 3948 damnant
1192 3901 1242 3947 eos
1256 3885 1311 3965 qui
1325 3886 1439 3966 saepius
1452 3887 1490 3949 ad

221 3993 237 4030 c
259 3973 487 4036 Eucharistiam
501 3972 662 4045 accedunt,
677 3971 825 4033 daemonis
839 3970 933 4034 officio
951 3971 1133 4052 funguntur.
1149 3995 1164 4032 1
1178 3971 1234 4054 (Ν.
1252 3975 1336 4054 151.)

258 4063 328 4124 311.
343 4095 382 4108 -
401 4085 417 4120 o
439 4065 589 4125 Caeterum
609 4059 826 4123 considerando
847 4060 957 4122 relatas
980 4061 1148 4136 doctrinas,
1174 4061 1296 4125 videtur
1320 4081 1382 4126 non
1403 4084 1490 4146 posse

220 4169 236 4206 o
257 4148 392 4212 Director
410 4150 476 4212 sine
499 4149 640 4230 scrupulo
659 4165 769 4227 negare
788 4148 1042 4211 Communiouem
1057 4148 1262 4230 frequentem,
1278 4151 1373 4214 etiam
1388 4154 1488 4234 quoti·

219 4257 235 4296 c
257 4236 397 4313 dianam,
414 4238 599 4318 quibusdam
616 4236 780 4299 animabus
794 4237 932 4299 eamdem
950 4237 1211 4314 desiderantibus,
1227 4246 1264 4301 ut
1280 4241 1440 4320 proficiant
1455 4242 1488 4305 in

218 4347 235 4385 1
258 4325 363 4388 dinuo
381 4343 498 4403 amore;
514 4345 631 4408 semper
650 4343 720 4389 vero
737 4344 772 4388 ac
795 4325 869 4402 illae,
884 4326 1014 4390 vivendo
1034 4326 1172 4389 alienatae
1193 4328 1232 4390 ab
1253 4329 1361 4392 affeetu
1383 4335 1488 4412 eujus-

219 4437 234 4474 «
256 4431 388 4495 cumque
407 4414 502 4495 eulpa
520 4415 663 4490 venialis,
682 4413 871 4477 incumbunt
889 4415 1015 4496 insuper
1034 4416 1176 4478 multum·
1191 4417 1321 4479 orationi
1341 4419 1485 4494 mentali,

219 4526 234 4563 o
257 4509 287 4567 et
300 4509 451 4567 conantur
466 4505 587 4568 tendere
601 4504 638 4566 ad
652 4503 875 4583 perfectionem,
891 4511 921 4566 et
935 4503 1068 4584 amplius
1082 4523 1143 4566 non
1158 4505 1304 4568 labuntur
1317 4504 1350 4568 11
1364 4516 1487 4588 pecmta

216 4615 232 4652 o
253 4591 348 4656 etiam
369 4590 499 4656 venialia
525 4592 614 4672 plane
640 4592 850 4655 uoluntaria...
873 4592 998 4673 Excipe,
1022 4591 1173 4655 ordinarie
1195 4593 1358 4674 loquendo,
1382 4613 1485 4659 unum
