3198 5036
76 219 85 236 ·
158 183 224 244 toa
689 198 893 244 cancarrus

196 309 285 390 Resp.
303 314 334 371 {⁰
350 329 357 372 :
372 309 514 390 Rigorose
526 310 676 372 sumenda
687 317 747 384 cst,
765 311 887 391 quando
903 309 1038 372 chrisma
1058 325 1175 371 novum
1192 307 1334 370 hahetur.
1355 312 1429 372 Gra·

155 397 236 460 viter
247 396 342 478 igitur
353 404 487 478 peccaret
501 399 643 460 Sacerdos
657 397 727 479 qui,
742 397 908 461 chrismate
920 397 1034 460 recenti
1048 396 1236 477 posthabito,
1251 395 1344 460 veteri
1362 402 1429 459 ute·

156 493 286 656 retlliiep.
297 580 328 637 2⁰
336 575 420 638 Licet
431 583 536 639 autem
546 575 580 638 in
590 575 744 657 Baptismo
756 575 886 639 solemni
897 575 945 638 uti
957 575 1122 638 chrismate
1134 573 1208 637 anni
1219 573 1428 656 praecedentis,

157 663 330 742 usquedum
349 668 556 728 consecratum
577 664 712 728 chrisma
731 683 834 728 recens
854 671 1013 745 acceptum
1035 663 1137 726 fuerit.
1161 662 1259 743 Igitur
1279 681 1341 724 non
1362 661 1430 724 ideo

156 751 246 814 dehet
265 751 440 816 chrismatis
463 759 494 816 et
515 752 572 816 olei
591 754 696 816 unctio
714 753 832 826 omitti,
849 754 931 834 quod
949 753 1013 815 olea
1029 769 1134 814 recens
1148 751 1307 814 benedicta
1324 749 1431 813 haberi
1542 811 1544 818 ,

156 841 296 902 nondum
315 841 489 922 potuerint,
508 860 563 904 nec
588 859 622 903 ea
643 842 680 904 dc
700 861 792 906 causa
812 841 987 924 Baptismus
1008 840 1125 903 differri
1148 841 1185 902 ad
1204 839 1288 903 aliud
1311 846 1433 919 tempus

156 928 261 1002 dehet,
289 929 491 1010 quanhunris
515 930 617 992 breve.
646 931 698 992 lta
722 936 827 993 contra
855 950 913 992 nori
935 949 1064 1012 paitcos,
1086 947 1123 991 ex
1144 928 1294 992 decisione
1318 924 1431 990 recent'

158 1016 194 1077 S.
214 1015 327 1096 Conpr.
337 1018 421 1096 hic,
438 1018 507 1080 data
520 1018 569 1080 die
582 1023 622 1081 te
636 1019 803 1100 Septembr.
820 1022 909 1093 1859,
924 1019 957 1079 in
973 1018 1142 1080 Cadurcen.

197 1105 370 1168 Benedictio
391 1114 496 1170 autem
513 1105 607 1169 fontis
625 1107 817 1188 baptismalis
840 1108 875 1170 in
895 1107 1025 1170 Sabbata
1046 1109 1149 1168 sancto
1167 1105 1234 1168 fieri
1249 1105 1338 1168 dehet
1360 1121 1433 1167 cum

157 1193 321 1258 chrismate
332 1195 528 1275 precedentis
540 1195 630 1268 anni,
648 1196 710 1258 nisi
728 1195 879 1260 Parochus
897 1196 960 1258 olea
974 1195 1107 1258 recentia
1121 1193 1180 1256 sihi
1194 1211 1368 1274 comparare
1379 1211 1433 1274 po-

159 1281 268 1356 tuerit,
278 1301 333 1344 nec
345 1283 434 1345 dehet
445 1283 550 1346 omitti
560 1283 675 1346 infusio
687 1283 862 1348 chrismatis
874 1291 905 1347 et
914 1283 971 1347 olei
979 1284 1153 1363 usquedum
1162 1283 1246 1345 aliud
1256 1280 1432 1362 accipiatur.

156 1370 263 1432 —Ita
279 1390 317 1431 ec
331 1369 478 1433 decisione
492 1370 606 1453 Conqr.
624 1373 690 1434 hit.
708 1374 797 1435 modo
811 1373 905 1436 citata
914 1385 937 1434 ¹.

198 1461 268 1522 ⁶255.
284 1494 326 1504 —
343 1461 443 1533 Quen.
463 1463 495 1523 3⁰
507 1461 558 1521 An
577 1462 843 1542 interropctionea,
857 1481 923 1544 qua
943 1480 981 1524 ca
999 1461 1134 1523 Robrica
1153 1459 1286 1522 Rituolis
1306 1457 1437 1523 Romani

155 1549 290 1627 patrinis
303 1547 450 1628 faciende
464 1559 548 1620 anot,
566 1549 670 1630 linquo
684 1549 847 1612 vernacula
863 1549 934 1631 fieri
951 1553 1093 1632 possint?

199 1635 286 1718 Recp.
302 1636 393 1717 Nep,
410 1637 462 1699 sed
480 1637 585 1700 omnia
602 1639 669 1701 fieri
687 1639 799 1701 dehent
815 1644 908 1719 prout
923 1639 959 1701 in
972 1635 1092 1699 Ritocli
1108 1637 1241 1699 Romano
1254 1641 1367 1720 jacent.
1382 1635 1436 1700 Sic

158 1724 334 1804 nuperrime
354 1724 389 1787 S.
417 1724 527 1809 Conpc.
549 1727 624 1810 Bit,
642 1727 691 1790 die
710 1731 747 1790 tt
764 1730 843 1808 hug.
866 1731 959 1799 l8dl,
976 1728 1008 1788 in
1028 1725 1193 1788 Lucionen.
1217 1763 1257 1772 —
1281 1729 1436 1789 Ceterum

158 1811 237 1874 nihil
259 1814 377 1890 obstat,
397 1814 565 1896 quominus
584 1817 747 1879 vernacula
769 1816 875 1896 lingua
896 1815 1094 1897 explicentur,
1123 1831 1192 1894 quae
1212 1814 1368 1896 pertinent
1393 1813 1434 1875 ad

158 1901 261 1981 ipsum
276 1904 506 1966 Sacramentum
522 1904 682 1984 Baptismi.
699 1903 802 1966 —Ito
819 1925 858 1966 ec
879 1923 1020 1988 responso
1037 1903 1071 1964 S.
1095 1903 1131 1966 C.
1147 1902 1181 1964 S.
1207 1904 1266 1984 Off.
1282 1903 1324 1966 od
1343 1902 1434 1964 Vica-

159 1991 238 2051 rtem
254 2001 348 2073 apost.
366 1992 528 2071 Siamena„
546 1997 584 2058 30
599 1993 712 2075 Aprilis
726 1998 816 2058 loos.

703 2172 892 2233 apednolx

589 2325 627 2368 nh
646 2325 832 2370 ornaments
853 2325 993 2370 GAESAREA

339 2411 370 2453 lx
392 2411 501 2456 ORDINE
522 2412 562 2455 AD
583 2411 792 2458 Bttcrtznnuun
815 2413 970 2460 thaanach
991 2415 1114 2459 NONDUM
1144 2415 1249 2458 undull

198 2553 338 2634 Operatio
353 2572 406 2616 seu
421 2553 512 2618 sectio
527 2572 653 2618 caesarea
664 2556 699 2619 in
712 2557 769 2620 hoc
781 2557 936 2632 consistit,
950 2560 1032 2638 quod
1045 2566 1153 2620 uterus
1172 2556 1282 2620 matris
1297 2555 1432 2636 gravidas

159 2641 325 2721 aperiatur,
342 2646 378 2704 ut
394 2641 487 2705 fretus
506 2644 696 2707 extrahatur.
713 2646 829 2726 Duplex
843 2646 996 2726 praecipua
1009 2647 1138 2728 quaestio
1152 2643 1303 2721 occurrit,
1320 2643 1435 2707 scilicet

160 2745 201 2792 an
216 2729 263 2792 vel
278 2731 399 2812 quando
414 2730 479 2794 lieri
493 2731 604 2814 possit,
622 2739 677 2796 aut
690 2733 807 2796 debeat.

281 2885 474 2961 Quaesitae.

199 3031 269 3092 256.
282 3065 321 3074 -—
333 3031 434 3105 Quen,
452 3036 483 3094 l⁰
496 3032 547 3094 An
562 3031 608 3093 oei
620 3031 739 3113 quondo
753 3032 824 3114 ficri
836 3033 948 3115 possit?

199 3117 289 3200 Resp.
304 3137 316 3178 .·
331 3120 503 3182 Statuendae
521 3120 667 3183 videntur
681 3129 841 3202 sequentes
856 3123 984 3202 regule:

200 3204 232 3266 I‘·
251 3206 381 3288 Reputo.
398 3211 518 3271 Mortua
531 3215 645 3284 matre,
663 3215 781 3272 certum
795 3217 841 3274 est
854 3229 941 3291 posse
955 3211 1020 3274 dcci
1032 3210 1240 3292 operationem
1255 3226 1436 3284 caesaream,

160 3294 333 3376 etquidem
355 3295 462 3359 statim
480 3316 514 3359 ac
534 3299 571 3359 de
592 3301 657 3379 ejus
680 3305 779 3361 morte
802 3303 929 3363 constat.
950 3299 1171 3362 Admonendus
1186 3305 1291 3362 emen
1313 3303 1360 3360 est
1377 3297 1437 3360 loci

160 3382 321 3448 Praelectus
337 3403 391 3446 seu
408 3385 607 3466 PraeposituS,
625 3393 654 3449 et
674 3386 840 3450 adhibendi
859 3395 933 3451 sunt
947 3391 1038 3451 testes
1057 3388 1095 3450 ah
1109 3387 1175 3468 ipso
1189 3385 1345 3469 approbati
1365 3391 1436 3448 tum

160 3473 199 3534 ad
219 3478 352 3535 mortem
370 3475 654 3553 recognoscendam,
674 3482 743 3538 tum
764 3477 802 3539 ad
822 3479 968 3558 majorem
988 3475 1033 3538 rei
1051 3475 1288 3552 certitudinem,
1304 3493 1339 3537 ac
1356 3491 1436 3554 prae-

161 3561 267 3623 sertim
292 3579 330 3624 nc
353 3562 534 3643 operationis
557 3571 663 3627 auctor
689 3571 838 3645 tanquam
860 3563 1019 3628 homicidii
1038 3583 1109 3626 reus
1134 3565 1324 3627 traducatur.
1344 3562 1434 3627 Ratio

161 3653 264 3711 autem
276 3667 330 3712 cur
344 3649 409 3713 lieri
423 3651 534 3732 possit,
551 3652 675 3715 evidens
694 3660 759 3716 est:
777 3652 803 3715 si
817 3653 893 3734 quid
909 3653 994 3715 enim
1008 3653 1157 3728 ohstaret,
1171 3659 1250 3716 esset
1262 3651 1436 3733 periculum

160 3738 284 3814 matris3
310 3739 363 3800 sed
383 3757 421 3802 en
438 3739 602 3821 hypothesi
621 3742 657 3803 de
678 3744 743 3822 eJus
763 3746 859 3804 morte
877 3747 957 3803 certo
976 3744 1111 3815 constat;
1133 3747 1164 3803 et
1184 3741 1308 3804 aliunde
1323 3737 1435 3802 salvari

161 3831 261 3905 potest
272 3825 337 3889 rita
350 3827 527 3910 spiritualis,
547 3829 610 3890 imo
623 3828 701 3892 forte
717 3835 748 3891 et
762 3828 937 3910 temporalis
952 3827 1090 3892 infantis.
1102 3865 1142 3874 —
1155 3828 1229 3893 Vide
1240 3827 1435 3910 Gcnpiamiia

161 3911 196 3974 in
209 3931 297 3993 opere
307 3914 357 3976 cui
372 3915 503 3979 titulus:
519 3915 740 3999 Emtrpohpio
753 3937 851 3982 socca.

201 4001 252 4063 110
265 4001 394 4082 Reputo.
412 4004 544 4068 Vivente
557 4012 656 4068 matre
672 4023 834 4085 nunquam
849 4007 930 4070 licite
945 4006 1010 4069 fieri
1026 4013 1125 4088 potest
1138 4006 1272 4088 operatio
1287 4025 1432 4081 casarea,

194 4188 203 4222 ¹
220 4188 249 4236 ln
265 4185 391 4250 eoelestis,
409 4187 455 4239 uhl
466 4189 524 4242 lons
538 4191 611 4243 adest
626 4191 801 4258 baptismalis,
813 4191 885 4246 illins
898 4189 1041 4244 benedictio
1055 4193 1160 4244 omnino
1169 4192 1316 4258 peragenda
1325 4197 1372 4255 est,
1383 4205 1435 4244 non

162 4256 236 4308 modo
250 4255 278 4308 ln
292 4255 517 4325 sabbato-sancto,
533 4275 623 4314 rerum
640 4263 717 4314 etlam
736 4263 764 4315 in
777 4263 873 4328 vigilia
887 4265 1064 4326 pentecostes,
1079 4263 1146 4316 nlhll
1162 4263 1302 4316 admodum
1319 4264 1436 4316 obstante

162 4327 289 4379 cornaria
306 4329 499 4395 consuetudine,
519 4337 659 4400 utcumque
680 4333 894 4396 immemorabill,
915 4347 973 4401 que
993 4335 1090 4386 abusus
1114 4333 1436 4396 declaratae-sled,

162 4397 250 4522 {iffi
263 4403 336 4462 latt3
353 4401 381 4451 in
397 4401 572 4466 Urbeoctana,
582 4405 653 4471 ,apud
665 4405 693 4456 P.
706 4405 737 4457 Α,
750 4405 785 4456 Μ.
798 4420 814 4455 α
831 4407 931 4471 carpo,
947 4405 1089 4471 compend.
1105 4405 1225 4474 tectiore.
1238 4404 1329 4472 litnrp.
1342 4421 1371 4472 p.
1383 4404 1437 4466 111,
