3198 5034
475 221 518 266 DE
539 215 713 270 stertens
733 216 1052 264 rnnmcutnntnus
1359 212 1401 272 Η

129 333 260 396 veniunt
274 336 398 394 tantum
410 331 595 407 beneficiati,
606 331 653 394 vel
667 330 722 413 qui
737 329 829 392 sacris
843 327 962 392 initiati
974 335 1108 390 sunt-
1117 332 1244 394 Constat
1257 351 1294 395 ex
1307 333 1405 400 innu⁴

129 420 221 485 meris
235 419 371 483 textibus
380 419 464 484 luris
475 439 556 496 can,
569 420 720 501 praecipue
731 437 770 482 ex
781 417 882 496 Trea,
895 437 965 479 sees.
978 419 1074 492 XXII,
1090 439 1116 480 e.
1129 437 1157 495 ι,
1172 418 1208 482 cle
1218 421 1401 503 deformet,

129 515 209 573 etex
222 511 324 573 Const.
339 509 449 572 Bened.
463 511 542 586 XIV,
556 509 755 592 Apostolieae,
771 511 811 570 ιι
828 506 918 568 Febr.
938 508 1027 569 llll.

167 603 272 678 Neque
288 596 364 660 citra
378 597 535 661 licentiam
551 604 606 661 aut
623 597 709 661 Sedis
726 595 904 678 Apostolicae
918 594 1002 658 intra
1019 596 1159 671 ltaliam,
1178 603 1233 661 aut
1250 600 1405 665 Ordinarii

10 755 12 768 ,
128 693 215 750 extra
234 685 353 748 ltaliam
372 685 571 766 negotiationi
589 705 711 762 vacare,
728 685 823 747 etIam
843 683 880 746 ob
898 683 1015 746 nlendae
1031 685 1157 749 familiae
1176 687 1401 766 nenessitatem

127 775 250 840 clericis
263 774 343 838 licet
357 777 403 837 Ex
420 775 540 838 Dece-et
548 776 693 838 Clamant.
711 775 795 848 XIII,
811 773 938 836 Constit.
955 771 1032 835 Cum
1045 774 1198 856 primum,
1213 780 1251 839 ιι
1263 776 1403 876 Septem-

128 863 340 927 bertreae-
360 863 428 926 Vnt
445 866 474 926 S.
492 863 653 945 Alpheus„
669 863 706 925 de
723 822 893 942 Coniraet„
909 883 941 924 n
955 865 1030 937 832,
1046 866 1137 928 833.

167 956 246 1034 Lege
263 949 424 1016 ecclesiast
401 959 461 1016 trra
477 953 538 1015 sola
558 952 754 1016 interdicitur
767 948 941 1031 negotiatio
945 953 1072 1034 proprie
1087 951 1174 1014 dieta
1176 971 1265 1034 ,qua
1283 972 1403 1036 compa-

124 1047 215 1104 ratm
233 1060 295 1116 res,
314 1045 349 1103 ut
362 1040 428 1122 ipsa
446 1041 565 1122 Integra
584 1047 614 1104 et
633 1041 800 1104 Immutata
816 1039 982 1116 vendatur;
1004 1058 1066 1102 non
1085 1047 1192 1104 autem
1208 1050 1403 1120 econcrnien,

126 1147 192 1210 qua
210 1136 356 1194 emuntur
373 1129 543 1193 necessaria
562 1131 601 1193 ad
619 1127 890 1202 sustentationem,
911 1133 942 1190 et
961 1127 1115 1208 superflua
1135 1131 1329 1207 venduntur,
1349 1141 1405 1200 aut

128 1217 321 1300 artificiales,
337 1236 398 1299 qua
412 1211 528 1300 aliquid
542 1219 666 1293 emitur,
683 1225 719 1281 ut
732 1236 786 1298 per
799 1215 986 1279 industriam
1001 1227 1009 1258 ¹
1027 1223 1186 1280 mutatum
1198 1221 1404 1282 vendatur.-

127 1304 206 1388 Cap.
222 1306 364 1389 Ejr'eiens
377 1313 430 1382 ll,
449 1307 520 1369 dict.
535 1312 584 1372 88.
600 1341 641 1356 --
655 1307 731 1370 Vide
745 1306 780 1369 S.
798 1305 912 1384 rtem,
929 1309 959 1368 ι.
977 1310 1020 1381 ι,
1036 1325 1066 1388 q.
1083 1311 1138 1386 rt,
1155 1317 1215 1369 art.
1231 1311 1263 1370 l.

167 1395 246 1458 Hinc
255 1414 317 1459 non
329 1396 527 1459 continentur
538 1397 573 1459 in
586 1396 639 1459 illa
648 1395 855 1476 prohibitione
869 1399 901 1456 ι0
912 1394 1018 1458 Clerici
1031 1394 1086 1476 qui
1097 1393 1216 1460 fructus
1226 1397 1401 1474 venditant,

124 1501 203 1564 quos
222 1503 260 1546 ex
278 1484 342 1547 suis
360 1485 442 1565 agris
461 1484 645 1567 percipiunt.
664 1483 883 1560 necionem
903 1488 1043 1546 exercent
1064 1483 1233 1548 conditioni
1252 1504 1286 1548 ac
1306 1487 1404 1550 statui

122 1571 248 1654 proprio
267 1580 516 1649 consentaneam,
533 1581 563 1636 et
579 1593 669 1655 opera
687 1574 837 1636 vendunt.
854 1577 887 1635 3⁰
902 1572 960 1646 Qui
979 1590 1026 1634 res
1047 1589 1141 1652 parvo
1158 1579 1269 1637 emunt
1287 1575 1400 1654 pretio,

122 1678 200 1723 cum
213 1661 299 1723 adest
314 1661 413 1742 copia,
429 1668 466 1725 ut
481 1681 546 1736 eas,
563 1663 726 1743 ingruente
739 1677 870 1723 anncnae
885 1659 1026 1735 caritate,
1045 1661 1150 1723 eodem
1164 1661 1261 1742 pretio
1276 1662 1401 1742 amicis,

118 1747 309 1830 propinquis
325 1767 359 1811 ac
373 1749 556 1830 pauperibus
573 1751 719 1813 vendant.
740 1752 772 1810 κι
784 1746 844 1822 Qui
860 1751 970 1808 emunt
983 1764 1104 1826 pecora,
1122 1751 1159 1810 ιιι
1171 1767 1206 1810 ιι
1221 1749 1256 1812 in
1272 1750 1403 1830 propriis
1420 1771 1423 1778 ·

118 1834 255 1918 praediis
267 1836 406 1916 saginata
416 1839 566 1913 vendant;
580 1855 666 1900 secus
679 1854 760 1910 vero,
775 1835 802 1898 si
812 1835 848 1896 in
859 1832 968 1896 alienis
980 1833 1074 1914 septis
1086 1835 1276 1914 segmentur.
1289 1841 1322 1899 5⁰
1332 1842 1403 1900 Pro-

120 1921 284 1998 babilitcr,
297 1941 334 1986 ex
347 1925 504 1986 communi
516 1924 682 2001 sententia,
694 1924 789 1986 etiam
801 1922 855 2005 qui
865 1927 974 1984 emunt
984 1920 1102 1984 fructus
1113 1921 1246 1986 aliorum
1257 1941 1402 2005 agrorum

123 2012 167 2074 ad
187 2009 337 2073 animalia
357 2011 539 2092 sagiuanda,
558 2021 589 2075 et
608 2013 746 2094 saginata
764 2011 933 2076 vendenda.
950 2012 984 2072 6⁰
998 2010 1057 2084 Qui
1076 2011 1114 2074 ad
1134 2012 1293 2091 proprium
1310 2031 1403 2077 usum

124 2104 253 2174 emunt,
270 2100 322 2162 sed
337 2098 477 2181 deinceps
492 2101 647 2176 vendunt,
664 2101 690 2163 si
704 2101 838 2182 pretium
852 2103 980 2173 crescat,
997 2103 1033 2160 ut
1046 2097 1140 2162 vilius
1155 2098 1256 2163 simile
1269 2107 1401 2168 ematur.

124 2194 160 2251 ἰ’ο
174 2187 232 2264 Qui
244 2194 354 2251 emunt
367 2189 516 2270 plurima,
532 2196 569 2252 ut
580 2189 681 2252 tutius
696 2189 755 2251 sibi
770 2187 969 2269 prospiciant,
986 2191 1017 2248 et
1032 2187 1140 2251 deinde
1155 2189 1237 2269 quod
1251 2196 1399 2272 superest,

124 2277 219 2340 etiam
233 2276 334 2340 carius
349 2276 497 2339 vendunt.

249 2439 444 2516 Quaesita.

170 2585 269 2659 Quaen.
286 2590 320 2649 ιο
333 2585 474 2660 Quaenam
484 2605 618 2668 persona
632 2595 788 2649 censentur
799 2585 840 2646 ecl
853 2583 1070 2666 negotiandum
1084 2586 1288 2668 interposite?

168 2673 255 2756 nep.
272 2692 285 2735 .·
299 2677 343 2736 Ea
358 2681 404 2738 est
418 2693 503 2755 qum,
518 2673 639 2756 proprio
653 2673 779 2756 quidem
794 2673 937 2748 nomine,
955 2673 1006 2736 sed
1020 2692 1058 2735 ex
1071 2674 1208 2754 pecuniis
1222 2681 1277 2738 aut
1290 2675 1401 2738 merci·

124 2759 185 2824 hus
198 2781 217 2823 a
232 2761 344 2826 clerico
360 2763 488 2843 acceptis
507 2763 745 2844 negotiationem
762 2768 895 2838 exercet,
916 2761 1098 2842 lucrumque
1117 2762 1335 2826 mercatorium
1353 2764 1402 2826 vel
1471 2795 1474 2802 ,

124 2849 155 2912 ei
173 2849 301 2926 confert,
317 2852 365 2914 vel
383 2869 454 2914 cum
472 2852 538 2933 ipso
557 2850 680 2915 dividit.
701 2852 766 2926 Qua
789 2851 826 2912 de
844 2869 935 2912 causa
952 2849 1133 2912 BenedIctus
1151 2851 1220 2912 XIV
1242 2848 1277 2912 in
1295 2853 1398 2913 const.

122 2939 312 3020 Apostoliee
326 2940 490 3004 declaravit
503 2959 610 3022 poenas
623 2939 657 3002 in
672 2939 799 3002 Clericos
814 2937 1014 3020 negotiatores
1027 2939 1104 3000 latas
1118 2937 1243 3000 extendi
1256 2937 1401 3000 etiamad

124 3027 254 3092 Clericus
272 3028 327 3090 sub
346 3028 447 3091 alieno
465 3028 539 3091 laici
553 3030 674 3091 nomine
692 3027 915 3110 quomodolibet
929 3027 1131 3108 reponentes,
1145 3025 1274 3108 perinde
1292 3045 1328 3087 ac
1342 3045 1402 3109 per

123 3119 254 3198 seipsos,
278 3136 313 3178 ne
333 3122 461 3201 proprio
487 3136 591 3178 eornm
619 3120 752 3195 nomine,
780 3118 905 3198 nepotia
928 3115 996 3197 ipsa
1020 3114 1134 3177 illicite
1158 3123 1339 3176 exercerent.
1359 3147 1402 3161 -

125 3207 237 3268 Βιιιιιι.
251 3207 330 3280 XIV,
345 3207 379 3268 de
394 3207 474 3288 Syn.
491 3207 512 3265 l.
529 3210 570 3280 X,
583 3225 608 3266 c.
625 3223 673 3278 vr,
687 3225 717 3265 n.
732 3209 753 3266 l
766 3215 796 3266 et
808 3208 837 3268 5.

166 3297 267 3371 Qnme.
285 3298 317 3357 ιι
334 3295 383 3356 An
399 3295 490 3355 liceat
505 3291 634 3354 Clericis
653 3311 748 3354 emere
762 3310 909 3356 acriores
922 3296 1100 3355 societatum
1118 3311 1186 3375 qnoe
1200 3292 1345 3354 dicuntur
1361 3308 1401 3354 nn

126 3383 346 3446 ιοιιιιιιιιιτιι

165 3469 283 3553 Respa
300 3474 374 3534 Tres
392 3471 507 3534 adsunt
526 3466 657 3532 sentent
650 3484 697 3530 ιιι.

165 3559 198 3621 1⁶
207 3559 370 3622 Sententia
384 3559 556 3622 universim
567 3559 710 3638 affirmet.
720 3551 838 3618 —Rat
829 3571 858 3616 ro
873 3557 919 3617 est
925 3555 1019 3636 ,quie
1032 3556 1069 3618 ab
1082 3553 1234 3636 ejusmodi
1245 3552 1401 3634 emptione

122 3646 159 3707 id
173 3646 272 3724 abest,
291 3647 397 3728 quod'
389 3666 423 3709 m
436 3646 522 3709 omni
542 3643 686 3726 negotiat
678 3663 747 3708 1cne
763 3641 966 3706 essentialiter
979 3643 1160 3724 requiritur,
1175 3658 1285 3721 nempe
1299 3647 1336 3704 ut
1351 3642 1400 3705 lu·

123 3752 213 3796 crum
231 3736 353 3818 proprie
374 3735 493 3799 dictum
511 3733 653 3797 intendat
653 3753 715 3795 ur:
732 3739 883 3813 emptores
903 3731 988 3794 enim
1010 3731 1100 3794 unice
1117 3735 1293 3830 proponunt
1310 3747 1401 3810 pecu-

124 3821 211 3885 niam
232 3842 322 3887 suam
341 3824 481 3887 collocare
500 3824 589 3886 modo
608 3823 690 3886 licIto
709 3841 742 3884 ac
764 3821 822 3885 sibi
844 3822 1001 3884 commodo
1011 3817 1198 3900 ,ideoque
1188 3835 1222 3880 m
1242 3819 1401 3882 communi

122 3911 288 3975 hominum
307 3911 449 3976 aestImat
440 3930 509 3974 rone
527 3929 590 3974 non
608 3911 762 3975 habentur
778 3917 816 3974 ut
833 3909 1045 3991 negotiatores
1062 3907 1194 3972 Aliunde
1212 3906 1342 3970 mInime
1359 3907 1401 3970 ti-

123 4001 274 4064 mendum
289 4007 337 4063 est
350 4000 447 4083 (quod
464 4000 595 4063 Ecclesia
612 4018 780 4080 precavere
795 3997 893 4062 voluit
880 3997 1144 4080 tnegotiationem
1161 3995 1282 4059 Clericis
1295 3995 1400 4078 prohi-

121 4087 237 4172 bendo)
254 4089 338 4152 utin
357 4107 430 4152 cura
448 4088 663 4169 temporalium
683 4105 788 4150 rerum
802 4083 898 4150 nimis
917 4087 1128 4160 detineantur,
1145 4101 1216 4148 cum
1234 4102 1289 4166 per
1303 4087 1400 4164 legem

122 4177 249 4240 omnino
264 4177 467 4241 excludantur
481 4196 499 4239 a
514 4175 706 4257 negotiorum
720 4175 879 4239 Societatis
893 4175 1026 4255 gestione
1038 4171 1130 4254 (God.
1147 4193 1265 4252 comm„
1278 4177 1329 4246 ιι,
1345 4175 1396 4236 28.

152 4369 316 4437 1ιιιιίιιιιιιιι
333 4370 410 4422 multi
424 4368 594 4431 Industrlam,
612 4383 690 4435 quam
711 4367 782 4433 quis,
798 4381 844 4433 ope
862 4366 1080 4420 mercenariorum
1099 4381 1145 4420 seu
1164 4367 1286 4448 opltlcurn
1299 4377 1329 4417 eo
1346 4365 1402 4416 tine

120 4441 319 4575 pptnrluctprppp,
312 4441 432 4505 ,intuitu
454 4441 517 4494 lucri
533 4439 702 4506 pereiplendi,
719 4444 874 4490 exercet-
842 4437 1067 4503 -ller'ffenetuet
1082 4440 1130 4489 lue
1145 4453 1206 4490 ean.
1223 4437 1296 4487 univ.
1311 4435 1331 4488 l.
1347 4437 1399 4497 Ill,
