3206 5042
196 87 265 146 tae
734 89 941 136 nancradus

238 212 339 283 Quae.
357 210 388 270 5⁰
403 204 454 266 Aa
471 203 591 264 decreta
610 201 1056 286 Conpre9.1acticiscertocum
1072 201 1219 266 librorum
1236 205 1410 272 tectionem
1423 236 1500 297 pra
1552 206 1555 215 ¹
1581 201 1582 218 ¹

199 297 350 372 bibentia,
368 293 505 355 tacenda
519 295 580 354 sint
603 301 746 372 tanquam
759 292 883 368 Litterae
900 288 1109 370 apostatica?
1551 242 1560 375 Ι

238 387 328 467 Itesp.
348 383 427 462 Nep.
451 381 600 458 Quamuis
621 380 703 444 enim
726 378 881 442 pontificis
902 378 1085 442 auctoritate
1103 383 1268 460 prodeant,
1290 405 1358 452 non
1386 394 1497 455 tamen
1555 378 1560 393 '

199 477 344 538 enranant
361 471 399 532 ab
420 471 486 551 ipso
507 469 685 532 immediata
707 473 810 550 ejusve
829 465 954 529 nomine
974 465 1205 548 inscribuntur;
1226 491 1332 555 noque
1351 477 1393 540 in
1412 482 1496 561 stylo

199 563 297 626 Curia
312 561 503 642 appellantur
515 559 640 622 Littera
655 557 843 639 apostolicae.

239 655 340 727 Quen.
361 655 394 714 6ο
411 649 460 710 An
479 659 660 730 presentem
678 665 838 708 censuram
858 645 997 725 inserant
1018 645 1142 708 Littera
1162 648 1349 731 apostatica
1364 653 1425 716 Pii
1444 658 1467 719 I
1473 659 1496 718 l'

199 741 321 822 reputas
336 738 453 800 Indicis
468 739 648 798 statuentes?

239 829 327 910 Itesp.
344 827 424 908 Nep
441 826 567 890 Nullum
581 825 666 888 enim
684 824 815 898 librum,
836 823 945 886 saltem
963 823 1021 886 sub
1041 842 1132 904 pana
1150 831 1491 900 excommunicationis

200 922 368 988 reservata,
384 913 572 978 nominatim
587 912 759 992 prohibent.

240 1010 310 1069 982.
326 1039 368 1049 —
379 1007 481 1082 Quae.
495 1007 528 1063 7⁰
540 1004 592 1063 Aa
607 1000 744 1063 taceam
758 999 799 1060 sit
810 1008 953 1080 tanquam
966 1000 1116 1082 atropata
1131 1009 1408 1071 excommunicatio
1423 1013 1488 1074 hita

197 1115 256 1175 per
270 1091 407 1173 rapulam
421 1091 452 1151 X
466 1089 601 1151 Indicis?

241 1183 331 1263 Itesp.
348 1181 473 1260 Affirm.
489 1179 604 1260 Regula
618 1197 726 1259 nempe
741 1177 892 1244 Xlndicis
906 1179 1256 1246 excommunicationem
1272 1185 1342 1248 late
1360 1193 1484 1250 senten

204 1271 268 1344 tice,
288 1269 407 1332 nemini
422 1275 527 1330 tamen
541 1273 742 1341 reservatam,
759 1265 805 1330 illi
819 1266 991 1346 infligebat,
1008 1266 1064 1348 qui
1080 1267 1174 1330 libros
1189 1270 1419 1349 hereticorum,
1437 1277 1487 1338 cel

202 1360 335 1439 cujusvis
357 1359 490 1418 auctoris
510 1358 641 1437 scripta,
663 1356 700 1420 ab
720 1356 874 1432 haeresim,
895 1355 944 1416 oet
962 1355 997 1416 od
1016 1356 1091 1436 salsi
1108 1357 1256 1438 dopmutis
1274 1365 1482 1442 compacionem

201 1448 347 1510 damnata
367 1455 455 1528 atque
469 1445 644 1528 prohibita,
668 1445 788 1526 deperit,
806 1447 869 1504 siue
889 1443 1028 1506 talanta
1042 1464 1054 1506 .·
1069 1453 1100 1508 et
1118 1445 1186 1508 hitto
1204 1447 1302 1520 fiebat,
1325 1455 1360 1510 ut
1378 1451 1477 1512 lectio

202 1555 236 1598 ac
252 1535 379 1598 retentio
390 1534 604 1616 plerormnqne
618 1534 768 1596 librorum
780 1553 798 1594 a
811 1535 840 1594 S.
857 1536 890 1595 G.
903 1532 1015 1595 Indicis
1030 1534 1245 1613 prohibitorum
1257 1537 1482 1600 excommnni-

203 1624 316 1686 cationi
340 1623 551 1704 subjiceretur.
577 1625 647 1686 tam
670 1641 740 1684 vero
764 1639 836 1684 cum
857 1622 1003 1701 predicta
1026 1622 1293 1686 excommunicatio
1314 1643 1420 1704 neque
1445 1628 1481 1687 in

205 1711 429 1776 Constitutione
442 1711 622 1792 apostolica
639 1710 728 1773 Sedis
740 1709 833 1772 tuerit
845 1708 978 1785 inserta,
992 1729 1092 1792 neque
1103 1712 1283 1776 Tridentino
1290 1709 1351 1776 dici
1362 1714 1478 1794 possit,

205 1801 358 1882 siqnidem
373 1800 434 1864 lata
448 1819 510 1862 non
525 1807 573 1862 est
588 1800 627 1863 ab
639 1799 704 1881 ipso
719 1798 851 1864 Concilio
865 1798 1062 1876 Tridentino,
1076 1819 1146 1864 eam
1161 1801 1293 1882 amplius
1305 1820 1367 1864 non
1382 1802 1481 1882 sigere

206 1889 333 1952 omnino
348 1897 467 1952 certum
481 1896 538 1952 est.

244 1979 340 2044 Unica
354 1979 451 2058 igitur
469 1978 556 2040 lectio
575 1979 623 2040 vel
638 1977 772 2042 detentio
787 1976 951 2052 librorum,
968 1996 1038 2059 qnae
1056 1996 1139 2042 nuno
1157 1979 1216 2044 sub
1235 1979 1480 2044 excommnnica—
1581 2009 1582 2020 ¹

206 2067 299 2129 tionis
319 2086 410 2146 poena
426 2067 582 2147 prohibita
599 2067 654 2141 sit,
669 2066 722 2128 illa
737 2071 783 2128 est
797 2085 865 2148 qua
879 2066 914 2128 in
930 2068 987 2130 hac
1003 2069 1137 2132 secunda
1153 2085 1286 2132 censura
1299 2075 1427 2132 vetatur.
1448 2069 1481 2130 ld

206 2163 312 2220 tamen
327 2173 388 2217 non
399 2156 529 2234 impedit
544 2156 711 2235 quominus
723 2155 757 2218 in
770 2174 824 2218 sno
837 2155 940 2234 vigore
951 2163 1112 2230 innocent,
1128 2157 1229 2236 quaem
1243 2165 1351 2222 caetera
1362 2157 1480 2228 omnia,
1581 2147 1582 2188 ³

206 2244 284 2324 leges
299 2243 464 2308 Pontificiae
478 2246 515 2306 de
528 2245 582 2307 tali
595 2245 723 2307 lectione
737 2245 826 2306 edita
838 2245 950 2324 regulae
964 2245 1058 2308 etiam
1071 2263 1105 2308 ac
1116 2247 1236 2308 decreta
1247 2247 1377 2319 Indicis,
1392 2252 1483 2325 atque
1581 2263 1582 2324 3

206 2335 245 2393 ad
260 2353 310 2394 eas
325 2333 372 2394 vel
387 2353 422 2394 ea
435 2333 624 2394 observanda
639 2334 695 2394 snb
711 2333 798 2412 gravi
812 2333 913 2396 fideles
927 2351 1032 2396 omnes
1047 2333 1229 2413 obligentur.
1581 2341 1582 2346 ’

249 2420 321 2490 Quae
335 2420 464 2478 dicenda
477 2430 547 2478 sunt
563 2421 600 2478 dc
615 2421 717 2480 Indice
732 2421 879 2482 librorum
890 2422 1110 2503 prohibitorum
1123 2421 1189 2483 oidc
1204 2422 1239 2481 in
1248 2423 1412 2502 peculiari
1423 2425 1488 2504 Ap·
1581 2393 1582 2456 ἶ

205 2505 332 2586 pendicc
348 2505 389 2565 ad
402 2505 511 2567 calcem
526 2505 619 2588 liujus
634 2507 777 2570 Articuli.
850 2567 855 2574 ,

826 2685 871 2740 Ill

245 2803 450 2859 Schismaticos
461 2804 489 2858 et
499 2803 605 2874 eosqui
618 2819 636 2859 a
649 2804 768 2860 Romani
783 2804 930 2860 Pontificis
947 2820 997 2878 pro
1007 2805 1131 2876 temporo
1141 2801 1307 2858 exsistentis
1319 2801 1479 2859 obedientia

210 2883 394 2956 pertinaciter
409 2899 440 2938 so
454 2882 640 2952 subtrahunt,
659 2886 705 2940 vel
717 2883 862 2940 recedunt.

816 2971 879 3044 tEcc
895 2971 985 3028 Batia
1005 2972 1109 3030 eane.
1123 2971 1185 3026 -l
1202 2971 1359 3044 Exoomm.)

331 3057 622 3122 Praenotanda.

250 3205 320 3265 983.
336 3239 374 3246 -
389 3205 402 3265 Ι
416 3204 552 3283 Utraque
566 3222 636 3285 pars
651 3204 744 3286 hujus
759 3223 894 3267 censurae
909 3205 992 3268 idem
1008 3205 1126 3268 crimen
1140 3203 1301 3286 exprimit,
1317 3210 1350 3266 at
1364 3203 1484 3266 diversa
1581 3189 1582 3236 ³

210 3291 338 3352 rationo.
359 3291 577 3354 schismaticus
596 3293 680 3355 enim
697 3294 902 3356 communiter
918 3313 936 3356 a
955 3295 1100 3376 theologis
1115 3293 1166 3355 ille
1185 3312 1248 3356 osse
1264 3291 1409 3356 ‹lednitur
1427 3291 1485 3370 qui

211 3397 229 3442 a
242 3379 372 3443 Romani
387 3379 541 3442 Pontificis
556 3380 729 3444 obedientia
742 3383 939 3464 pertinaciter
953 3402 983 3445 se
997 3382 1154 3446 subtrahit
1167 3382 1220 3463 (S.
1236 3381 1375 3450 Thoracis,
1391 3383 1424 3442 2.
1437 3382 1485 3450 ἰ,
1581 3381 1582 3424 l

225 3489 254 3549 q.
272 3471 327 3544 39,
344 3489 373 3529 a.
394 3469 443 3550 t);
464 3474 494 3531 et
512 3470 681 3533 essentialis
698 3490 801 3551 reapse
819 3470 938 3534 malitia
960 3471 1136 3534 schismatis
1152 3471 1209 3534 hac
1228 3468 1376 3552 pertinaci
1390 3469 1486 3530 deire

211 3557 342 3618 clatione
355 3557 533 3620 obediontia
544 3577 685 3639 supremo
694 3561 831 3622 Ecclesiae
842 3560 934 3641 capiti
945 3561 1054 3623 debita
1065 3567 1130 3626 tota
1142 3560 1328 3622 continetur.
1341 3559 1486 3620 Attamen

211 3663 287 3706 usus
302 3645 454 3720 obtinuit,
471 3653 508 3707 nt
522 3647 708 3710 schismatici
724 3650 876 3712 ordinarie
889 3650 1088 3730 appellentur,
1107 3648 1162 3730 qni
1173 3649 1213 3710 ad
1227 3665 1340 3710 novam
1355 3664 1391 3708 ac
1407 3663 1486 3725 sepa·

211 3741 311 3796 ratam
328 3734 484 3796 ecclesiam
499 3735 744 3799 constituendam
761 3738 923 3802 rebellione
941 3739 1102 3800 discedunt
1116 3756 1134 3798 a
1148 3743 1252 3801 centro
1267 3733 1420 3807 unitatis,
1438 3739 1483 3794 aut

212 3823 321 3886 saltem
335 3825 390 3904 qni
404 3825 554 3908 ejusmodi
566 3826 694 3888 ecclesiae
709 3835 851 3906 separata
864 3827 1036 3901 adherent,
1052 3827 1156 3908 qualos
1168 3831 1258 3898 sunt,
1273 3843 1303 3886 v.
1320 3843 1380 3904 gn,
1397 3819 1486 3886 draci

212 3927 231 3971 a
246 3912 461 3976 communione
475 3913 612 3976 Ecclesia
626 3919 771 3978 Romanae
785 3915 888 3978 divisi.
905 3921 946 3981 Ut
958 3917 1053 3998 igitur
1067 3913 1258 3993 intelligatur
1272 3931 1335 3978 non
1349 3912 1406 3974 hos
1423 3915 1487 3972 taa-

213 4003 284 4058 tum
308 4003 359 4060 sed
383 4009 414 4062 et
436 4003 503 4065 illos
527 4021 647 4084 quoqne
673 4004 730 4066 suh
755 4022 883 4068 censura
905 4003 1140 4086 comprehendi,
1166 4001 1321 4065 distinctis
1346 3997 1490 4062 clausulis

213 4083 339 4166 utrique
353 4087 504 4167 designati
520 4098 604 4155 sunt.

254 4176 292 4238 ll.
308 4177 426 4240 Nomen
441 4179 628 4244 schismatici
645 4181 696 4244 hic
711 4181 816 4246 stricte
834 4182 993 4264 accipitur,
1013 4199 1048 4244 ac
1060 4179 1187 4262 proinde
1202 4180 1240 4241 de
1257 4178 1310 4240 illo
1330 4178 1491 4241 danntaxat
1581 4225 1582 4248 ,

213 4263 448 4346 intelligendum
462 4274 523 4344 est,
536 4269 591 4348 qni
603 4271 775 4344 voluntate,
792 4271 977 4348 intentione,
993 4277 1023 4334 et
1035 4289 1067 4334 re
1080 4289 1134 4334 seu
1145 4267 1270 4341 effectu,
1285 4285 1339 4348 per
1351 4264 1491 4330 rebellem

216 4355 439 4428 separationem
458 4356 601 4434 discedit,
617 4364 674 4421 aut
688 4359 796 4423 saltem
811 4369 915 4424 manet
934 4360 1054 4424 divisus
1073 4358 1111 4422 ab
1127 4356 1249 4420 anuto
1263 4353 1406 4419 Ecclesia
1421 4351 1493 4416 uni·
