3206 5042
598 253 639 297 ua
660 251 890 299 nerarnonro
1313 240 1382 301 369

112 374 207 431 totam
227 381 364 440 causam,
381 366 535 445 quantum
552 380 628 443 opus
646 368 708 435 est,
725 363 762 424 ed
784 363 815 423 S.
836 363 944 425 Sedem
960 361 1172 424 transmittere
1188 363 1286 426 debet.
1301 366 1384 429 Vali-

111 459 187 519 dum
200 462 303 517 tamen
318 453 408 527 toret,
432 451 517 527 licet,
534 449 667 532 graviter
680 449 840 525 illicitum,
860 450 1095 514 Matrimonium
1109 451 1192 532 quod
1205 449 1244 530 ‚in
1259 453 1313 514 tali
1327 455 1383 516 du-

111 544 162 608 bio
180 541 393 617 celebraretur,
420 541 447 603 si
466 557 571 603 revera
594 545 736 601 mortuus
760 542 839 602 esset
856 543 982 621 conjux,
1008 540 1045 601 de
1064 541 1152 620 cujus
1172 546 1271 602 morte
1294 541 1384 604 dubi·

114 637 204 695 tatur.

159 719 228 782 Vide
248 717 395 780 lacteat-ct.
421 719 453 780 S.
475 717 590 799 Gortyn.
609 716 727 799 laquis.
751 715 793 777 ud
813 715 1009 800 probandum
1028 717 1142 780 obitum
1165 717 1299 800 alicujus
1317 737 1385 781 con-

106 809 204 891 jupis.
221 805 312 888 (Acta
323 806 359 870 S.
374 807 475 885 Sedis,
495 805 555 868 vol.
572 807 624 882 Vl,
636 825 673 887 p.
686 805 772 886 436.)

660 985 800 1031 PUNGTUM
820 985 840 1029 X

559 1098 599 1152 De
619 1095 824 1170 impedimento
838 1094 943 1152 aetatis.

156 1255 226 1315 835.
244 1285 283 1296 -
301 1249 561 1330 impedimentum
580 1251 678 1312 utatis
696 1248 837 1312 consistit
855 1248 889 1312 in
908 1247 1024 1312 defectu
1040 1247 1140 1312 atatis
1155 1248 1333 1313 sufficientis
1352 1251 1390 1312 ad

117 1338 305 1404 Matrimonii
320 1337 416 1402 officia
434 1339 639 1418 adimplenda.
658 1338 784 1402 Dirimit
802 1336 1036 1402 Matrimonium
1054 1337 1253 1419 impuberum
1269 1340 1392 1421 dejure

117 1427 333 1501 ecclesiastico,
350 1433 386 1490 ut
399 1426 520 1490 eruitur
531 1445 569 1490 ex
582 1446 607 1490 c.
625 1432 655 1502 t,
673 1433 711 1492 l0
725 1437 754 1490 et
769 1431 825 1502 ll,
841 1425 878 1490 de
890 1425 1038 1509 Despuat.
1054 1427 1184 1509 impul,
1198 1435 1255 1491 etc.

156 1516 303 1578 Pubertas
311 1519 414 1580 auum
425 1515 558 1579 babetur
568 1535 605 1578 ex
614 1518 688 1579 Jure
698 1535 765 1580 ean.
775 1535 830 1597 pro
838 1515 974 1580 loeminis
985 1533 1065 1579 anno
1075 1516 1252 1580 duodecimo
1262 1516 1391 1598 explete,

118 1608 147 1667 el
160 1623 215 1684 pro
227 1603 365 1667 maribus
381 1604 499 1685 expleto
511 1623 592 1668 anno
606 1605 855 1686 decimoquarto.

158 1693 318 1773 Excipitur
327 1699 434 1756 tamen
445 1693 479 1755 in
494 1695 578 1768 lure,
594 1693 682 1754 modo
698 1693 817 1754 matitia
830 1712 891 1753 uon
905 1693 1046 1773 suppleat
1059 1702 1197 1764 atnam,-
1209 1693 1291 1774 quod
1303 1693 1394 1755 intel-

119 1781 226 1861 ligitur
244 1781 281 1842 de
299 1779 515 1860 impuberibus
529 1785 633 1854 aetate,
653 1781 708 1860 qui
723 1783 790 1860 jam
804 1785 879 1840 sunt
892 1779 1021 1858 puberes
1035 1779 1168 1858 corporis
1182 1779 1317 1853 viribuS,
1340 1798 1394 1842 seu

120 1873 259 1949 potentes
269 1868 306 1930 ad
319 1866 555 1947 generationem,
570 1873 601 1929 et
612 1866 736 1930 aliunde
745 1884 824 1929 onus
836 1865 953 1928 vinculi
962 1866 1128 1948 conjugalis
1138 1867 1213 1930 satis
1228 1866 1396 1947 intelligere

121 1959 264 2036 possunt.

669 2084 809 2130 runcinat
826 2085 857 2130 xl

483 2205 528 2268 De
543 2204 757 2287 :inpedimento
771 2203 1035 2274 claudestiuitotis.

161 2349 233 2410 836.
256 2371 296 2390 *-
310 2341 543 2409 Matrimonium
557 2342 777 2404 clandestinum
794 2342 1013 2420 diciturillud,
1029 2345 1111 2427 quod
1128 2343 1320 2408 contrahitur
1334 2344 1400 2406 sine

125 2431 317 2498 solemnitate
329 2432 367 2494 ab
382 2431 514 2494 Ecclesia
523 2431 683 2512 requisita,
698 2449 807 2512 nempe
821 2431 887 2494 sine
899 2431 1076 2496 assistentia
1088 2433 1212 2496 Parochi
1222 2440 1253 2495 et
1266 2432 1399 2496 duorum

125 2523 235 2586 saltem
256 2521 396 2584 testium.
421 2520 681 2603 impedimentum
702 2519 787 2583 istud
803 2525 851 2583 est
871 2520 909 2582 de
929 2521 990 2584 solo
1008 2523 1078 2601 jure
1096 2521 1312 2597 ecclesiastico,
1329 2539 1401 2584 cum

127 2611 253 2676 luerita
269 2610 405 2672 Trideut.
420 2610 636 2686 constitutum,
656 2615 692 2672 ut
706 2616 790 2690 patet
801 2627 838 2672 ex
848 2627 917 2672 sesa.
931 2611 1038 2684 xxw,
1055 2629 1120 2692 cap.
1138 2629 1160 2672 1.

167 2701 217 2764 ad
229 2699 417 2765 Matrimonii
430 2699 620 2762 validitatem
631 2701 723 2760 testes
736 2697 866 2777 quilibet
880 2697 1048 2773 sufficiunt,
1060 2698 1125 2760 sive
1138 2717 1238 2760 mares
1249 2699 1323 2774 sint,
1338 2699 1402 2761 sive

129 2787 278 2858 immina,
294 2787 359 2848 sive
376 2791 467 2848 aetate
482 2788 627 2864 majores,
641 2785 708 2847 sive
722 2785 872 2858 minorest,
889 2785 954 2846 sive
968 2785 1080 2859 fideles,
1097 2786 1161 2847 sivo
1174 2785 1320 2859 infidum,
1338 2786 1403 2848 sive

129 2875 238 2946 libere,
255 2871 320 2933 sive
335 2870 429 2933 inviti
445 2889 480 2933 ac
493 2870 588 2933 coacti
606 2872 768 2946 assistant,
786 2872 876 2933 modo
895 2870 1023 2935 rationis
1043 2889 1138 2935 usum
1155 2871 1302 2947 habeant,
1319 2878 1350 2936 et
1366 2872 1402 2936 de

129 2965 282 3026 contracto
294 2958 489 3022 Matrimonio
502 2959 608 3020 testari
620 2959 753 3021 valeant.

169 3048 329 3133 Aqeadum
345 3053 375 3111 l⁰
395 3047 433 3110 de
447 3045 479 3112 vi
495 3045 611 3110 Decreti
632 3045 757 3110 concilii
779 3047 969 3126 Tridentini;
986 3085 1025 3096 -
1042 3053 1075 3113 2⁰
1088 3051 1126 3116 de
1150 3049 1327 3116 assistentia
1349 3051 1404 3111 Pa-

130 3139 225 3205 sochi.

710 3287 805 3330 sacno
824 3289 835 3330 1

508 3395 549 3449 lle
560 3392 588 3449 vi
602 3391 710 3448 decreti
725 3392 846 3450 Concilii
857 3391 1027 3451 Tridentini.

174 3546 291 3606 837.-
300 3537 470 3602 Concilium
484 3537 528 3600 sic
542 3535 670 3601 statuit:
688 3537 747 3614 Qut
759 3537 852 3600 aliter
865 3559 955 3620 quom
963 3547 1107 3621 prasente
1119 3537 1269 3618 Parocbo,
1286 3537 1333 3600 uel
1345 3536 1408 3600 alio

132 3629 295 3694 Sacerdote
309 3629 345 3691 de
359 3627 456 3712 ipsius
470 3625 606 3688 Paroebi
617 3645 667 3688 eeu
681 3626 841 3690 ordinarii
855 3626 989 3699 licentia,
1006 3637 1036 3690 et
1052 3626 1167 3689 duobcu
1183 3627 1230 3691 uel
1244 3627 1341 3690 tribue
1357 3637 1410 3690 tee-

135 3721 226 3798 tibus,
243 3717 476 3780 Matrimonium
488 3715 663 3779 contradere
676 3715 879 3793 attentabunt,
891 3736 938 3779 eos
953 3726 1058 3780 sancto
1072 3717 1219 3800 synodus
1230 3715 1271 3779 ud
1285 3717 1329 3778 eie
1343 3735 1411 3779 eoa-

135 3807 315 3870 trobendum
329 3805 451 3869 omuino
461 3804 612 3868 indebitas
625 3805 738 3882 reddit,
753 3815 782 3868 et
792 3805 966 3887 bujusmodi
976 3816 1147 3870 contractus
1157 3809 1264 3868 irritos
1274 3805 1411 3868 etuuttu

135 3915 195 3959 esse
212 3895 380 3959 deceruit...
401 3894 547 3956 deceruit
565 3895 700 3976 iusuper,
719 3905 753 3954 ut
768 3895 941 3978 hujusmodi
957 3895 1104 3960 decretum
1122 3897 1155 3958 in
1171 3907 1413 3994 unaquaquepo·

135 3984 238 4047 roobia
253 4003 338 4047 auum
356 3983 452 4045 robur
461 3992 534 4066 poet
553 3987 594 4048 30
611 3983 674 4046 dier
690 3981 797 4047 bebere
814 3985 994 4068 incipiat,o
1011 3985 1060 4048 die
1072 3985 1184 4068 primae
1196 3983 1412 4068 publicationis

136 4075 170 4136 ia
183 4071 284 4136 eudem
294 4071 443 4154 parocbia
459 4072 552 4150 soctoe
565 4072 776 4136 numerandos.

258 4211 473 4276 Resolves.

22 4387 23 4408 ,
177 4343 248 4405 838.
266 4373 307 4385 -
331 4343 363 4402 l⁰
382 4334 578 4402 Matrimonia
598 4335 786 4400 claudestina
808 4343 884 4401 suut
903 4337 1031 4402 omuino
1053 4337 1190 4404 invalida
1211 4340 1247 4403 iu
1267 4339 1413 4405 omnibus

23 4477 24 4506 ,
137 4428 226 4504 locis,
245 4427 300 4492 ubi
321 4423 447 4492 concilii
468 4425 625 4489 decretum
646 4423 708 4489 brit
730 4425 970 4507 promulgatum.
992 4429 1039 4492 Ex
1059 4426 1125 4510 ipso
1148 4430 1267 4496 dureto
1287 4427 1414 4494 manile

23 4547 25 4572 r
138 4524 224 4584 stum
237 4523 295 4582 est.

215 4633 286 4680 oon.
296 4655 323 4669 -
340 4631 399 4678 uera
409 4630 442 4678 n.
1291 4625 1323 4676 2⁴
