3206 5042
206 237 274 296 160
736 244 944 296 cancarrus

207 360 374 441 praecipuas
390 359 537 431 revocari,
555 375 687 440 quarum
702 358 808 438 prima
826 353 1037 435 complectitur
1056 357 1119 418 loca
1135 363 1166 420 et
1175 361 1249 438 jura
1262 361 1302 422 ad
1322 363 1503 428 Ecclesiam

207 455 377 514 Romanam
392 448 593 528 pertinentia;
609 445 754 518 recaredo,
766 445 846 507 hona
859 451 890 505 et
900 446 971 524 jura
986 443 1173 522 pertinentia
1182 447 1222 508 ad
1236 466 1390 528 personas
1405 455 1504 516 eccle-

208 538 345 600 siasticas
361 537 478 600 ratione
492 555 619 598 suarum
630 534 823 597 ecclesiarum
835 538 890 594 aut
903 531 1136 610 heneficiorum;
1150 538 1254 610 tertia,
1263 545 1379 600 5551555
1387 545 1499 604 omnia

207 625 286 688 bona
302 627 440 706 valjam,
457 644 526 704 quae
538 643 730 704 quocumque
745 624 834 685 modo
850 620 1051 684 ecclesiastica
1065 623 1125 684 dici
1142 633 1284 704 possunt,
1302 629 1401 691 etiam
1415 632 1497 711 quia

208 714 363 795 pertinent
383 715 422 777 ad
442 714 504 776 loca
525 713 576 794 pia
596 722 626 776 et
649 715 687 775 ad
709 711 910 774 sublevandas
931 729 1101 790 pauperum
1120 714 1320 778 necessitates
1335 719 1496 782 destinata

209 810 284 864 sunt
300 813 319 862 ¹.
334 807 548 882 UsurpatoroS,
565 802 734 874 invasurae,
749 808 820 874 eto,
836 801 988 862 honorum
1002 799 1049 861 551
1059 801 1183 880 jurium
1201 809 1273 866 tum
1292 806 1405 885 primm
1421 815 1495 870 tum

210 892 348 953 secundae
363 892 466 953 classis
480 889 789 953 eioornmnnicationi
801 894 887 968 Papae
902 887 1025 968 speciali
1037 891 1127 952 modo
1136 897 1298 956 reservatae
1310 895 1493 976 subjacent.

210 980 309 1042 terties
326 999 407 1053 vero,
424 982 525 1042 solum
539 979 845 1041 excommunicationi
860 980 946 1056 Papae
957 977 1137 1056 simpliciter
1148 987 1323 1045 reservatae.
1337 987 1494 1047 Caeterum

210 1087 338 1130 censura
350 1069 531 1130 Tridentino
545 1069 695 1130 latissima
709 1071 768 1143 est,
784 1074 814 1129 et
828 1085 865 1128 ex
884 1085 915 1127 55
932 1067 972 1128 551
989 1067 1131 1130 omnium
1143 1070 1323 1133 extenditur
1337 1073 1493 1135 honorum

211 1156 482 1218 ecclesiasticorum
504 1157 683 1236 direptores,
702 1157 843 1238 quamvis
864 1173 969 1217 eorum
988 1155 1131 1236 quidam,
1149 1158 1227 1219 dum
1246 1162 1381 1238 graviori
1398 1181 1492 1242 poena
1590 1223 1591 1234 ,

208 1249 275 1326 jam
294 1265 346 1324 per
367 1247 624 1309 Constitutiouem
643 1247 827 1327 plectuntur,
844 1263 911 1306 eam
934 1263 997 1306 non
1020 1244 1201 1321 incurrunt,
1217 1255 1308 1328 prout
1325 1252 1492 1312 declaravit

213 1338 242 1396 S.
260 1338 291 1397 C.
309 1339 344 1398 U.
362 1335 490 1414 laquis,
507 1340 526 1398 8
544 1337 604 1397 1551.
624 1339 713 1410 1811,
728 1353 797 1415 quae
814 1333 965 1414 proposito
984 1333 1077 1396 dubio
1090 1353 1097 1394 ε
1112 1336 1164 1396 Aa
1185 1349 1380 1420 usurpatores
1399 1341 1491 1400 bono

211 1444 279 1482 ram
298 1423 562 1486 ecclesiasticorum
578 1424 696 1504 duplici
710 1423 899 1484 innodantur
918 1441 1053 1498 censura,
1070 1425 1171 1485 altera
1185 1427 1221 1487 11.
1238 1426 1325 1487 Pont.
1342 1430 1489 1508 speciali·
1590 1425 1591 1440 ¹

210 1521 259 1572 tor
274 1522 441 1585 reseruata,
458 1514 488 1573 oi
508 1513 634 1575 Constit.
655 1513 831 1592 apostoliea
845 1512 944 1586 Sedis,
961 1513 1058 1573 511555
1070 1514 1246 1595 simpliciter
1261 1525 1424 1592 reservata,
1445 1519 1488 1575 ri
1590 1567 1591 1600 ,

215 1602 240 1663 C
241 1621 307 1661 orec,
326 1600 353 1660 Τ
350 1602 463 1662 rident.
468 1649 477 1678 ,
493 1601 665 1681 respondit:
682 1602 843 1682 Neqatioc.
868 1601 1011 1663 Videlicet
1027 1613 1212 1684 usurpatores
1225 1603 1365 1663 bonorum
1379 1604 1483 1664 cccle-

212 1690 403 1750 siasticorurn
422 1691 570 1751 innodari
583 1691 649 1752 sola
662 1693 970 1752 eaeomnunieattone
984 1691 1021 1752 a.
1038 1691 1078 1751 P.
1095 1691 1436 1775 specialiterrcseraata.

254 1784 288 1841 2⁰
303 1780 432 1842 Nomine
446 1781 656 1861 usurpationis
670 1799 731 1842 non
746 1782 846 1842 solum
859 1780 909 1842 hic
922 1779 1115 1860 intelligitur,
1130 1787 1164 1843 ut
1181 1781 1294 1842 dictum
1311 1789 1357 1843 est
1374 1782 1412 1843 in
1429 1801 1487 1844 ex-

216 1869 377 1948 plicatione
390 1869 487 1930 Arttc.
504 1874 552 1937 11,
567 1889 681 1930 recens.
697 1875 725 1942 1,
742 1869 831 1944 actio,
844 1887 905 1949 qua
916 1869 986 1949 quis
1001 1888 1067 1931 rem
1081 1870 1224 1946 alienam,
1240 1871 1327 1951 quasi
1336 1874 1405 1952 jure
1419 1889 1488 1951 pro-

215 1959 298 2038 prio,
316 1977 370 2021 seu
391 1965 540 2038 tauquam
561 1958 621 2021 sihi
642 1959 778 2020 debitam
795 1959 931 2032 invadit,
949 1959 1001 2020 sed
1020 1959 1099 2022 actio
1117 1959 1260 2040 quelibet
1278 1959 1408 2041 injusta,
1428 1979 1489 2040 qua

216 2048 286 2126 quis
306 2047 383 2109 bona
398 2048 613 2128 praedictorum
629 2049 762 2110 locorum
783 2047 905 2110 invadit
928 2053 957 2109 et
980 2047 1122 2128 surripit;
1138 2049 1171 2110 id
1184 2049 1269 2110 enirn
1286 2048 1438 2129 colligitur
1452 2069 1489 2111 ex

215 2135 277 2196 illis
299 2137 424 2198 verbis:
443 2157 628 2218 5555555555
646 2148 728 2215 arte,
750 2146 803 2198 aut
823 2157 1009 2219 quocumque
1030 2139 1153 2218 quaesito
1172 2137 1268 2199 colors
1295 2143 1328 2198 in
1346 2140 1487 2220 proprias

217 2243 288 2283 usus
303 2230 461 2286 conuertit.
476 2229 598 2306 Oportet
613 2235 731 2302 155555,
749 2235 785 2290 ut
802 2226 866 2288 15555
883 2227 1012 2288 scienter
1025 2225 1128 2301 faciat,
1142 2227 1174 2289 id
1189 2235 1236 2289 est
1251 2235 1286 2289 ut
1301 2229 1384 2290 nullo
1398 2228 1487 2290 modo
1551 2303 1554 2314 ¹

217 2313 336 2394 ignoret
351 2319 512 2396 cujusnam
527 2316 591 2378 sint
603 2317 654 2379 illa
666 2318 756 2392 bona,
769 2334 842 2378 nam
856 2316 1025 2379 Concilium
1039 2316 1311 2397 presumptionem
1326 2316 1463 2397 requirit.

257 2405 357 2475 Quina.
366 2405 414 2462 Aa
427 2407 479 2483 qui
494 2406 531 2464 ab
545 2407 658 2484 injusto
672 2409 808 2466 invasore
821 2407 950 2466 scienter
962 2406 1032 2466 emit
1047 2405 1096 2466 cel
1105 2405 1179 2464 dono
1188 2406 1304 2484 accipit
1319 2406 1400 2467 tatia
1413 2405 1488 2466 bona
1590 2441 1591 2450 ,

216 2492 545 2550 exennmnnteanonem
561 2492 719 2552 incurrat?

257 2576 348 2655 Hesp.
364 2578 503 2658 Affirm„
521 2579 673 2657 siquidem
688 2581 806 2643 actione
821 2582 988 2646 formaliter
1000 2583 1107 2662 injusta
1120 2580 1182 2642 haeo
1194 2581 1273 2642 hona
1290 2581 1442 2644 transfert
1458 2580 1492 2642 in

217 2683 293 2727 usus
304 2666 451 2747 proprios.
463 2669 526 2729 lmo
541 2672 571 2728 51
582 2668 615 2730 151
629 2669 862 2750 intelligendum
876 2679 922 2735 est
936 2667 1392 2735 511555551515551555515515511515
1407 2687 1494 2748 quo-

215 2773 288 2817 rum
309 2758 469 2838 usurpatio
490 2757 637 2839 graviori,
655 2766 690 2822 ut
714 2761 974 2842 lintheamina
998 2758 1137 2833 afficitur,
1152 2763 1270 2819 certum
1288 2763 1337 2818 est
1353 2756 1444 2818 enim
1457 2775 1491 2818 ea
1590 2779 1591 2798 t

215 2845 273 2906 suh
288 2846 344 2908 hoc
359 2854 495 2927 respectu
510 2847 653 2926 praesenti
669 2868 796 2913 cerrsura
810 2849 1034 2930 comprehendi.

754 3071 893 3115 PUNCTUM
914 3071 947 3114 tv

287 3197 326 3252 De
343 3198 684 3255 excommunicationibus
700 3200 764 3256 1515
780 3200 930 3256 sententiae
944 3216 1007 3271 quae
1024 3198 1172 3272 Episcopis
1184 3196 1243 3253 sivo
1254 3196 1416 3253 Ordinariis

728 3282 795 3336 sunt
813 3285 974 3336 5555155515.

258 3413 330 3475 Tres
344 3420 468 3476 tanturn
487 3422 701 3492 numerantur,
718 3435 786 3498 quie
805 3417 839 3479 in
864 3416 950 3480 Bulla
972 3417 1127 3480 hahentur
1146 3431 1300 3495 expressa.
1315 3411 1401 3474 Nulla
1416 3407 1485 3468 'lhi-

214 3503 340 3565 dentina
355 3505 392 3565 ad
406 3503 486 3566 hano
499 3505 704 3568 recensionem
717 3507 858 3586 pertinet.
1590 3553 1591 3582 ,

254 3593 423 3655 Declaravit
443 3595 492 3655 SS.
508 3597 542 3656 1).
559 3598 590 3656 P.
607 3595 679 3658 Pius
694 3597 732 3660 tx
752 3594 1062 3660 excommunicationi
1076 3594 1147 3658 1515
1161 3590 1322 3656 sententie
1336 3585 1488 3668 Episcopis

215 3681 279 3744 sive
291 3681 460 3744 Ordinariis
474 3692 634 3746 reservata
648 3686 820 3768 subjacere:

845 3843 856 3897 1

251 3957 374 4016 Clerioos
390 3960 419 4015 in
433 3959 528 4016 Sacris
543 3959 714 4017 constitutos
729 3960 773 4018 vel
789 3960 945 4032 Regulares
959 3962 1009 4017 aut
1021 3956 1160 4016 ltloniales
1172 3956 1237 4030 post
1250 3955 1350 4010 votum
1364 3952 1487 4008 solemne
1579 3970 1584 4023 1

216 4037 357 4094 castitatis
375 4040 585 4096 Matrimonium
599 4041 766 4097 contrahere
776 4043 997 4114 praesumentem
1013 4055 1066 4096 nec
1080 4054 1137 4094 non
1149 4051 1249 4092 omnes
1262 4049 1330 4090 cum
1345 4032 1443 4103 aliqua
1457 4043 1485 4084 ox

215 4115 359 4191 praedictis
374 4121 506 4191 55555515
517 4121 729 4178 Matrimonium
744 4122 910 4177 contrahere
923 4119 1140 4195 praesumontes.

577 4217 639 4288 (an
651 4215 790 4273 Ctemcnt.
805 4214 824 4274 1.
842 4217 873 4286 1,
887 4233 953 4290 cap.
969 4215 1053 4272 unic.
1070 4215 1106 4270 de
1125 4211 1276 4284 0555555.
1292 4211 1322 4264 et
1333 4208 1357 4265 A
1362 4205 1443 4281 [ficol

250 4401 257 4434 ²
274 4399 318 4450 Pia
333 4400 412 4464 igitur
426 4401 481 4452 loca
490 4400 537 4451 hoc
547 4401 646 4453 decreto
660 4402 808 4454 Tridentino
821 4417 851 4454 ea
861 4401 1052 4467 intelliguntur,
1064 4413 1135 4466 555,
1148 4396 1182 4447 551
1194 4395 1268 4461 pium
1277 4394 1357 4446 tinem
1369 4389 1494 4474 instituta.

214 4470 364 4520 auctoritate
380 4471 646 4524 ecclesiasticaerecta
657 4474 888 4536 sunt,autsaltem
900 4475 999 4540 abipsa
1013 4471 1098 4537 quoad
1107 4471 1234 4520 honorum
1242 4464 1494 4526 administrationem

216 4533 375 4597 dependent,
388 4540 464 4599 juxta
479 4540 577 4590 sancita
591 4541 623 4591 ab
638 4543 727 4592 eodem
740 4545 865 4606 Concilio,
880 4545 947 4596 Sess.
962 4543 1054 4594 eadem
1066 4541 1148 4602 11111,
1164 4555 1187 4591 c.
1203 4551 1247 4590 5555
1258 4539 1285 4588 et
1298 4549 1334 4586 55.
1573 4546 1578 4631 l
