3224 5044
613 221 656 264 nr
677 218 909 264 uarnruouro
1326 210 1393 270 353

123 337 155 392 et
169 346 279 410 sponsa
295 327 358 390 sint
375 328 506 390 mediate
520 327 667 410 generati.
681 327 759 389 Hinc
771 333 933 410 postquam
947 331 1114 406 inveneris,
1125 332 1279 414 simulque
1292 336 1394 398 auim-

122 415 299 490 aduertcris,
317 423 424 478 utrum
439 417 541 498 sponsi
557 416 620 480 sint
634 417 668 478 in
684 417 764 480 linea
775 417 885 498 aequali
896 419 943 481 rel
957 419 1112 499 inaequali‚
1122 419 1251 501 applices
1269 424 1392 486 undem

124 507 241 655 regulap
255 504 334 568 infra
348 507 566 586 proponendae,
578 509 608 568 et
622 505 766 568 resolutio
777 505 864 568 dubii
878 506 1003 587 patebit.
1015 511 1071 571 Pro
1081 508 1195 587 quibus
1211 510 1253 572 sit
1264 528 1393 591 sequens

122 611 231 675 exemp
242 611 316 656 um:
680 641 684 648 .
1117 643 1124 656 .

704 765 824 812 sentus

636 877 770 941 Bidocus
790 878 880 942 Noai.

375 1017 508 1064 epotum
1016 1017 1152 1066 caoctus

164 1108 187 1167 l.
345 1103 429 1166 lolia
448 1103 539 1181 Noel,
764 1107 786 1166 l.
966 1105 1086 1167 Artior
1103 1106 1191 1168 Noel.

384 1221 463 1264 ocor
479 1202 544 1264 Titi
557 1201 684 1286 Pascal„

405 1339 485 1424 ¹auris
1048 1339 1128 1387 evus

166 1439 202 1499 ll.
317 1436 442 1499 Maecius
460 1436 585 1500 Pascat.
768 1439 804 1498 ll.
972 1437 1097 1498 Momm
1110 1437 1194 1502 Noel.

399 1583 496 1628 rursu
1040 1583 1136 1630 aaran

167 1681 217 1742 lll.
321 1677 437 1740 Paulus
452 1678 572 1742 Pascal.
769 1681 819 1740 lll.
983 1678 1096 1740 Hector
1108 1678 1196 1742 Noel.

390 1823 515 1867 srousus
1031 1822 1143 1867 srousa

169 1921 220 1980 Ν.
326 1915 435 1978 Petrus
448 1916 570 1979 Pascal.
772 1917 823 1977 IV.
987 1915 1090 1978 Μανία
1106 1916 1193 1980 Noel.

170 2083 205 2142 ln
226 2079 283 2142 hoc
305 2079 440 2160 exemplo
467 2079 579 2141 Petrus
601 2077 712 2140 Pascal
733 2083 764 2140 et
791 2077 893 2139 Morio
921 2076 1001 2140 Noet
1027 2085 1101 2142 sunt
1126 2081 1343 2161 consanguinei
1372 2083 1407 2146 in

131 2173 239 2250 quarto
253 2169 349 2248 gmdu
370 2167 490 2248 aequali.
510 2167 541 2229 Si
556 2184 627 2230 vero
646 2165 747 2228 Μανία
766 2165 847 2228 Noai
863 2165 1040 2230 immediate
1055 2167 1246 2232 descenderet
1260 2190 1278 2232 a
1295 2171 1406 2234 Mauro

131 2257 222 2337 Noel,
237 2256 357 2317 Auctor
369 2255 452 2318 Noel
462 2258 540 2318 esset
552 2258 618 2337 ejus
633 2273 709 2318 avus
719 2261 750 2318 et
759 2255 894 2317 Didocus
908 2255 989 2317 Noel
1001 2257 1066 2336 ejus
1079 2275 1223 2337 pmavus,
1239 2263 1269 2320 et
1279 2260 1405 2340 proinde

133 2344 347 2426 consanguinei
362 2343 461 2406 forent
475 2344 509 2406 in
523 2353 635 2426 quarto
645 2343 744 2424 produ
757 2343 899 2424 quidem,
914 2344 965 2406 sed
977 2348 1146 2426 attingente
1161 2351 1293 2408 tertiam.

171 2439 241 2500 803.
257 2469 298 2480 -
312 2433 381 2496 Alia
395 2432 490 2496 etiam
506 2433 668 2495 methodus
682 2431 838 2495 indicatur
849 2434 887 2495 ad
901 2431 1013 2512 gradum
1027 2433 1217 2513 cognationis
1231 2435 1410 2516 dignoscen-

133 2525 201 2600 dae,
218 2523 331 2586 scilicet
349 2539 418 2585 cum
438 2522 551 2584 tabella
569 2520 770 2603 aeneaeque,
785 2539 840 2584 seu
860 2522 970 2582 arbore
992 2523 1275 2601 consanguinitatis.
1292 2526 1408 2607 Inspice

134 2613 273 2676 tabellam
289 2617 318 2674 et
332 2611 400 2675 u’de
413 2611 446 2673 in
462 2630 523 2694 qua
534 2610 626 2686 linea,
637 2617 669 2673 et
682 2609 715 2672 iu
730 2610 846 2690 quibus
860 2610 976 2672 cellulis
991 2610 1122 2690 reperias
1136 2631 1280 2692 personas
1289 2615 1325 2676 de
1335 2633 1411 2696 qua·

134 2719 203 2764 rum
223 2700 399 2780 cognatione
418 2699 578 2779 quaritur,
595 2703 625 2760 et
642 2699 764 2761 attende
786 2703 862 2778 quot
882 2698 1027 2778 gradibus
1046 2699 1162 2761 distent
1176 2719 1194 2762 a
1210 2701 1315 2780 stipite
1328 2722 1411 2766 com-

136 2789 235 2852 muni.
252 2786 437 2867 Eccemplcm
449 2807 461 2846 .·
476 2784 605 2861 Quaeris,
622 2805 652 2848 v.
670 2804 729 2864 gn,
746 2803 880 2864 quonam
903 2786 999 2864 gradu
1013 2785 1115 2846 Titius
1132 2804 1262 2864 sponsus
1279 2787 1319 2850 sit
1338 2808 1409 2852 oon·

135 2873 322 2954 sanguineus
344 2878 480 2953 respectu
502 2875 600 2934 Bertae
624 2889 759 2951 sponsae,
785 2891 855 2933 cum
870 2875 936 2952 jam
959 2872 1035 2934 scias
1058 2890 1152 2935 avum
1181 2873 1290 2953 prioris
1317 2875 1410 2941 fuisse

135 2964 262 3026 fratrem
277 2960 382 3042 proavi
396 2958 582 3041 posterioris.
599 2961 678 3020 Pone
691 2957 810 3019 Titium
825 2958 859 3020 in
878 2959 949 3021 cella
967 2959 1069 3023 media
1081 2964 1131 3037 N.;
1147 2962 1272 3025 ascende
1291 2963 1329 3024 ad
1345 2967 1424 3045 ejus

136 3069 246 3126 avum;
261 3049 353 3112 frater
367 3051 432 3130 eJus
442 3049 481 3110 ad
495 3048 654 3109 dexterum
668 3046 760 3120 latuS,
770 3045 803 3106 in
814 3046 887 3108 cella
900 3047 954 3108 uhi
969 3053 1093 3111 notatur
1107 3055 1247 3130 patruae,
1263 3051 1410 3132 eritpro-

137 3159 213 3204 avus
228 3143 339 3214 Bertoe;
356 3137 501 3200 descende
515 3153 568 3216 per
583 3135 695 3196 lineam
714 3138 827 3196 rectam
847 3133 930 3196 illius
952 3138 1141 3200 numerando
1163 3157 1272 3215 auum,
1293 3145 1410 3220 patrem

138 3233 168 3292 et
189 3245 331 3309 sponsam
352 3226 466 3307 ipsam,
487 3223 559 3286 hinc
583 3221 676 3302 stipes
697 3223 870 3285 communis
891 3222 949 3284 erit
969 3222 1033 3298 ille,
1051 3223 1106 3304 qui
1124 3227 1274 3306 reperitur
1287 3227 1322 3288 in
1339 3229 1412 3290 cella

139 3317 227 3380 tertia
241 3315 395 3397 superiore
414 3314 501 3376 lineae
520 3311 639 3374 mediae.
656 3309 704 3373 Sic
723 3311 901 3373 numerabis
919 3317 979 3374 tres
998 3311 1110 3392 gradus
1129 3332 1168 3376 ex
1185 3319 1271 3395 parte
1291 3316 1410 3396 spousi,

139 3411 170 3469 et
187 3413 320 3488 quatuor
339 3423 377 3466 ex
397 3407 483 3484 parte
500 3419 633 3482 sponsae;
650 3398 723 3462 hinc
741 3400 900 3462 concludes
918 3419 983 3462 esse
1004 3401 1243 3482 consanguineos
1258 3402 1292 3466 in
1305 3408 1413 3482 quarto

141 3496 236 3574 gradu
250 3494 420 3573 attingente
434 3490 574 3554 tertium.
774 3505 777 3514 ⁴

181 3581 276 3664 Finge
289 3581 349 3644 alia
362 3581 481 3662 quavis
490 3579 628 3659 exempla
643 3577 768 3654 similia,
785 3578 970 3641 alterutrum
984 3597 1001 3640 e
1013 3577 1132 3658 sponsis
1143 3578 1178 3640 in
1191 3581 1327 3661 qualibet
1341 3583 1413 3644 cella

142 3671 206 3736 siue
216 3670 327 3746 merlia,
338 3672 403 3734 sive
412 3671 451 3732 ad
463 3686 564 3732 unum
573 3667 655 3730 latus
670 3685 854 3749 supponens,
864 3672 895 3729 et
907 3668 945 3730 ad
960 3667 1095 3748 stipitem
1105 3685 1300 3732 communem
1315 3689 1416 3733 asceu-

141 3761 225 3837 dens,
243 3766 279 3823 ut
292 3759 364 3822 inde
381 3759 420 3822 ad
437 3760 569 3822 alterum
586 3774 733 3836 sponsum
748 3756 925 3832 descendas;
943 3758 996 3820 sed
1012 3754 1141 3818 minime
1155 3757 1292 3820 attendas
1305 3759 1344 3820 ad
1360 3776 1415 3820 uo-

143 3847 228 3910 mina
241 3867 310 3928 qaae
325 3848 359 3911 in
370 3847 464 3910 variis
477 3845 559 3910 cellis
571 3845 802 3908 occurrentibus
816 3844 956 3925 reperies,
968 3844 1042 3928 quia
1052 3862 1107 3926 pro
1121 3845 1192 3908 cella
1207 3845 1299 3909 electa
1310 3845 1415 3910 omnia

142 3933 320 4006 sanabunt,
334 3943 371 3998 ut
385 3942 480 4016 patet.

183 4022 440 4101 consanguinitas
461 4023 543 4088 inter
565 4024 686 4086 easdem
708 4040 851 4104 personas
875 4041 912 4086 ex
934 4022 1048 4102 duplici
1066 4023 1113 4084 uel
1138 4021 1233 4084 etiam
1254 4023 1416 4106 multiplici

145 4109 243 4191 capite
256 4109 331 4172 oriri
343 4115 452 4192 potest,
464 4118 495 4174 et
510 4117 583 4174 tunc
597 4115 643 4173 est
656 4110 769 4192 duplex
783 4111 831 4174 uel
845 4111 1007 4192 multiplex
1017 4109 1238 4192 propinquitas,
1255 4131 1310 4175 seu
1321 4113 1416 4194 impe-

144 4199 317 4264 dimentum
339 4199 374 4262 in
393 4199 539 4279 petitione
559 4199 797 4278 dispensationis
814 4199 1031 4280 aperiendum
1045 4197 1105 4272 ita,
1120 4217 1150 4261 v.
1167 4219 1225 4281 gr,
1239 4200 1265 4263 si
1282 4203 1343 4264 duo
1357 4203 1418 4264 lra-

147 4295 209 4352 tres
223 4287 300 4348 duas
314 4285 444 4349 feminas
464 4286 523 4350 sihi
538 4286 779 4365 consanguineas
793 4288 916 4362 ducant,
925 4285 1014 4350 liberi
1029 4305 1066 4352 ex
1079 4295 1208 4370 utroque
1220 4288 1419 4351 matrimonio

144 4375 356 4458 pmvenientes
373 4374 536 4456 dupliciter
548 4375 631 4437 inter
651 4391 682 4438 se
702 4374 919 4456 consurguinei
937 4382 1044 4451 erunt,
1061 4383 1091 4440 et
1109 4377 1172 4444 heo
1191 4376 1421 4441 circumstantia

146 4464 314 4528 necessario
328 4463 508 4528 declaranda
522 4467 577 4529 est.

173 4561 179 4572 ⁴
224 4579 295 4624 σου.
305 4599 331 4608 -
347 4581 406 4626 'forn
423 4579 455 4628 11.
1297 4573 1328 4624 2³
