3198 5036
177 187 222 246 88
707 195 917 242 ansericus

178 322 226 372 tas
240 309 297 385 sit,
314 313 344 371 et
357 326 392 371 ea
406 307 544 370 conficiat
557 307 738 381 solemniter,
757 307 861 383 idest,
879 325 950 371 cum
963 309 1082 389 integro
1096 309 1158 372 situ
1175 309 1213 372 ab
1228 310 1359 373 Ecclesia
1372 328 1450 391 prae-

177 399 300 481 scripto.
310 397 450 462 Graviter
461 395 675 477 igilurpeccal,
688 395 743 477 qui
752 396 917 460 inmortali
925 399 1117 460 Sacramenta
1127 398 1299 474 ministrat;
1308 399 1451 462 Minister

176 487 261 552 enim
277 488 336 551 fide
350 485 519 549 destitutus
533 486 581 548 rel
592 485 750 566 improbus
764 484 878 565 irrogat
892 505 1015 566 gravem
1031 489 1090 550 Deo
1106 489 1137 548 et
1149 486 1268 550 Christo
1282 487 1447 568 injuriam,

177 583 282 640 sancta
299 575 426 656 indigne
443 575 620 649 tractando,
637 579 682 649 et,
702 579 855 655 quantum
876 575 910 638 in
929 595 961 638 sc
981 582 1043 650 est,
1060 575 1307 638 contaminando.
1322 577 1450 658 Insuper

178 685 249 729 cum
258 665 399 730 Minister
408 664 675 726 Sacramentorum
684 670 879 743 representet
886 663 1054 738 Christum,
1064 663 1248 745 primarium
1256 665 1448 741 Ministrum,

177 754 232 836 qui
244 761 290 817 est
304 756 433 816 Sanctus
450 758 641 827 sanctorum,
657 753 782 832 ejusque
798 771 959 833 personam
978 757 1077 833 gerat,
1092 771 1212 816 siccasse
1226 760 1272 816 est
1285 759 1321 816 ut
1337 759 1368 818 et
1385 753 1451 834 ipse

177 843 218 905 sit
235 849 368 906 sanctus.

299 971 492 1050 Quaesita.

217 1099 289 1159 208.
305 1130 345 1140 -
358 1095 458 1168 nam.
479 1097 512 1154 l⁰
531 1093 581 1154 An
597 1099 694 1176 peccet
712 1094 850 1172 praviter
867 1091 1010 1155 Minister
1030 1094 1098 1175 qni,
1119 1103 1244 1175 serpente
1262 1095 1452 1169 necessitate,

179 1186 298 1266 confert
316 1187 350 1243 in
369 1181 495 1244 mortali
512 1179 740 1244 Sacramentum
754 1181 795 1244 acl
806 1181 889 1263 quad
901 1202 960 1243 non
978 1193 1021 1243 est
1037 1183 1209 1264 specialiter
1227 1183 1383 1246 ordinatus
1399 1204 1456 1245 sec

178 1282 365 1335 consecratas
372 1316 382 1346 ,
398 1290 427 1332 c.
443 1290 505 1351 pr,
524 1272 553 1331 si
564 1270 675 1332 mulier
687 1269 879 1352 Baptismum
893 1274 926 1331 in
938 1279 1018 1332 stata
1028 1275 1151 1354 peccati
1164 1271 1333 1334 ministret?

219 1361 313 1442 Resp.
326 1359 407 1439 Nep.
420 1358 633 1441 probabiliter,
649 1358 848 1421 etiamsinon
863 1363 1047 1434 conteratur,
1062 1377 1135 1422 cum
1152 1367 1267 1440 posset,
1288 1361 1362 1442 quia
1379 1360 1455 1424 obli·

181 1448 263 1530 gatio
276 1447 311 1511 in
327 1446 469 1512 Ministro
482 1447 615 1510 habendi
630 1447 824 1510 sanctitatem
837 1465 900 1510 non
912 1447 1012 1510 oritur
1026 1449 1149 1530 praecise
1161 1467 1198 1510 ex
1212 1449 1278 1530 ipsa
1292 1449 1456 1517 strictitate

181 1536 295 1602 Christi
309 1542 341 1599 et
354 1534 543 1599 Sacramenti
555 1537 723 1598 secundum
736 1554 767 1598 se
772 1583 782 1614 ,
800 1536 852 1598 sed
865 1554 901 1598 ex
916 1535 1051 1600 llinistri
1064 1537 1286 1601 consecratione
1300 1538 1332 1600 ιιι
1347 1537 1456 1601 ordine

182 1629 221 1690 ad
240 1627 436 1689 Sacramenta
454 1623 644 1688 conterenda.
660 1660 700 1669 —
720 1623 877 1702 Bittaart,
897 1624 967 1688 diss
984 1645 1016 1699 r,
1034 1637 1096 1688 art.
1117 1630 1147 1690 l.
1166 1662 1206 1672 -
1221 1627 1257 1689 S.
1281 1625 1385 1690 Tbcm.
1408 1631 1454 1700 3.,

183 1737 213 1799 q.
229 1720 284 1791 db,
301 1725 363 1778 ort.
378 1719 413 1789 c,
430 1723 459 1776 et
472 1717 504 1776 in
518 1718 553 1788 b,
567 1712 637 1775 dist.
654 1717 684 1789 5,
701 1734 730 1796 q.
744 1718 778 1788 i,
798 1723 858 1774 art.
875 1718 909 1789 i,
926 1725 954 1776 et
969 1714 1026 1776 alti
1038 1715 1139 1776 malti.

223 1803 388 1867 Affirmant
405 1810 507 1866 tamen
524 1802 655 1865 atiinon
669 1802 773 1884 pauci,
790 1803 897 1866 saltem
912 1823 972 1885 per
989 1823 1019 1865 se
1038 1804 1199 1886 loquendo,
1215 1810 1252 1868 ut
1272 1805 1332 1886 ipsi
1349 1804 1454 1880 aiunt,

183 1895 276 1958 idest
293 1892 356 1955 nisi
370 1891 407 1955 ab
422 1891 568 1955 elicienda
586 1891 769 1955 contritione
785 1898 947 1956 excusetur
966 1892 1006 1956 ob
1024 1892 1193 1956 imminens
1207 1893 1390 1973 periculum
1411 1898 1458 1957 sic

186 1981 301 2058 Callet,
314 1983 460 2053 Lacrora,
477 1981 579 2062 largo,
595 1987 652 2044 etc.
664 1980 751 2044 —S.
767 1981 836 2063 Lip.
852 1999 932 2056 sero,
944 2001 976 2044 n.
989 1987 1043 2058 32,
1059 1983 1197 2045 admittit
1208 1981 1457 2064 probabilitatem

184 2070 347 2152 utriusqus
362 2069 535 2146 sententiam
548 2069 583 2130 in
595 2068 811 2132 affirmativam
825 2075 929 2132 tamen
945 2070 1042 2150 magis
1058 2070 1201 2146 inchoat3
1218 2071 1282 2133 imo
1295 2076 1326 2134 el
1337 2087 1406 2133 eam
1421 2070 1459 2133 in

186 2159 322 2222 Elencbo
335 2179 386 2240 qq.
405 2158 542 2238 reform„
560 2179 592 2219 ιι.
609 2162 659 2231 ct,
673 2156 800 2219 omnino
813 2158 909 2238 eligit.

226 2253 329 2326 Quas.
344 2251 378 2310 2⁰
396 2245 449 2308 An
464 2254 563 2328 peccet
578 2245 715 2328 praviter
733 2243 884 2308 Sacerdos
902 2247 967 2328 (sen
985 2247 1125 2310 Minister
1143 2247 1346 2332 consecratus)
1365 2249 1461 2310 mini·

185 2349 287 2400 strans
299 2335 418 2418 quidem
432 2332 659 2396 Sacramentum
675 2335 707 2395 in
724 2335 863 2414 mortali,
879 2335 1003 2397 sednon
1017 2336 1196 2417 solemniter,
1218 2358 1246 2399 c.
1266 2358 1327 2420 qr,
1347 2337 1461 2420 Bapti-

185 2447 279 2490 smum
295 2425 404 2505 absque
418 2425 601 2485 caeremoniis
619 2427 652 2484 in
666 2441 735 2486 casa
749 2424 952 2486 necessitatis?

228 2515 317 2595 Hesp.
334 2532 346 2574 .·
362 2511 618 2590 Controvcrtitar‚
636 2519 672 2575 nt
686 2512 720 2574 in
732 2511 858 2593 quaesito
868 2514 1063 2594 precedenti,
1077 2515 1250 2597 eademque
1262 2531 1315 2596 pro
1328 2521 1462 2598 utraque

187 2607 273 2688 parte
290 2601 461 2664 afferuntur
479 2601 674 2664 auctoritates
694 2608 725 2664 et
745 2600 888 2664 rationes.
905 2602 982 2665 Hinc
996 2602 1200 2686 probabiliter
1215 2604 1379 2668 dicendum
1395 2611 1461 2678 est,

188 2711 261 2757 eum
275 2709 338 2754 non
351 2709 470 2772 peccare
481 2691 626 2772 graviter,
641 2691 714 2772 quia
732 2689 802 2753 licet
821 2691 862 2754 sit
878 2711 939 2773 per
957 2711 987 2753 se
1001 2698 1191 2755 consecratus
1211 2693 1249 2754 ad
1267 2695 1465 2756 Sacramenta

188 2781 409 2856 ministranda,
432 2798 495 2843 non
513 2780 578 2861 agit
596 2787 700 2843 mmen
719 2786 756 2842 ut
769 2787 960 2844 consecratus
974 2799 1029 2843 seu
1042 2779 1204 2854 exofficio,
1219 2783 1271 2844 sod
1285 2787 1410 2844 tantum
1423 2787 1464 2844 ut

188 2872 284 2934 laicus
298 2888 336 2932 ax
349 2869 486 2944 caritate,
503 2869 542 2931 ad
555 2869 795 2932 succurrendum
808 2867 947 2949 proximo
961 2869 995 2930 in
1009 2869 1198 2932 necessitate.

230 2962 330 3035 Qatnu.
346 2964 378 3023 3ο
390 2958 439 3018 An
448 2965 554 3040 peccet
562 2961 699 3039 grauiter
708 2957 852 3020 Minister
860 2968 1047 3022 consecratas
1061 2970 1089 3021 et
1102 2957 1271 3022 solemniter
1284 2960 1466 3022 ministrans

190 3055 223 3112 in
236 3048 374 3118 mortali,
391 3047 537 3128 sinrpeat
549 3048 651 3129 gravis
665 3046 840 3110 necessitas?

232 3139 320 3221 Resp.
341 3137 419 3216 Nep.
440 3139 575 3216 rigorose
594 3135 755 3218 loquendo,
776 3154 886 3217 nempe
909 3136 935 3199 si
956 3137 1126 3218 periculum
1147 3136 1188 3199 sit
1210 3136 1256 3199 ita
1275 3155 1403 3217 urgens,
1425 3143 1467 3200 ut

192 3236 296 3293 actum
307 3225 500 3290 contritionis
510 3225 613 3288 elicere
625 3243 679 3306 per
690 3231 811 3306 tempus
822 3225 850 3288 ei
861 3243 925 3289 non
936 3226 1035 3290 liceat.
1047 3227 1105 3288 Sed
1114 3226 1178 3288 hac
1186 3225 1364 3307 hypothesis
1373 3243 1466 3306 gene-

192 3316 287 3384 ratim
301 3315 441 3396 neganda
453 3321 510 3376 est.
526 3319 617 3378 Porro
636 3333 654 3376 a
674 3314 797 3378 mortali
811 3315 1001 3380 excusandus
1016 3333 1078 3378 non
1097 3319 1142 3378 est
1154 3312 1305 3390 Minister,
1324 3313 1378 3396 qsri
1392 3331 1463 3377 con-

193 3407 275 3470 scius
290 3403 391 3485 garis
403 3403 498 3483 culpae
512 3420 617 3466 casum
628 3403 816 3468 necessitatis
827 3404 994 3484 praevidere
1007 3410 1121 3484 potest,
1135 3407 1170 3465 ut
1186 3404 1336 3466 Parochus
1348 3409 1380 3465 et
1392 3401 1464 3478 alii,

193 3493 247 3576 qui
262 3512 301 3558 cx
314 3491 409 3555 officio
424 3493 618 3554 Sacramenta
632 3492 809 3556 ministrare
823 3493 948 3568 debent,
963 3498 993 3554 et
1006 3489 1132 3572 proinde
1146 3491 1267 3572 speciali
1281 3490 1467 3572 obligatione

192 3583 325 3646 instatis
340 3581 445 3663 gratia
461 3579 659 3644 habitualiter
671 3599 848 3663 permanere
862 3588 1017 3644 tenentur.
1032 3615 1072 3625 -
1082 3578 1119 3641 S.
1136 3581 1220 3662 Lip„
1240 3601 1271 3641 n.
1291 3584 1345 3656 35,
1363 3588 1391 3642 et
1409 3579 1472 3642 alii

192 3674 399 3735 communiter.
722 3693 726 3704 ’

232 3765 302 3826 900.
318 3795 360 3808 -
373 3762 474 3835 ana.
491 3764 525 3822 ιο
543 3759 592 3820 An
605 3769 709 3841 peccet
727 3760 797 3841 qui,
818 3770 908 3821 entra
927 3757 1029 3821 Missa
1047 3757 1289 3838 celebrationem,
1310 3761 1468 3821 ministrat

192 3849 422 3911 Eucharistiam
436 3849 470 3909 in
486 3846 630 3909 mortali?

232 3937 322 4019 Resp.
338 3937 466 4020 Affirm.
480 3935 679 4019 probabilius.
693 3935 782 4001 Ratio
797 3941 857 4012 est,
872 3937 946 4018 quia
964 3956 1089 4018 gravem
1106 3937 1254 4020 hajuriam
1267 3936 1383 4017 irrogat
1395 3953 1468 3998 san-

193 4025 338 4090 ctissimas
360 4025 666 4089 sathanacenses
685 4024 768 4087 enim
791 4025 856 4106 ipse
877 4045 939 4089 non
957 4032 1027 4107 agat
1046 4034 1083 4090 ut
1100 4045 1192 4089 causa
1205 4025 1309 4090 efficax
1324 4024 1359 4088 in
1375 4023 1468 4087 conii-

195 4115 301 4179 cicndo
310 4115 554 4189 Sacramentum,
565 4118 725 4178 esttamen
739 4112 822 4177 ibim
832 4114 1022 4196 dispensator
1034 4117 1072 4179 ad
1086 4116 1118 4178 id
1133 4113 1302 4196 specialiter
1312 4131 1470 4178 cousecra-

193 4208 256 4281 tus,
272 4209 303 4267 et
317 4202 382 4266 obit
394 4201 606 4267 ministerium
619 4205 701 4286 quod
711 4203 891 4267 immediate
904 4203 1137 4268 sanctificationi
1151 4203 1263 4266 animas
1277 4206 1465 4284 cooperatur.

194 4327 234 4340 -
250 4291 287 4356 S.
303 4293 388 4375 Lip,
402 4311 435 4353 n.
452 4295 505 4370 35,
521 4303 550 4356 et
563 4293 622 4355 atii
635 4293 837 4356 communiter.
853 4291 1061 4356 Probabiliter
1078 4301 1183 4356 tamen
1204 4298 1328 4355 censent
1347 4307 1471 4372 peccare

194 4387 320 4446 tantum
338 4379 500 4446 venialiter
512 4382 610 4464 Lago,
627 4382 664 4445 ie
684 4382 905 4461 Sacramentis,
923 4381 952 4445 d.
970 4401 1043 4457 ιιιι,
1057 4404 1089 4444 ιι.
1107 4386 1181 4457 tam
1197 4417 1236 4428 -
1249 4379 1361 4454 Salm,
1380 4389 1420 4442 tr.
1436 4379 1466 4454 l,

194 4492 220 4534 c.
237 4489 344 4556 clap.
360 4477 413 4548 ll,
431 4491 463 4531 n.
478 4475 551 4546 100,
565 4482 595 4533 et
609 4471 675 4534 alii.
