<?xml version="1.0" encoding="UTF-8"?>
<!DOCTYPE html PUBLIC "-//W3C//DTD XHTML 1.0 Transitional//EN"
    "http://www.w3.org/TR/xhtml1/DTD/xhtml1-transitional.dtd">
<html xmlns="http://www.w3.org/1999/xhtml" xml:lang="en" lang="en">
 <head>
  <title>
</title>
<meta http-equiv="Content-Type" content="text/html;charset=utf-8" />
  <meta name='ocr-system' content='tesseract 3.04.00' />
  <meta name='ocr-capabilities' content='ocr_page ocr_carea ocr_par ocr_line ocrx_word'/>
</head>
<body>
  <div class='ocr_page' id='page_1' title='image "./compendiumtheol03gurygoog_0235.png"; bbox 0 0 3220 5042; ppageno 0'>
   <div class='ocr_carea' id='block_1_1' title="bbox 146 194 887 253">
    <p class='ocr_par' dir='ltr' id='par_1_1' title="bbox 146 194 887 253">
     <span class='ocr_line' id='line_1_1' title="bbox 146 194 887 253; baseline -0.003 -1"><span class='ocrx_word' id='word_1_1' title='bbox 146 194 215 253; x_wconf 70' lang='lat'><strong>222</strong></span> <span class='ocrx_word' id='word_1_2' title='bbox 681 202 887 251; x_wconf 70' lang='lat' dir='ltr'><strong>releuatus</strong></span> 
     </span>
    </p>
   </div>
   <div class='ocr_carea' id='block_1_2' title="bbox 134 313 1424 398">
    <p class='ocr_par' dir='ltr' id='par_1_2' title="bbox 134 313 1424 398">
     <span class='ocr_line' id='line_1_2' title="bbox 134 313 1424 398; baseline -0.002 -18"><span class='ocrx_word' id='word_1_3' title='bbox 134 317 234 382; x_wconf 70' lang='lat' dir='ltr'><strong>Ratio</strong></span> <span class='ocrx_word' id='word_1_4' title='bbox 254 323 316 394; x_wconf 88' lang='lat' dir='ltr'><strong>est,</strong></span> <span class='ocrx_word' id='word_1_5' title='bbox 331 316 408 398; x_wconf 83' lang='lat' dir='ltr'><strong>quia</strong></span> <span class='ocrx_word' id='word_1_6' title='bbox 427 316 542 379; x_wconf 88' lang='lat' dir='ltr'><strong>adsunt</strong></span> <span class='ocrx_word' id='word_1_7' title='bbox 562 316 668 380; x_wconf 90' lang='lat' dir='ltr'><strong>omnia</strong></span> <span class='ocrx_word' id='word_1_8' title='bbox 690 313 843 396; x_wconf 86' lang='lat' dir='ltr'><strong>requisita</strong></span> <span class='ocrx_word' id='word_1_9' title='bbox 866 314 905 376; x_wconf 90' lang='lat' dir='ltr'><strong>ad</strong></span> <span class='ocrx_word' id='word_1_10' title='bbox 923 313 1175 388; x_wconf 82' lang='lat' dir='ltr'><strong>Sanamentum,</strong></span> <span class='ocrx_word' id='word_1_11' title='bbox 1194 317 1226 376; x_wconf 84' lang='lat' dir='ltr'><strong>et</strong></span> <span class='ocrx_word' id='word_1_12' title='bbox 1247 315 1286 376; x_wconf 89' lang='lat' dir='ltr'><strong>ad</strong></span> <span class='ocrx_word' id='word_1_13' title='bbox 1305 314 1424 379; x_wconf 84' lang='lat' dir='ltr'><strong>oonles-</strong></span> 
     </span>
    </p>
   </div>
   <div class='ocr_carea' id='block_1_3' title="bbox 143 405 1425 1200">
    <p class='ocr_par' dir='ltr' id='par_1_3' title="bbox 145 405 1298 489">
     <span class='ocr_line' id='line_1_3' title="bbox 145 405 1298 489; baseline -0.003 -17"><span class='ocrx_word' id='word_1_14' title='bbox 145 409 263 472; x_wconf 85' lang='lat' dir='ltr'><strong>sionem</strong></span> <span class='ocrx_word' id='word_1_15' title='bbox 275 408 442 472; x_wconf 76' lang='lat' dir='ltr'>formaliter</span> <span class='ocrx_word' id='word_1_16' title='bbox 452 407 617 489; x_wconf 80' lang='lat' dir='ltr'><strong>integram.</strong></span> <span class='ocrx_word' id='word_1_17' title='bbox 627 445 666 453; x_wconf 97' lang='lat'><strong>—</strong></span> <span class='ocrx_word' id='word_1_18' title='bbox 679 407 715 470; x_wconf 90' lang='lat' dir='ltr'><strong>S.</strong></span> <span class='ocrx_word' id='word_1_19' title='bbox 736 407 823 489; x_wconf 65' lang='lat' dir='ltr'><strong>Lep„</strong></span> <span class='ocrx_word' id='word_1_20' title='bbox 839 427 871 467; x_wconf 80' lang='lat' dir='ltr'><strong>o.</strong></span> <span class='ocrx_word' id='word_1_21' title='bbox 888 410 963 480; x_wconf 81' lang='lat' dir='ltr'><strong>teo,</strong></span> <span class='ocrx_word' id='word_1_22' title='bbox 979 414 1008 467; x_wconf 82' lang='lat' dir='ltr'><strong>et</strong></span> <span class='ocrx_word' id='word_1_23' title='bbox 1023 405 1081 467; x_wconf 83' lang='lat' dir='ltr'><strong>olii</strong></span> <span class='ocrx_word' id='word_1_24' title='bbox 1092 410 1298 469; x_wconf 81' lang='lat' dir='ltr'><strong>communiter.</strong></span> 
     </span>
    </p>

    <p class='ocr_par' dir='ltr' id='par_1_4' title="bbox 144 492 1425 915">
     <span class='ocr_line' id='line_1_4' title="bbox 185 492 1422 578; baseline -0.003 -16"><span class='ocrx_word' id='word_1_25' title='bbox 185 500 221 562; x_wconf 93' lang='lat' dir='ltr'><strong>lI.</strong></span> <span class='ocrx_word' id='word_1_26' title='bbox 239 497 363 561; x_wconf 84' lang='lat' dir='ltr'><strong>Absolvi</strong></span> <span class='ocrx_word' id='word_1_27' title='bbox 376 502 477 578; x_wconf 86' lang='lat' dir='ltr'><strong>potest</strong></span> <span class='ocrx_word' id='word_1_28' title='bbox 490 504 521 560; x_wconf 94' lang='lat' dir='ltr'><strong>et</strong></span> <span class='ocrx_word' id='word_1_29' title='bbox 534 496 637 571; x_wconf 89' lang='lat' dir='ltr'><strong>debet,</strong></span> <span class='ocrx_word' id='word_1_30' title='bbox 655 496 764 560; x_wconf 88' lang='lat' dir='ltr'><strong>saltem</strong></span> <span class='ocrx_word' id='word_1_31' title='bbox 776 495 993 568; x_wconf 68' lang='lat' dir='ltr'><strong>condiebatur,</strong></span> <span class='ocrx_word' id='word_1_32' title='bbox 1009 492 1139 575; x_wconf 74' lang='lat' dir='ltr'>quilibet</span> <span class='ocrx_word' id='word_1_33' title='bbox 1154 495 1369 572; x_wconf 72' lang='lat' dir='ltr'><strong>moribundus</strong></span> <span class='ocrx_word' id='word_1_34' title='bbox 1385 495 1422 558; x_wconf 92' lang='lat' dir='ltr'><strong>in</strong></span> 
     </span>
     <span class='ocr_line' id='line_1_5' title="bbox 145 583 1416 668; baseline -0.003 -18"><span class='ocrx_word' id='word_1_35' title='bbox 145 605 208 668; x_wconf 84' lang='lat' dir='ltr'><strong>qno</strong></span> <span class='ocrx_word' id='word_1_36' title='bbox 223 585 343 650; x_wconf 75' lang='lat' dir='ltr'><strong>attritio</strong></span> <span class='ocrx_word' id='word_1_37' title='bbox 357 592 388 649; x_wconf 87' lang='lat' dir='ltr'><strong>et</strong></span> <span class='ocrx_word' id='word_1_38' title='bbox 402 584 549 649; x_wconf 81' lang='lat' dir='ltr'><strong>confessio</strong></span> <span class='ocrx_word' id='word_1_39' title='bbox 562 585 711 666; x_wconf 73' lang='lat' dir='ltr'><strong>presumi</strong></span> <span class='ocrx_word' id='word_1_40' title='bbox 724 590 854 665; x_wconf 87' lang='lat' dir='ltr'><strong>possunt</strong></span> <span class='ocrx_word' id='word_1_41' title='bbox 867 585 969 665; x_wconf 89' lang='lat' dir='ltr'><strong>aliquo</strong></span> <span class='ocrx_word' id='word_1_42' title='bbox 984 583 1085 658; x_wconf 89' lang='lat' dir='ltr'><strong>modo,</strong></span> <span class='ocrx_word' id='word_1_43' title='bbox 1099 583 1302 664; x_wconf 76' lang='lat' dir='ltr'><strong>qraentumvis</strong></span> <span class='ocrx_word' id='word_1_44' title='bbox 1314 584 1416 647; x_wconf 87' lang='lat' dir='ltr'><strong>tenui-</strong></span> 
     </span>
     <span class='ocr_line' id='line_1_6' title="bbox 145 671 1421 756; baseline -0.002 -19"><span class='ocrx_word' id='word_1_45' title='bbox 145 683 193 738; x_wconf 85' lang='lat' dir='ltr'><strong>ter</strong></span> <span class='ocrx_word' id='word_1_46' title='bbox 205 675 371 756; x_wconf 89' lang='lat' dir='ltr'><strong>probabili;</strong></span> <span class='ocrx_word' id='word_1_47' title='bbox 393 675 467 756; x_wconf 86' lang='lat' dir='ltr'><strong>quia</strong></span> <span class='ocrx_word' id='word_1_48' title='bbox 479 674 513 736; x_wconf 94' lang='lat' dir='ltr'><strong>in</strong></span> <span class='ocrx_word' id='word_1_49' title='bbox 531 693 604 738; x_wconf 88' lang='lat' dir='ltr'><strong>oasu</strong></span> <span class='ocrx_word' id='word_1_50' title='bbox 621 681 766 737; x_wconf 80' lang='lat' dir='ltr'><strong>extremae</strong></span> <span class='ocrx_word' id='word_1_51' title='bbox 778 671 968 752; x_wconf 77' lang='lat' dir='ltr'><strong>neoessitatis</strong></span> <span class='ocrx_word' id='word_1_52' title='bbox 986 671 1021 734; x_wconf 93' lang='lat' dir='ltr'><strong>in</strong></span> <span class='ocrx_word' id='word_1_53' title='bbox 1039 673 1307 736; x_wconf 80' lang='lat' dir='ltr'><strong>Saemmentorum</strong></span> <span class='ocrx_word' id='word_1_54' title='bbox 1321 673 1421 734; x_wconf 90' lang='lat' dir='ltr'><strong>admi-</strong></span> 
     </span>
     <span class='ocr_line' id='line_1_7' title="bbox 144 759 1425 843; baseline -0.002 -16"><span class='ocrx_word' id='word_1_55' title='bbox 144 764 328 827; x_wconf 90' lang='lat' dir='ltr'><strong>nistratione</strong></span> <span class='ocrx_word' id='word_1_56' title='bbox 345 764 418 826; x_wconf 89' lang='lat' dir='ltr'><strong>lieet</strong></span> <span class='ocrx_word' id='word_1_57' title='bbox 430 763 479 825; x_wconf 90' lang='lat' dir='ltr'><strong>uti</strong></span> <span class='ocrx_word' id='word_1_58' title='bbox 493 763 635 843; x_wconf 90' lang='lat' dir='ltr'><strong>opinione</strong></span> <span class='ocrx_word' id='word_1_59' title='bbox 654 763 749 826; x_wconf 90' lang='lat' dir='ltr'><strong>etiam</strong></span> <span class='ocrx_word' id='word_1_60' title='bbox 760 778 872 842; x_wconf 91' lang='lat' dir='ltr'><strong>parum</strong></span> <span class='ocrx_word' id='word_1_61' title='bbox 890 761 1029 823; x_wconf 78' lang='lat' dir='ltr'><strong>mndata.</strong></span> <span class='ocrx_word' id='word_1_62' title='bbox 1042 795 1082 808; x_wconf 79' lang='lat'><strong>-</strong></span> <span class='ocrx_word' id='word_1_63' title='bbox 1097 759 1134 822; x_wconf 91' lang='lat' dir='ltr'><strong>S.</strong></span> <span class='ocrx_word' id='word_1_64' title='bbox 1150 760 1234 842; x_wconf 71' lang='lat' dir='ltr'><strong>Lip,</strong></span> <span class='ocrx_word' id='word_1_65' title='bbox 1250 779 1282 821; x_wconf 80' lang='lat' dir='ltr'><strong>n.</strong></span> <span class='ocrx_word' id='word_1_66' title='bbox 1301 765 1379 836; x_wconf 70' lang='lat'><strong>482,</strong></span> <span class='ocrx_word' id='word_1_67' title='bbox 1392 770 1425 823; x_wconf 86' lang='lat' dir='ltr'><strong>et</strong></span> 
     </span>
     <span class='ocr_line' id='line_1_8' title="bbox 144 851 617 915; baseline -0.002 -1"><span class='ocrx_word' id='word_1_68' title='bbox 144 855 180 914; x_wconf 86' lang='lat' dir='ltr'><strong>nl</strong></span> <span class='ocrx_word' id='word_1_69' title='bbox 182 855 207 914; x_wconf 85' lang='lat' dir='ltr'><strong>ii</strong></span> <span class='ocrx_word' id='word_1_70' title='bbox 218 857 404 914; x_wconf 74' lang='lat' dir='ltr'><strong>communius</strong></span> <span class='ocrx_word' id='word_1_71' title='bbox 415 857 519 915; x_wconf 85' lang='lat' dir='ltr'><strong>eontra</strong></span> <span class='ocrx_word' id='word_1_72' title='bbox 530 851 617 914; x_wconf 86' lang='lat' dir='ltr'><strong>alios.</strong></span> 
     </span>
    </p>

    <p class='ocr_par' dir='ltr' id='par_1_5' title="bbox 143 936 1422 1200">
     <span class='ocr_line' id='line_1_9' title="bbox 185 936 1422 1020; baseline -0.002 -16"><span class='ocrx_word' id='word_1_73' title='bbox 185 944 235 1004; x_wconf 88' lang='lat'><strong>111.</strong></span> <span class='ocrx_word' id='word_1_74' title='bbox 253 940 378 1004; x_wconf 82' lang='lat' dir='ltr'><strong>Absolvi</strong></span> <span class='ocrx_word' id='word_1_75' title='bbox 400 941 484 1004; x_wconf 91' lang='lat' dir='ltr'><strong>nullo</strong></span> <span class='ocrx_word' id='word_1_76' title='bbox 502 941 594 1006; x_wconf 86' lang='lat' dir='ltr'><strong>modo</strong></span> <span class='ocrx_word' id='word_1_77' title='bbox 611 945 711 1020; x_wconf 87' lang='lat' dir='ltr'><strong>potest</strong></span> <span class='ocrx_word' id='word_1_78' title='bbox 729 937 934 1001; x_wconf 86' lang='lat' dir='ltr'><strong>moribundus</strong></span> <span class='ocrx_word' id='word_1_79' title='bbox 951 936 1008 1019; x_wconf 85' lang='lat' dir='ltr'><strong>qui</strong></span> <span class='ocrx_word' id='word_1_80' title='bbox 1027 937 1154 1002; x_wconf 89' lang='lat' dir='ltr'><strong>omnino</strong></span> <span class='ocrx_word' id='word_1_81' title='bbox 1173 943 1296 1001; x_wconf 81' lang='lat' dir='ltr'><strong>recusat</strong></span> <span class='ocrx_word' id='word_1_82' title='bbox 1317 942 1422 1002; x_wconf 83' lang='lat' dir='ltr'><strong>Sacra-</strong></span> 
     </span>
     <span class='ocr_line' id='line_1_10' title="bbox 143 1025 1421 1110; baseline -0.002 -18"><span class='ocrx_word' id='word_1_83' title='bbox 143 1037 287 1092; x_wconf 87' lang='lat' dir='ltr'><strong>mentum</strong></span> <span class='ocrx_word' id='word_1_84' title='bbox 306 1027 511 1106; x_wconf 85' lang='lat' dir='ltr'><strong>Poenitentiaa,</strong></span> <span class='ocrx_word' id='word_1_85' title='bbox 533 1029 581 1093; x_wconf 86' lang='lat' dir='ltr'><strong>vel</strong></span> <span class='ocrx_word' id='word_1_86' title='bbox 602 1027 657 1110; x_wconf 88' lang='lat' dir='ltr'><strong>qui</strong></span> <span class='ocrx_word' id='word_1_87' title='bbox 678 1027 871 1090; x_wconf 92' lang='lat' dir='ltr'><strong>nullomodo</strong></span> <span class='ocrx_word' id='word_1_88' title='bbox 891 1025 1037 1108; x_wconf 70' lang='lat' dir='ltr'><strong>praesumi</strong></span> <span class='ocrx_word' id='word_1_89' title='bbox 1056 1033 1156 1108; x_wconf 86' lang='lat' dir='ltr'><strong>potest</strong></span> <span class='ocrx_word' id='word_1_90' title='bbox 1173 1025 1312 1089; x_wconf 89' lang='lat' dir='ltr'><strong>attritus.</strong></span> <span class='ocrx_word' id='word_1_91' title='bbox 1330 1027 1421 1091; x_wconf 82' lang='lat' dir='ltr'><strong>Ratio</strong></span> 
     </span>
     <span class='ocr_line' id='line_1_11' title="bbox 146 1117 495 1200; baseline -0.006 -18"><span class='ocrx_word' id='word_1_92' title='bbox 146 1117 388 1182; x_wconf 76' lang='lat' dir='ltr'><strong>luculentissimo</strong></span> <span class='ocrx_word' id='word_1_93' title='bbox 401 1123 495 1200; x_wconf 83' lang='lat' dir='ltr'><strong>patet.</strong></span> 
     </span>
    </p>
   </div>
   <div class='ocr_carea' id='block_1_4' title="bbox 262 1263 480 1330">
    <p class='ocr_par' dir='ltr' id='par_1_6' title="bbox 262 1263 480 1330">
     <span class='ocr_line' id='line_1_12' title="bbox 262 1263 480 1330; baseline -0.014 -1"><span class='ocrx_word' id='word_1_94' title='bbox 262 1263 480 1330; x_wconf 81' lang='lat' dir='ltr'><strong>¹Resolves.</strong></span> 
     </span>
    </p>
   </div>
   <div class='ocr_carea' id='block_1_5' title="bbox 140 1388 1422 3870">
    <p class='ocr_par' dir='ltr' id='par_1_7' title="bbox 144 1388 1420 1897">
     <span class='ocr_line' id='line_1_13' title="bbox 186 1388 1420 1456; baseline -0.002 0"><span class='ocrx_word' id='word_1_95' title='bbox 186 1396 257 1456; x_wconf 72' lang='grc'>506.</span> <span class='ocrx_word' id='word_1_96' title='bbox 273 1423 316 1438; x_wconf 88' lang='lat'><em>-</em></span> <span class='ocrx_word' id='word_1_97' title='bbox 330 1397 363 1454; x_wconf 77' lang='lat'><strong>1⁰</strong></span> <span class='ocrx_word' id='word_1_98' title='bbox 377 1390 563 1454; x_wconf 81' lang='lat' dir='ltr'><strong>Absolvendi</strong></span> <span class='ocrx_word' id='word_1_99' title='bbox 577 1396 766 1454; x_wconf 88' lang='lat' dir='ltr'><strong>suntomnes</strong></span> <span class='ocrx_word' id='word_1_100' title='bbox 777 1389 956 1453; x_wconf 80' lang='lat' dir='ltr'><strong>moribundi</strong></span> <span class='ocrx_word' id='word_1_101' title='bbox 968 1389 1108 1452; x_wconf 91' lang='lat' dir='ltr'><strong>nondum</strong></span> <span class='ocrx_word' id='word_1_102' title='bbox 1121 1388 1264 1452; x_wconf 77' lang='lat' dir='ltr'><strong>sensibus</strong></span> <span class='ocrx_word' id='word_1_103' title='bbox 1275 1389 1420 1453; x_wconf 89' lang='lat' dir='ltr'><strong>destituti</strong></span> 
     </span>
     <span class='ocr_line' id='line_1_14' title="bbox 145 1477 1417 1559; baseline 0 -17"><span class='ocrx_word' id='word_1_104' title='bbox 145 1483 179 1542; x_wconf 88' lang='lat' dir='ltr'><strong>et</strong></span> <span class='ocrx_word' id='word_1_105' title='bbox 191 1479 225 1542; x_wconf 90' lang='lat' dir='ltr'><strong>in</strong></span> <span class='ocrx_word' id='word_1_106' title='bbox 239 1479 463 1542; x_wconf 81' lang='lat' dir='ltr'><strong>absolutionem</strong></span> <span class='ocrx_word' id='word_1_107' title='bbox 477 1479 716 1552; x_wconf 63' lang='lat' dir='ltr'><strong>eonsentientes</strong></span> <span class='ocrx_word' id='word_1_108' title='bbox 729 1479 946 1559; x_wconf 82' lang='lat' dir='ltr'><strong>mandatisque</strong></span> <span class='ocrx_word' id='word_1_109' title='bbox 957 1477 1137 1541; x_wconf 85' lang='lat' dir='ltr'><strong>Gonlessarii</strong></span> <span class='ocrx_word' id='word_1_110' title='bbox 1154 1477 1417 1559; x_wconf 80' lang='lat' dir='ltr'><strong>obtemperantes:</strong></span> 
     </span>
     <span class='ocr_line' id='line_1_15' title="bbox 148 1565 1420 1650; baseline 0.002 -22"><span class='ocrx_word' id='word_1_111' title='bbox 148 1568 284 1630; x_wconf 81' lang='lat' dir='ltr'><strong>absolute</strong></span> <span class='ocrx_word' id='word_1_112' title='bbox 295 1567 438 1650; x_wconf 86' lang='lat' dir='ltr'><strong>quidem,</strong></span> <span class='ocrx_word' id='word_1_113' title='bbox 456 1567 483 1630; x_wconf 91' lang='lat' dir='ltr'><strong>si</strong></span> <span class='ocrx_word' id='word_1_114' title='bbox 497 1566 714 1630; x_wconf 84' lang='lat' dir='ltr'><strong>confessionem</strong></span> <span class='ocrx_word' id='word_1_115' title='bbox 727 1568 807 1630; x_wconf 90' lang='lat' dir='ltr'><strong>ultro</strong></span> <span class='ocrx_word' id='word_1_116' title='bbox 821 1567 993 1648; x_wconf 89' lang='lat' dir='ltr'><strong>requirant,</strong></span> <span class='ocrx_word' id='word_1_117' title='bbox 1008 1572 1062 1628; x_wconf 92' lang='lat' dir='ltr'><strong>aut</strong></span> <span class='ocrx_word' id='word_1_118' title='bbox 1073 1565 1099 1628; x_wconf 90' lang='lat' dir='ltr'><strong>si</strong></span> <span class='ocrx_word' id='word_1_119' title='bbox 1110 1565 1220 1629; x_wconf 87' lang='lat' dir='ltr'><strong>libenti</strong></span> <span class='ocrx_word' id='word_1_120' title='bbox 1231 1567 1337 1630; x_wconf 89' lang='lat' dir='ltr'><strong>animo</strong></span> <span class='ocrx_word' id='word_1_121' title='bbox 1351 1584 1420 1630; x_wconf 91' lang='lat' dir='ltr'><strong>oon-</strong></span> 
     </span>
     <span class='ocr_line' id='line_1_16' title="bbox 148 1654 1419 1737; baseline -0.002 -17"><span class='ocrx_word' id='word_1_122' title='bbox 148 1657 229 1720; x_wconf 86' lang='lat' dir='ltr'><strong>fiteri</strong></span> <span class='ocrx_word' id='word_1_123' title='bbox 243 1661 427 1737; x_wconf 88' lang='lat' dir='ltr'><strong>proponant;</strong></span> <span class='ocrx_word' id='word_1_124' title='bbox 444 1656 646 1720; x_wconf 77' lang='lat' dir='ltr'><strong>conditionate</strong></span> <span class='ocrx_word' id='word_1_125' title='bbox 660 1675 747 1731; x_wconf 88' lang='lat' dir='ltr'><strong>vero,</strong></span> <span class='ocrx_word' id='word_1_126' title='bbox 767 1656 793 1718; x_wconf 88' lang='lat' dir='ltr'><strong>si</strong></span> <span class='ocrx_word' id='word_1_127' title='bbox 808 1673 885 1735; x_wconf 81' lang='lat' dir='ltr'><strong>aegro</strong></span> <span class='ocrx_word' id='word_1_128' title='bbox 900 1655 954 1720; x_wconf 78' lang='lat' dir='ltr'><strong>vix</strong></span> <span class='ocrx_word' id='word_1_129' title='bbox 972 1655 1010 1717; x_wconf 90' lang='lat' dir='ltr'><strong>ad</strong></span> <span class='ocrx_word' id='word_1_130' title='bbox 1024 1654 1187 1736; x_wconf 80' lang='lat' dir='ltr'><strong>aliqualem</strong></span> <span class='ocrx_word' id='word_1_131' title='bbox 1201 1655 1419 1718; x_wconf 89' lang='lat' dir='ltr'><strong>oonfessionem</strong></span> 
     </span>
     <span class='ocr_line' id='line_1_17' title="bbox 147 1743 1414 1828; baseline -0.002 -20"><span class='ocrx_word' id='word_1_132' title='bbox 147 1746 345 1828; x_wconf 82' lang='lat' dir='ltr'><strong>indrroautur,</strong></span> <span class='ocrx_word' id='word_1_133' title='bbox 360 1749 415 1808; x_wconf 89' lang='lat' dir='ltr'><strong>aut</strong></span> <span class='ocrx_word' id='word_1_134' title='bbox 428 1746 456 1807; x_wconf 89' lang='lat' dir='ltr'><strong>si</strong></span> <span class='ocrx_word' id='word_1_135' title='bbox 471 1746 509 1808; x_wconf 91' lang='lat' dir='ltr'><strong>de</strong></span> <span class='ocrx_word' id='word_1_136' title='bbox 520 1745 659 1828; x_wconf 90' lang='lat' dir='ltr'><strong>ipsorum</strong></span> <span class='ocrx_word' id='word_1_137' title='bbox 674 1743 836 1808; x_wconf 81' lang='lat' dir='ltr'><strong>sufficienti</strong></span> <span class='ocrx_word' id='word_1_138' title='bbox 854 1743 1053 1825; x_wconf 80' lang='lat' dir='ltr'><strong>dispositione</strong></span> <span class='ocrx_word' id='word_1_139' title='bbox 1066 1743 1233 1825; x_wconf 88' lang='lat' dir='ltr'><strong>prudenter</strong></span> <span class='ocrx_word' id='word_1_140' title='bbox 1245 1743 1414 1808; x_wconf 88' lang='lat' dir='ltr'><strong>dubitetur.</strong></span> 
     </span>
     <span class='ocr_line' id='line_1_18' title="bbox 144 1834 1278 1897; baseline 0 -1"><span class='ocrx_word' id='word_1_141' title='bbox 144 1867 187 1880; x_wconf 57' lang='lat'><strong>=-</strong></span> <span class='ocrx_word' id='word_1_142' title='bbox 200 1834 252 1897; x_wconf 77' lang='lat' dir='ltr'><strong>Ita</strong></span> <span class='ocrx_word' id='word_1_143' title='bbox 269 1834 476 1896; x_wconf 80' lang='lat' dir='ltr'><strong>communiter.</strong></span> <span class='ocrx_word' id='word_1_144' title='bbox 988 1835 990 1840; x_wconf 84' lang='grc'><strong>’</strong></span> <span class='ocrx_word' id='word_1_145' title='bbox 1268 1834 1278 1851; x_wconf 75' lang='grc'><em>“</em></span> 
     </span>
    </p>

    <p class='ocr_par' dir='ltr' id='par_1_8' title="bbox 141 1919 1422 2446">
     <span class='ocr_line' id='line_1_19' title="bbox 187 1919 1417 1998; baseline -0.001 -13"><span class='ocrx_word' id='word_1_146' title='bbox 187 1926 221 1985; x_wconf 74' lang='lat'><strong>2⁰</strong></span> <span class='ocrx_word' id='word_1_147' title='bbox 236 1922 422 1986; x_wconf 74' lang='lat' dir='ltr'><strong>Absolvendi</strong></span> <span class='ocrx_word' id='word_1_148' title='bbox 435 1928 520 1997; x_wconf 87' lang='lat' dir='ltr'><strong>sunt,</strong></span> <span class='ocrx_word' id='word_1_149' title='bbox 534 1923 646 1986; x_wconf 85' lang='lat' dir='ltr'><strong>saltem</strong></span> <span class='ocrx_word' id='word_1_150' title='bbox 655 1921 870 1998; x_wconf 15' lang='lat' dir='ltr'><strong>*conditionate</strong></span> <span class='ocrx_word' id='word_1_151' title='bbox 888 1939 994 1985; x_wconf 88' lang='lat' dir='ltr'><strong>onmes</strong></span> <span class='ocrx_word' id='word_1_152' title='bbox 1009 1920 1188 1984; x_wconf 79' lang='lat' dir='ltr'><strong>moribundi</strong></span> <span class='ocrx_word' id='word_1_153' title='bbox 1199 1919 1340 1984; x_wconf 82' lang='lat' dir='ltr'><strong>sensrbus</strong></span> <span class='ocrx_word' id='word_1_154' title='bbox 1351 1922 1417 1984; x_wconf 89' lang='lat' dir='ltr'><strong>des-</strong></span> 
     </span>
     <span class='ocr_line' id='line_1_20' title="bbox 145 2007 1417 2092; baseline 0 -19"><span class='ocrx_word' id='word_1_155' title='bbox 145 2009 253 2084; x_wconf 86' lang='lat' dir='ltr'><strong>tituti,</strong></span> <span class='ocrx_word' id='word_1_156' title='bbox 280 2011 428 2091; x_wconf 83' lang='lat' dir='ltr'><strong>quiante</strong></span> <span class='ocrx_word' id='word_1_157' title='bbox 451 2029 600 2074; x_wconf 90' lang='lat' dir='ltr'><strong>sensuum</strong></span> <span class='ocrx_word' id='word_1_158' title='bbox 622 2009 827 2092; x_wconf 73' lang='lat' dir='ltr'><strong>privationem</strong></span> <span class='ocrx_word' id='word_1_159' title='bbox 852 2027 990 2090; x_wconf 84' lang='lat' dir='ltr'><strong>expresse</strong></span> <span class='ocrx_word' id='word_1_160' title='bbox 1015 2007 1210 2072; x_wconf 82' lang='lat' dir='ltr'><strong>ooniessionis</strong></span> <span class='ocrx_word' id='word_1_161' title='bbox 1232 2007 1417 2073; x_wconf 84' lang='lat' dir='ltr'><strong>desiderium</strong></span> 
     </span>
     <span class='ocr_line' id='line_1_21' title="bbox 144 2097 1420 2182; baseline 0.001 -21"><span class='ocrx_word' id='word_1_162' title='bbox 144 2101 361 2175; x_wconf 86' lang='lat' dir='ltr'><strong>ostenderunt,</strong></span> <span class='ocrx_word' id='word_1_163' title='bbox 385 2119 416 2162; x_wconf 88' lang='lat' dir='ltr'><strong>v.</strong></span> <span class='ocrx_word' id='word_1_164' title='bbox 442 2117 501 2180; x_wconf 61' lang='lat' dir='ltr'><strong>gr„</strong></span> <span class='ocrx_word' id='word_1_165' title='bbox 521 2100 657 2182; x_wconf 82' lang='lat' dir='ltr'><strong>jubendo</strong></span> <span class='ocrx_word' id='word_1_166' title='bbox 678 2099 818 2162; x_wconf 81' lang='lat' dir='ltr'><strong>advocari</strong></span> <span class='ocrx_word' id='word_1_167' title='bbox 841 2099 1048 2173; x_wconf 81' lang='lat' dir='ltr'><strong>Sacerdotem,</strong></span> <span class='ocrx_word' id='word_1_168' title='bbox 1072 2103 1129 2159; x_wconf 88' lang='lat' dir='ltr'><strong>eto.</strong></span> <span class='ocrx_word' id='word_1_169' title='bbox 1153 2097 1243 2161; x_wconf 86' lang='lat' dir='ltr'><strong>Ratio</strong></span> <span class='ocrx_word' id='word_1_170' title='bbox 1263 2105 1324 2175; x_wconf 90' lang='lat' dir='ltr'><strong>est,</strong></span> <span class='ocrx_word' id='word_1_171' title='bbox 1347 2099 1420 2181; x_wconf 84' lang='lat' dir='ltr'><strong>quia</strong></span> 
     </span>
     <span class='ocr_line' id='line_1_22' title="bbox 141 2185 1421 2268; baseline 0.002 -19"><span class='ocrx_word' id='word_1_172' title='bbox 141 2193 286 2250; x_wconf 76' lang='lat' dir='ltr'><strong>densetur</strong></span> <span class='ocrx_word' id='word_1_173' title='bbox 310 2205 380 2250; x_wconf 86' lang='lat' dir='ltr'><strong>vere</strong></span> <span class='ocrx_word' id='word_1_174' title='bbox 403 2187 541 2252; x_wconf 83' lang='lat' dir='ltr'><strong>eonfiteri</strong></span> <span class='ocrx_word' id='word_1_175' title='bbox 565 2205 619 2268; x_wconf 89' lang='lat' dir='ltr'><strong>per</strong></span> <span class='ocrx_word' id='word_1_176' title='bbox 638 2187 852 2250; x_wconf 85' lang='lat' dir='ltr'><strong>testimonium</strong></span> <span class='ocrx_word' id='word_1_177' title='bbox 875 2186 1080 2261; x_wconf 68' lang='lat' dir='ltr'><strong>adstantium</strong></span> <span class='ocrx_word' id='word_1_178' title='bbox 1101 2185 1224 2248; x_wconf 81' lang='lat' dir='ltr'><strong>videtur</strong></span> <span class='ocrx_word' id='word_1_179' title='bbox 1242 2187 1328 2249; x_wconf 90' lang='lat' dir='ltr'><strong>enim</strong></span> <span class='ocrx_word' id='word_1_180' title='bbox 1346 2195 1421 2251; x_wconf 91' lang='lat' dir='ltr'><strong>tuno</strong></span> 
     </span>
     <span class='ocr_line' id='line_1_23' title="bbox 146 2272 1422 2368; baseline 0.001 -31"><span class='ocrx_word' id='word_1_181' title='bbox 146 2275 212 2338; x_wconf 87' lang='lat' dir='ltr'><strong>fieri</strong></span> <span class='ocrx_word' id='word_1_182' title='bbox 234 2275 330 2339; x_wconf 87' lang='lat' dir='ltr'><strong>veluti</strong></span> <span class='ocrx_word' id='word_1_183' title='bbox 351 2275 497 2340; x_wconf 79' lang='lat' dir='ltr'><strong>confessio</strong></span> <span class='ocrx_word' id='word_1_184' title='bbox 514 2295 569 2357; x_wconf 88' lang='lat' dir='ltr'><strong>per</strong></span> <span class='ocrx_word' id='word_1_185' title='bbox 589 2277 798 2368; x_wconf 81' lang='lat' dir='ltr'><strong>interpretem.</strong></span> <span class='ocrx_word' id='word_1_186' title='bbox 822 2278 949 2338; x_wconf 80' lang='lat' dir='ltr'><strong>Constat</strong></span> <span class='ocrx_word' id='word_1_187' title='bbox 969 2293 1007 2337; x_wconf 85' lang='lat' dir='ltr'><strong>ex</strong></span> <span class='ocrx_word' id='word_1_188' title='bbox 1026 2272 1169 2337; x_wconf 81' lang='lat' dir='ltr'><strong>Consiliis</strong></span> <span class='ocrx_word' id='word_1_189' title='bbox 1190 2279 1220 2337; x_wconf 91' lang='lat' dir='ltr'><strong>et</strong></span> <span class='ocrx_word' id='word_1_190' title='bbox 1243 2293 1281 2337; x_wconf 84' lang='lat' dir='ltr'><strong>ex</strong></span> <span class='ocrx_word' id='word_1_191' title='bbox 1298 2275 1422 2338; x_wconf 79' lang='lat' dir='ltr'><strong>Bimoii</strong></span> 
     </span>
     <span class='ocr_line' id='line_1_24' title="bbox 146 2363 559 2446; baseline 0 -20"><span class='ocrx_word' id='word_1_192' title='bbox 146 2364 232 2426; x_wconf 84' lang='lat' dir='ltr'><strong>Rom.</strong></span> <span class='ocrx_word' id='word_1_193' title='bbox 250 2399 289 2412; x_wconf 81' lang='lat'>-</span> <span class='ocrx_word' id='word_1_194' title='bbox 303 2363 338 2426; x_wconf 88' lang='lat' dir='ltr'><strong>S.</strong></span> <span class='ocrx_word' id='word_1_195' title='bbox 356 2363 426 2446; x_wconf 67' lang='lat' dir='ltr'><strong>Lep.</strong></span> <span class='ocrx_word' id='word_1_196' title='bbox 440 2387 472 2426; x_wconf 84' lang='lat' dir='ltr'><strong>n.</strong></span> <span class='ocrx_word' id='word_1_197' title='bbox 488 2369 559 2428; x_wconf 72' lang='lat'><strong>481.</strong></span> 
     </span>
    </p>

    <p class='ocr_par' dir='ltr' id='par_1_9' title="bbox 140 2451 1421 3069">
     <span class='ocr_line' id='line_1_25' title="bbox 185 2451 1419 2518; baseline 0.001 -1"><span class='ocrx_word' id='word_1_198' title='bbox 185 2457 219 2518; x_wconf 83' lang='lat'><strong>3⁰</strong></span> <span class='ocrx_word' id='word_1_199' title='bbox 239 2453 427 2516; x_wconf 83' lang='lat' dir='ltr'><strong>Absolvendi</strong></span> <span class='ocrx_word' id='word_1_200' title='bbox 447 2453 593 2516; x_wconf 72' lang='lat' dir='ltr'><strong>suntsed</strong></span> <span class='ocrx_word' id='word_1_201' title='bbox 618 2451 788 2514; x_wconf 77' lang='lat' dir='ltr'><strong>conditione</strong></span> <span class='ocrx_word' id='word_1_202' title='bbox 809 2451 988 2515; x_wconf 86' lang='lat' dir='ltr'><strong>moribundi</strong></span> <span class='ocrx_word' id='word_1_203' title='bbox 1011 2469 1117 2514; x_wconf 88' lang='lat' dir='ltr'><strong>omues</strong></span> <span class='ocrx_word' id='word_1_204' title='bbox 1136 2452 1277 2516; x_wconf 85' lang='lat' dir='ltr'><strong>sensibus</strong></span> <span class='ocrx_word' id='word_1_205' title='bbox 1293 2452 1419 2518; x_wconf 90' lang='lat' dir='ltr'><strong>omnino</strong></span> 
     </span>
     <span class='ocr_line' id='line_1_26' title="bbox 147 2539 1420 2623; baseline 0.001 -19"><span class='ocrx_word' id='word_1_206' title='bbox 147 2541 299 2617; x_wconf 86' lang='lat' dir='ltr'><strong>destituti,</strong></span> <span class='ocrx_word' id='word_1_207' title='bbox 314 2543 370 2623; x_wconf 84' lang='lat' dir='ltr'><strong>qui</strong></span> <span class='ocrx_word' id='word_1_208' title='bbox 383 2541 551 2604; x_wconf 82' lang='lat' dir='ltr'><strong>christiane</strong></span> <span class='ocrx_word' id='word_1_209' title='bbox 564 2543 724 2616; x_wconf 84' lang='lat' dir='ltr'><strong>vixerunt,</strong></span> <span class='ocrx_word' id='word_1_210' title='bbox 742 2541 800 2604; x_wconf 88' lang='lat' dir='ltr'><strong>etsi</strong></span> <span class='ocrx_word' id='word_1_211' title='bbox 813 2547 888 2603; x_wconf 89' lang='lat' dir='ltr'><strong>tuno</strong></span> <span class='ocrx_word' id='word_1_212' title='bbox 907 2559 962 2603; x_wconf 88' lang='lat' dir='ltr'><strong>neo</strong></span> <span class='ocrx_word' id='word_1_213' title='bbox 980 2539 1107 2616; x_wconf 89' lang='lat' dir='ltr'><strong>doloris,</strong></span> <span class='ocrx_word' id='word_1_214' title='bbox 1122 2559 1177 2603; x_wconf 88' lang='lat' dir='ltr'><strong>neo</strong></span> <span class='ocrx_word' id='word_1_215' title='bbox 1192 2541 1332 2605; x_wconf 87' lang='lat' dir='ltr'><strong>desiderii</strong></span> <span class='ocrx_word' id='word_1_216' title='bbox 1349 2561 1420 2605; x_wconf 85' lang='lat' dir='ltr'><strong>eon-</strong></span> 
     </span>
     <span class='ocr_line' id='line_1_27' title="bbox 143 2629 1420 2712; baseline 0.002 -20"><span class='ocrx_word' id='word_1_217' title='bbox 143 2629 286 2692; x_wconf 79' lang='lat' dir='ltr'><strong>·iessionis</strong></span> <span class='ocrx_word' id='word_1_218' title='bbox 310 2631 436 2710; x_wconf 76' lang='lat' dir='ltr'><strong>signum</strong></span> <span class='ocrx_word' id='word_1_219' title='bbox 457 2630 558 2694; x_wconf 93' lang='lat' dir='ltr'><strong>ullum</strong></span> <span class='ocrx_word' id='word_1_220' title='bbox 584 2630 734 2694; x_wconf 89' lang='lat' dir='ltr'><strong>dederint.</strong></span> <span class='ocrx_word' id='word_1_221' title='bbox 758 2629 848 2694; x_wconf 84' lang='lat' dir='ltr'><strong>Ratio</strong></span> <span class='ocrx_word' id='word_1_222' title='bbox 871 2637 918 2693; x_wconf 89' lang='lat' dir='ltr'><strong>est</strong></span> <span class='ocrx_word' id='word_1_223' title='bbox 945 2629 1020 2712; x_wconf 90' lang='lat' dir='ltr'><strong>quia</strong></span> <span class='ocrx_word' id='word_1_224' title='bbox 1045 2629 1099 2692; x_wconf 90' lang='lat' dir='ltr'><strong>isti</strong></span> <span class='ocrx_word' id='word_1_225' title='bbox 1125 2646 1247 2712; x_wconf 87' lang='lat' dir='ltr'><strong>semper</strong></span> <span class='ocrx_word' id='word_1_226' title='bbox 1274 2631 1420 2712; x_wconf 80' lang='lat' dir='ltr'><strong>presumi</strong></span> 
     </span>
     <span class='ocr_line' id='line_1_28' title="bbox 146 2717 1419 2801; baseline 0.002 -21"><span class='ocrx_word' id='word_1_227' title='bbox 146 2727 275 2798; x_wconf 91' lang='lat' dir='ltr'><strong>possunt</strong></span> <span class='ocrx_word' id='word_1_228' title='bbox 301 2720 412 2782; x_wconf 89' lang='lat' dir='ltr'><strong>habere</strong></span> <span class='ocrx_word' id='word_1_229' title='bbox 430 2720 479 2782; x_wconf 83' lang='lat' dir='ltr'><strong>rel</strong></span> <span class='ocrx_word' id='word_1_230' title='bbox 496 2719 640 2782; x_wconf 81' lang='lat' dir='ltr'><strong>habrusse</strong></span> <span class='ocrx_word' id='word_1_231' title='bbox 659 2718 798 2782; x_wconf 82' lang='lat' dir='ltr'><strong>lucidum</strong></span> <span class='ocrx_word' id='word_1_232' title='bbox 821 2717 943 2799; x_wconf 90' lang='lat' dir='ltr'><strong>aliquod</strong></span> <span class='ocrx_word' id='word_1_233' title='bbox 958 2718 1170 2795; x_wconf 85' lang='lat' dir='ltr'><strong>intervallum,</strong></span> <span class='ocrx_word' id='word_1_234' title='bbox 1189 2719 1225 2781; x_wconf 91' lang='lat' dir='ltr'><strong>in</strong></span> <span class='ocrx_word' id='word_1_235' title='bbox 1243 2735 1304 2800; x_wconf 88' lang='lat' dir='ltr'><strong>quo</strong></span> <span class='ocrx_word' id='word_1_236' title='bbox 1322 2720 1419 2801; x_wconf 76' lang='lat' dir='ltr'><strong>signis</strong></span> 
     </span>
     <span class='ocr_line' id='line_1_29' title="bbox 146 2806 1421 2890; baseline 0.002 -20"><span class='ocrx_word' id='word_1_237' title='bbox 146 2825 217 2870; x_wconf 85' lang='lat' dir='ltr'><strong>vere</strong></span> <span class='ocrx_word' id='word_1_238' title='bbox 228 2807 442 2884; x_wconf 72' lang='lat' dir='ltr'><strong>mnsibilibus,</strong></span> <span class='ocrx_word' id='word_1_239' title='bbox 459 2816 535 2889; x_wconf 83' lang='lat' dir='ltr'><strong>puta</strong></span> <span class='ocrx_word' id='word_1_240' title='bbox 548 2807 694 2890; x_wconf 80' lang='lat' dir='ltr'><strong>suspirie,</strong></span> <span class='ocrx_word' id='word_1_241' title='bbox 710 2811 798 2870; x_wconf 88' lang='lat' dir='ltr'><strong>motu</strong></span> <span class='ocrx_word' id='word_1_242' title='bbox 818 2807 978 2888; x_wconf 82' lang='lat' dir='ltr'><strong>eorporiis,</strong></span> <span class='ocrx_word' id='word_1_243' title='bbox 993 2811 1065 2881; x_wconf 81' lang='lat' dir='ltr'><strong>eto,</strong></span> <span class='ocrx_word' id='word_1_244' title='bbox 1079 2807 1235 2888; x_wconf 83' lang='lat' dir='ltr'><strong>petierunt</strong></span> <span class='ocrx_word' id='word_1_245' title='bbox 1255 2806 1421 2873; x_wconf 89' lang='lat' dir='ltr'><strong>absolutio-</strong></span> 
     </span>
     <span class='ocr_line' id='line_1_30' title="bbox 145 2895 1419 2980; baseline 0.005 -22"><span class='ocrx_word' id='word_1_246' title='bbox 145 2913 229 2958; x_wconf 87' lang='lat' dir='ltr'><strong>nem.</strong></span> <span class='ocrx_word' id='word_1_247' title='bbox 244 2929 285 2944; x_wconf 76' lang='lat'><strong>·-</strong></span> <span class='ocrx_word' id='word_1_248' title='bbox 297 2896 333 2958; x_wconf 88' lang='lat' dir='ltr'><strong>S.</strong></span> <span class='ocrx_word' id='word_1_249' title='bbox 347 2895 431 2980; x_wconf 59' lang='grc' dir='ltr'><strong>ἰόφ,</strong></span> <span class='ocrx_word' id='word_1_250' title='bbox 449 2918 480 2958; x_wconf 82' lang='lat' dir='ltr'><strong>n.</strong></span> <span class='ocrx_word' id='word_1_251' title='bbox 494 2901 565 2962; x_wconf 60' lang='grc' dir='ltr'><strong>Μ.</strong></span> <span class='ocrx_word' id='word_1_252' title='bbox 577 2933 621 2944; x_wconf 88' lang='grc'><strong>--</strong></span> <span class='ocrx_word' id='word_1_253' title='bbox 634 2897 774 2976; x_wconf 66' lang='lat' dir='ltr'><strong>meone,</strong></span> <span class='ocrx_word' id='word_1_254' title='bbox 790 2916 823 2958; x_wconf 83' lang='lat' dir='ltr'><strong>n.</strong></span> <span class='ocrx_word' id='word_1_255' title='bbox 840 2899 929 2959; x_wconf 69' lang='lat' dir='ltr'><strong>tlon.</strong></span> <span class='ocrx_word' id='word_1_256' title='bbox 943 2929 984 2942; x_wconf 81' lang='lat'><strong>--</strong></span> <span class='ocrx_word' id='word_1_257' title='bbox 1001 2895 1105 2975; x_wconf 83' lang='lat' dir='ltr'><strong>Elbei,</strong></span> <span class='ocrx_word' id='word_1_258' title='bbox 1119 2916 1150 2957; x_wconf 82' lang='lat' dir='ltr'><strong>n.</strong></span> <span class='ocrx_word' id='word_1_259' title='bbox 1164 2899 1233 2960; x_wconf 74' lang='lat'><strong>208.</strong></span> <span class='ocrx_word' id='word_1_260' title='bbox 1250 2929 1292 2944; x_wconf 93' lang='lat'><strong>-·</strong></span> <span class='ocrx_word' id='word_1_261' title='bbox 1305 2897 1419 2975; x_wconf 74' lang='lat' dir='ltr'><strong>corbe,</strong></span> 
     </span>
     <span class='ocr_line' id='line_1_31' title="bbox 140 2985 574 3069; baseline 0 -23"><span class='ocrx_word' id='word_1_262' title='bbox 140 3005 171 3046; x_wconf 76' lang='lat' dir='ltr'><strong>e.</strong></span> <span class='ocrx_word' id='word_1_263' title='bbox 189 3003 237 3060; x_wconf 81' lang='lat' dir='ltr'><strong>rr,</strong></span> <span class='ocrx_word' id='word_1_264' title='bbox 254 2987 444 3060; x_wconf 49' lang='lat' dir='ltr'><strong>emmoniae</strong></span> <span class='ocrx_word' id='word_1_265' title='bbox 456 2985 574 3069; x_wconf 75' lang='lat' dir='ltr'><strong>pierres.</strong></span> 
     </span>
    </p>

    <p class='ocr_par' dir='ltr' id='par_1_10' title="bbox 141 3072 1419 3419">
     <span class='ocr_line' id='line_1_32' title="bbox 184 3072 1419 3151; baseline 0.002 -15"><span class='ocrx_word' id='word_1_266' title='bbox 184 3079 220 3136; x_wconf 66' lang='lat'><strong>4⁰</strong></span> <span class='ocrx_word' id='word_1_267' title='bbox 236 3074 422 3137; x_wconf 76' lang='lat' dir='ltr'><strong>Absobendi</strong></span> <span class='ocrx_word' id='word_1_268' title='bbox 436 3079 512 3138; x_wconf 86' lang='lat' dir='ltr'><strong>sunt</strong></span> <span class='ocrx_word' id='word_1_269' title='bbox 521 3074 732 3136; x_wconf 64' lang='lat' dir='ltr'><strong>conditionale</strong></span> <span class='ocrx_word' id='word_1_270' title='bbox 744 3073 840 3148; x_wconf 85' lang='lat' dir='ltr'><strong>etiam</strong></span> <span class='ocrx_word' id='word_1_271' title='bbox 851 3073 905 3136; x_wconf 86' lang='lat' dir='ltr'><strong>alii</strong></span> <span class='ocrx_word' id='word_1_272' title='bbox 919 3073 1097 3138; x_wconf 80' lang='lat' dir='ltr'><strong>moribundi</strong></span> <span class='ocrx_word' id='word_1_273' title='bbox 1114 3072 1255 3136; x_wconf 78' lang='lat' dir='ltr'><strong>amsibus</strong></span> <span class='ocrx_word' id='word_1_274' title='bbox 1266 3073 1419 3151; x_wconf 85' lang='lat' dir='ltr'><strong>destituti,</strong></span> 
     </span>
     <span class='ocr_line' id='line_1_33' title="bbox 141 3159 1418 3255; baseline 0.003 -31"><span class='ocrx_word' id='word_1_275' title='bbox 141 3161 201 3244; x_wconf 89' lang='lat' dir='ltr'><strong>.qui</strong></span> <span class='ocrx_word' id='word_1_276' title='bbox 212 3180 323 3242; x_wconf 87' lang='lat' dir='ltr'><strong>parum</strong></span> <span class='ocrx_word' id='word_1_277' title='bbox 339 3161 504 3226; x_wconf 57' lang='lat' dir='ltr'><strong>meamne</strong></span> <span class='ocrx_word' id='word_1_278' title='bbox 522 3163 683 3238; x_wconf 66' lang='lat' dir='ltr'><strong>rinerunn</strong></span> <span class='ocrx_word' id='word_1_279' title='bbox 698 3163 773 3244; x_wconf 78' lang='lat' dir='ltr'><strong>quiin</strong></span> <span class='ocrx_word' id='word_1_280' title='bbox 792 3163 892 3226; x_wconf 83' lang='lat' dir='ltr'><strong>adbuc</strong></span> <span class='ocrx_word' id='word_1_281' title='bbox 909 3163 944 3224; x_wconf 88' lang='lat' dir='ltr'><strong>in</strong></span> <span class='ocrx_word' id='word_1_282' title='bbox 957 3159 1197 3255; x_wconf 75' lang='lat' dir='ltr'><strong>ipsisprasumi</strong></span> <span class='ocrx_word' id='word_1_283' title='bbox 1209 3161 1314 3242; x_wconf 84' lang='lat' dir='ltr'><strong>aliquo</strong></span> <span class='ocrx_word' id='word_1_284' title='bbox 1329 3165 1418 3228; x_wconf 84' lang='lat' dir='ltr'><strong>modo</strong></span> 
     </span>
     <span class='ocr_line' id='line_1_34' title="bbox 144 3249 1416 3332; baseline 0.001 -18"><span class='ocrx_word' id='word_1_285' title='bbox 144 3257 245 3332; x_wconf 90' lang='lat' dir='ltr'><strong>potest</strong></span> <span class='ocrx_word' id='word_1_286' title='bbox 256 3249 440 3332; x_wconf 76' lang='lat' dir='ltr'><strong>paenitentia</strong></span> <span class='ocrx_word' id='word_1_287' title='bbox 452 3258 483 3314; x_wconf 90' lang='lat' dir='ltr'><strong>et</strong></span> <span class='ocrx_word' id='word_1_288' title='bbox 496 3249 694 3314; x_wconf 82' lang='lat' dir='ltr'><strong>confessionis</strong></span> <span class='ocrx_word' id='word_1_289' title='bbox 710 3250 909 3327; x_wconf 88' lang='lat' dir='ltr'><strong>desiderium,</strong></span> <span class='ocrx_word' id='word_1_290' title='bbox 923 3252 1005 3332; x_wconf 92' lang='lat' dir='ltr'><strong>quod</strong></span> <span class='ocrx_word' id='word_1_291' title='bbox 1017 3250 1152 3314; x_wconf 79' lang='lat' dir='ltr'><strong>euterius</strong></span> <span class='ocrx_word' id='word_1_292' title='bbox 1165 3249 1416 3330; x_wconf 78' lang='lat' dir='ltr'><strong>significaverint.</strong></span> 
     </span>
     <span class='ocr_line' id='line_1_35' title="bbox 143 3339 720 3419; baseline -0.003 -17"><span class='ocrx_word' id='word_1_293' title='bbox 143 3375 185 3386; x_wconf 86' lang='lat'><em>-</em></span> <span class='ocrx_word' id='word_1_294' title='bbox 203 3339 319 3419; x_wconf 80' lang='lat' dir='ltr'><strong>Colbet,</strong></span> <span class='ocrx_word' id='word_1_295' title='bbox 333 3339 411 3401; x_wconf 85' lang='lat' dir='ltr'><strong>ibid.</strong></span> <span class='ocrx_word' id='word_1_296' title='bbox 426 3375 467 3386; x_wconf 89' lang='lat'><strong>··-</strong></span> <span class='ocrx_word' id='word_1_297' title='bbox 480 3340 630 3418; x_wconf 73' lang='lat' dir='ltr'><strong>Locroix,</strong></span> <span class='ocrx_word' id='word_1_298' title='bbox 646 3339 720 3402; x_wconf 80' lang='lat' dir='ltr'><strong>ibrii.</strong></span> 
     </span>
    </p>

    <p class='ocr_par' dir='ltr' id='par_1_11' title="bbox 142 3427 1419 3870">
     <span class='ocr_line' id='line_1_36' title="bbox 186 3427 1417 3509; baseline -0.001 -16"><span class='ocrx_word' id='word_1_299' title='bbox 186 3434 218 3493; x_wconf 84' lang='lat'><strong>5⁰</strong></span> <span class='ocrx_word' id='word_1_300' title='bbox 232 3432 333 3492; x_wconf 89' lang='lat' dir='ltr'><strong>Potest</strong></span> <span class='ocrx_word' id='word_1_301' title='bbox 342 3428 540 3509; x_wconf 81' lang='lat' dir='ltr'><strong>probabiliter</strong></span> <span class='ocrx_word' id='word_1_302' title='bbox 556 3428 611 3491; x_wconf 78' lang='lat' dir='ltr'><strong>sub</strong></span> <span class='ocrx_word' id='word_1_303' title='bbox 625 3429 798 3491; x_wconf 69' lang='lat' dir='ltr'><strong>conditione</strong></span> <span class='ocrx_word' id='word_1_304' title='bbox 812 3428 928 3493; x_wconf 87' lang='lat' dir='ltr'><strong>absolvi</strong></span> <span class='ocrx_word' id='word_1_305' title='bbox 949 3427 1154 3490; x_wconf 87' lang='lat' dir='ltr'><strong>moribundus</strong></span> <span class='ocrx_word' id='word_1_306' title='bbox 1169 3427 1333 3490; x_wconf 84' lang='lat' dir='ltr'><strong>destitutus</strong></span> <span class='ocrx_word' id='word_1_307' title='bbox 1350 3447 1417 3492; x_wconf 85' lang='lat' dir='ltr'><strong>sen-</strong></span> 
     </span>
     <span class='ocr_line' id='line_1_37' title="bbox 142 3515 1415 3598; baseline -0.002 -18"><span class='ocrx_word' id='word_1_308' title='bbox 142 3518 231 3581; x_wconf 85' lang='lat' dir='ltr'><strong>sibus</strong></span> <span class='ocrx_word' id='word_1_309' title='bbox 244 3517 279 3580; x_wconf 91' lang='lat' dir='ltr'><strong>in</strong></span> <span class='ocrx_word' id='word_1_310' title='bbox 289 3525 362 3580; x_wconf 84' lang='lat' dir='ltr'><strong>actu</strong></span> <span class='ocrx_word' id='word_1_311' title='bbox 375 3517 442 3598; x_wconf 87' lang='lat' dir='ltr'><strong>ipso</strong></span> <span class='ocrx_word' id='word_1_312' title='bbox 455 3517 577 3598; x_wconf 89' lang='lat' dir='ltr'><strong>peooati,</strong></span> <span class='ocrx_word' id='word_1_313' title='bbox 593 3535 624 3579; x_wconf 78' lang='lat' dir='ltr'><strong>r.</strong></span> <span class='ocrx_word' id='word_1_314' title='bbox 637 3533 696 3597; x_wconf 67' lang='lat' dir='ltr'><strong>gr„</strong></span> <span class='ocrx_word' id='word_1_315' title='bbox 713 3517 748 3580; x_wconf 89' lang='lat' dir='ltr'><strong>in</strong></span> <span class='ocrx_word' id='word_1_316' title='bbox 758 3517 872 3593; x_wconf 73' lang='lat' dir='ltr'><strong>dunello,</strong></span> <span class='ocrx_word' id='word_1_317' title='bbox 883 3516 1052 3591; x_wconf 85' lang='lat' dir='ltr'><strong>adulterio,</strong></span> <span class='ocrx_word' id='word_1_318' title='bbox 1070 3515 1162 3590; x_wconf 77' lang='lat' dir='ltr'><strong>barto,</strong></span> <span class='ocrx_word' id='word_1_319' title='bbox 1179 3521 1237 3578; x_wconf 83' lang='lat' dir='ltr'><strong>ete.</strong></span> <span class='ocrx_word' id='word_1_320' title='bbox 1253 3516 1339 3580; x_wconf 82' lang='lat' dir='ltr'><strong>ilatio</strong></span> <span class='ocrx_word' id='word_1_321' title='bbox 1358 3522 1415 3594; x_wconf 85' lang='lat' dir='ltr'><strong>est,</strong></span> 
     </span>
     <span class='ocr_line' id='line_1_38' title="bbox 148 3603 1419 3688; baseline 0 -18"><span class='ocrx_word' id='word_1_322' title='bbox 148 3607 330 3687; x_wconf 76' lang='lat' dir='ltr'><strong>quinetiam</strong></span> <span class='ocrx_word' id='word_1_323' title='bbox 344 3605 395 3670; x_wconf 89' lang='lat' dir='ltr'><strong>ille</strong></span> <span class='ocrx_word' id='word_1_324' title='bbox 409 3605 593 3669; x_wconf 84' lang='lat' dir='ltr'><strong>srrffioienter</strong></span> <span class='ocrx_word' id='word_1_325' title='bbox 607 3605 774 3687; x_wconf 88' lang='lat' dir='ltr'><strong>dispositus</strong></span> <span class='ocrx_word' id='word_1_326' title='bbox 786 3623 851 3668; x_wconf 88' lang='lat' dir='ltr'><strong>esse</strong></span> <span class='ocrx_word' id='word_1_327' title='bbox 857 3611 967 3688; x_wconf 81' lang='lat' dir='ltr'><strong>potest.</strong></span> <span class='ocrx_word' id='word_1_328' title='bbox 981 3607 1016 3669; x_wconf 89' lang='lat' dir='ltr'><strong>ld</strong></span> <span class='ocrx_word' id='word_1_329' title='bbox 1026 3603 1198 3686; x_wconf 73' lang='lat' dir='ltr'><strong>presertim</strong></span> <span class='ocrx_word' id='word_1_330' title='bbox 1213 3605 1313 3668; x_wconf 90' lang='lat' dir='ltr'><strong>looum</strong></span> <span class='ocrx_word' id='word_1_331' title='bbox 1324 3605 1419 3670; x_wconf 88' lang='lat' dir='ltr'><strong>habet</strong></span> 
     </span>
     <span class='ocr_line' id='line_1_39' title="bbox 146 3693 1417 3776; baseline 0.002 -18"><span class='ocrx_word' id='word_1_332' title='bbox 146 3713 200 3775; x_wconf 90' lang='lat' dir='ltr'><strong>pro</strong></span> <span class='ocrx_word' id='word_1_333' title='bbox 210 3695 261 3758; x_wconf 91' lang='lat' dir='ltr'><strong>illo</strong></span> <span class='ocrx_word' id='word_1_334' title='bbox 274 3693 328 3776; x_wconf 89' lang='lat' dir='ltr'><strong>qui</strong></span> <span class='ocrx_word' id='word_1_335' title='bbox 339 3696 378 3758; x_wconf 88' lang='lat' dir='ltr'><strong>ad</strong></span> <span class='ocrx_word' id='word_1_336' title='bbox 387 3702 544 3776; x_wconf 82' lang='lat' dir='ltr'><strong>peecatum</strong></span> <span class='ocrx_word' id='word_1_337' title='bbox 552 3693 678 3756; x_wconf 75' lang='lat' dir='ltr'><strong>fortasse</strong></span> <span class='ocrx_word' id='word_1_338' title='bbox 689 3693 750 3756; x_wconf 80' lang='lat' dir='ltr'><strong>luit</strong></span> <span class='ocrx_word' id='word_1_339' title='bbox 759 3694 909 3756; x_wconf 87' lang='lat' dir='ltr'><strong>adduotus</strong></span> <span class='ocrx_word' id='word_1_340' title='bbox 915 3693 1037 3769; x_wconf 87' lang='lat' dir='ltr'><strong>timore,</strong></span> <span class='ocrx_word' id='word_1_341' title='bbox 1052 3696 1190 3774; x_wconf 79' lang='lat' dir='ltr'><strong>respectu</strong></span> <span class='ocrx_word' id='word_1_342' title='bbox 1201 3693 1349 3772; x_wconf 86' lang='lat' dir='ltr'><strong>humano,</strong></span> <span class='ocrx_word' id='word_1_343' title='bbox 1358 3703 1417 3760; x_wconf 84' lang='lat' dir='ltr'><strong>eto.</strong></span> 
     </span>
     <span class='ocr_line' id='line_1_40' title="bbox 143 3785 1106 3870; baseline -0.004 -19"><span class='ocrx_word' id='word_1_344' title='bbox 143 3821 185 3834; x_wconf 91' lang='lat'>-</span> <span class='ocrx_word' id='word_1_345' title='bbox 201 3789 236 3851; x_wconf 85' lang='lat' dir='ltr'><strong>S.</strong></span> <span class='ocrx_word' id='word_1_346' title='bbox 252 3789 322 3870; x_wconf 71' lang='lat' dir='ltr'><strong>Lep.</strong></span> <span class='ocrx_word' id='word_1_347' title='bbox 333 3809 370 3850; x_wconf 79' lang='lat' dir='ltr'><strong>rr.</strong></span> <span class='ocrx_word' id='word_1_348' title='bbox 382 3791 452 3852; x_wconf 78' lang='lat' dir='ltr'><strong>tes.</strong></span> <span class='ocrx_word' id='word_1_349' title='bbox 467 3821 508 3832; x_wconf 92' lang='lat'><em>-</em></span> <span class='ocrx_word' id='word_1_350' title='bbox 522 3785 629 3865; x_wconf 73' lang='lat' dir='ltr'><strong>nitet,</strong></span> <span class='ocrx_word' id='word_1_351' title='bbox 646 3805 678 3846; x_wconf 84' lang='lat' dir='ltr'><strong>n.</strong></span> <span class='ocrx_word' id='word_1_352' title='bbox 694 3789 772 3860; x_wconf 79' lang='lat' dir='ltr'><strong>en,</strong></span> <span class='ocrx_word' id='word_1_353' title='bbox 789 3787 884 3847; x_wconf 76' lang='lat' dir='ltr'><strong>etalii</strong></span> <span class='ocrx_word' id='word_1_354' title='bbox 892 3785 1106 3868; x_wconf 81' lang='lat' dir='ltr'><strong>probabiliter.</strong></span> 
     </span>
    </p>
   </div>
   <div class='ocr_carea' id='block_1_6' title="bbox 666 3971 897 4036">
    <p class='ocr_par' dir='ltr' id='par_1_12' title="bbox 666 3971 897 4036">
     <span class='ocr_line' id='line_1_41' title="bbox 666 3971 897 4036; baseline 0 -3"><span class='ocrx_word' id='word_1_355' title='bbox 666 3971 857 4036; x_wconf 80' lang='lat' dir='ltr'>APPENDIX</span> <span class='ocrx_word' id='word_1_356' title='bbox 884 3973 897 4033; x_wconf 91' lang='lat' dir='ltr'><strong>i</strong></span> 
     </span>
    </p>
   </div>
   <div class='ocr_carea' id='block_1_7' title="bbox 566 4123 999 4172">
    <p class='ocr_par' dir='ltr' id='par_1_13' title="bbox 566 4123 999 4172">
     <span class='ocr_line' id='line_1_42' title="bbox 566 4123 999 4172; baseline 0 0"><span class='ocrx_word' id='word_1_357' title='bbox 566 4126 606 4172; x_wconf 80' lang='lat' dir='ltr'><strong>DE</strong></span> <span class='ocrx_word' id='word_1_358' title='bbox 634 4123 770 4172; x_wconf 71' lang='lat' dir='ltr'><strong>simne</strong></span> <span class='ocrx_word' id='word_1_359' title='bbox 796 4123 999 4172; x_wconf 70' lang='lat' dir='ltr'><strong>censorinum</strong></span> 
     </span>
    </p>
   </div>
   <div class='ocr_carea' id='block_1_8' title="bbox 269 4245 494 4325">
    <p class='ocr_par' dir='ltr' id='par_1_14' title="bbox 269 4245 494 4325">
     <span class='ocr_line' id='line_1_43' title="bbox 269 4245 494 4325; baseline 0.009 -17"><span class='ocrx_word' id='word_1_360' title='bbox 269 4245 494 4325; x_wconf 83' lang='lat' dir='ltr'><strong>Principia.</strong></span> 
     </span>
    </p>
   </div>
   <div class='ocr_carea' id='block_1_9' title="bbox 122 4379 1420 4555">
    <p class='ocr_par' dir='ltr' id='par_1_15' title="bbox 122 4379 1420 4555">
     <span class='ocr_line' id='line_1_44' title="bbox 122 4379 1420 4466; baseline 0.008 -28"><span class='ocrx_word' id='word_1_361' title='bbox 122 4403 124 4406; x_wconf 93' lang='lat'>·</span> <span class='ocrx_word' id='word_1_362' title='bbox 186 4379 257 4440; x_wconf 78' lang='lat'><strong>507.</strong></span> <span class='ocrx_word' id='word_1_363' title='bbox 274 4415 313 4427; x_wconf 81' lang='lat'>-</span> <span class='ocrx_word' id='word_1_364' title='bbox 325 4383 350 4444; x_wconf 87' lang='lat'><strong>1.</strong></span> <span class='ocrx_word' id='word_1_365' title='bbox 365 4381 520 4446; x_wconf 86' lang='lat' dir='ltr'><strong>Poenitens</strong></span> <span class='ocrx_word' id='word_1_366' title='bbox 532 4383 590 4445; x_wconf 90' lang='lat' dir='ltr'><strong>sub</strong></span> <span class='ocrx_word' id='word_1_367' title='bbox 607 4382 693 4464; x_wconf 77' lang='lat' dir='ltr'><strong>gravi</strong></span> <span class='ocrx_word' id='word_1_368' title='bbox 707 4386 842 4456; x_wconf 88' lang='lat' dir='ltr'><strong>tenetur,</strong></span> <span class='ocrx_word' id='word_1_369' title='bbox 856 4401 913 4464; x_wconf 83' lang='lat' dir='ltr'><strong>per</strong></span> <span class='ocrx_word' id='word_1_370' title='bbox 923 4383 1129 4466; x_wconf 72' lang='lat' dir='ltr'><strong>obloquendo,</strong></span> <span class='ocrx_word' id='word_1_371' title='bbox 1143 4383 1273 4464; x_wconf 75' lang='lat' dir='ltr'><strong>diligens</strong></span> <span class='ocrx_word' id='word_1_372' title='bbox 1290 4398 1420 4448; x_wconf 83' lang='lat' dir='ltr'><strong>examen</strong></span> 
     </span>
     <span class='ocr_line' id='line_1_45' title="bbox 145 4469 1420 4555; baseline 0.001 -17"><span class='ocrx_word' id='word_1_373' title='bbox 145 4472 338 4538; x_wconf 62' lang='lat' dir='ltr'><strong>noseorum</strong></span> <span class='ocrx_word' id='word_1_374' title='bbox 360 4470 539 4534; x_wconf 86' lang='lat' dir='ltr'><strong>mortalium</strong></span> <span class='ocrx_word' id='word_1_375' title='bbox 557 4474 627 4533; x_wconf 84' lang='lat' dir='ltr'><strong>ante</strong></span> <span class='ocrx_word' id='word_1_376' title='bbox 649 4469 870 4534; x_wconf 77' lang='lat' dir='ltr'><strong>confessionem</strong></span> <span class='ocrx_word' id='word_1_377' title='bbox 892 4470 1063 4536; x_wconf 84' lang='lat' dir='ltr'><strong>instituere.</strong></span> <span class='ocrx_word' id='word_1_378' title='bbox 1080 4473 1114 4535; x_wconf 88' lang='lat' dir='ltr'><strong>ld</strong></span> <span class='ocrx_word' id='word_1_379' title='bbox 1130 4471 1271 4555; x_wconf 80' lang='lat' dir='ltr'><strong>seqariiur</strong></span> <span class='ocrx_word' id='word_1_380' title='bbox 1289 4491 1327 4538; x_wconf 84' lang='lat' dir='ltr'><strong>ex</strong></span> <span class='ocrx_word' id='word_1_381' title='bbox 1344 4491 1420 4555; x_wconf 81' lang='lat' dir='ltr'><strong>prae·</strong></span> 
     </span>
    </p>
   </div>
   <div class='ocr_carea' id='block_1_10' title="bbox 0 0 1614 5042">
    <p class='ocr_par' dir='ltr' id='par_1_16' title="bbox 0 0 1614 5042">
     <span class='ocr_line' id='line_1_46' title="bbox 0 0 1614 5042; baseline 0 0"><span class='ocrx_word' id='word_1_382' title='bbox 0 0 1614 5042; x_wconf 95' lang='lat' dir='ltr'><strong> </strong></span> 
     </span>
    </p>
   </div>
  </div>
 </body>
</html>
