3198 5036
461 231 504 276 DE
525 229 779 278 sacnnnnnrls
801 229 836 273 ln
859 229 997 274 GENBRE

604 391 815 456 ARTIGL'LUS
845 392 857 451 l

292 542 330 586 BE
350 540 513 592 nsautstrts
534 537 575 583 AD
596 537 855 582 SAGRAMENTORUM
875 535 1173 584 nnntmsrnnmonsn

209 631 265 676 SEU
284 631 322 675 DE
341 629 543 685 nmnrrons,
565 626 761 681 mandamns,
785 627 851 672 amn
871 625 909 670 ET
928 625 1091 672 Panamara
1112 627 1248 672 mmsrnr

475 788 497 880 ἓ
511 789 539 858 l.
560 790 607 856 De
621 789 804 855 attentione
816 787 988 892 Ministrt.

132 959 207 1020 202.
225 991 264 1000 -
277 958 443 1018 Darlnrrro.
459 951 598 1016 Attentio
616 957 663 1012 est
676 947 836 1030 applicatio
852 949 966 1012 mentis
981 949 1019 1012 ad
1036 968 1072 1014 ea
1085 967 1152 1032 qua
1167 957 1365 1032 peraguntur,

89 1063 147 1108 sen
162 1050 212 1108 est
223 1050 309 1106 actus
322 1041 509 1115 intellectus,
526 1057 587 1122 quo
601 1040 692 1102 homo
706 1038 876 1101 considerat
884 1037 919 1100 'id
933 1039 1014 1118 quod
1026 1039 1100 1120 agit.

132 1138 265 1198 Drrrsro.
281 1131 421 1196 Attentio
434 1131 545 1212 duplex
558 1127 761 1208 distinguitur
775 1146 781 1188 :
801 1126 861 1189 alia
874 1130 1011 1202 interna,
1027 1145 1096 1209 qnae
1109 1127 1250 1191 consistit
1267 1129 1302 1191 in
1315 1130 1368 1191 ad-

90 1221 247 1286 vertentis
258 1222 324 1302 ipsa
338 1217 453 1282 mentis
464 1219 502 1282 ad
514 1218 546 1281 id
558 1218 639 1300 quod
653 1216 769 1296 agitur;
785 1215 845 1278 alia
858 1225 1000 1296 externo,
1016 1236 1085 1298 qua
1097 1217 1229 1280 excludit
1244 1233 1368 1280 omnem

90 1310 247 1374 actionem
263 1327 335 1373 cum
352 1308 522 1372 attentione
543 1307 665 1370 interna
684 1305 808 1388 physice
826 1304 1115 1388 incompossibilem.
1133 1343 1172 1352 -
1195 1305 1268 1368 Vide
1287 1306 1368 1368 dicta

90 1419 204 1482 napea,
222 1421 254 1461 n.
268 1403 323 1474 el,
337 1407 367 1461 et
379 1408 402 1460 t.
418 1399 446 1472 Ι,
460 1417 542 1458 nam.
557 1399 627 1460 blb.

217 1543 441 1625 Prlnclpla.

130 1675 158 1735 I.
175 1673 225 1734 Ad
235 1671 424 1734 validitatem
436 1671 605 1735 collationis
619 1673 884 1734 sacramentorum
899 1689 960 1733 non
974 1670 1143 1750 requiritur
1154 1670 1212 1732 alia
1227 1669 1366 1745 attentio,

89 1761 155 1823 nisi
174 1777 243 1839 qua
258 1759 391 1822 in'omni
405 1763 474 1822 actu
490 1777 559 1822 rere
572 1759 709 1821 hunuano
723 1757 892 1820 invenitur.
908 1763 1041 1820 Possunt
1053 1758 1150 1839 igitur
1162 1759 1260 1821 ralide
1274 1757 1369 1821 mini-

87 1847 189 1912 strari
209 1849 402 1910 Sacramenta
422 1847 516 1910 etiam
536 1866 555 1909 a
571 1845 713 1910 Ministro
732 1846 892 1918 distracto,
915 1864 968 1908 seu
989 1847 1025 1908 de
1043 1845 1111 1910 aliis
1132 1846 1261 1926 negotiis
1276 1846 1370 1910 simul

88 1937 258 2017 cogitante.
275 1935 364 2000 Ratio
378 1941 439 2009 est,
454 1935 528 2016 quia
542 1941 578 1997 ut
593 1939 678 1996 actus
697 1933 739 1996 sit
757 1939 788 1996 et
805 1941 963 1996 censeatur
980 1934 1152 2006 humanus,
1166 1953 1230 1998 non
1243 1935 1370 1997 actualis

91 2023 245 2098 attentio,
262 2023 314 2086 sed
328 2022 478 2103 processio
492 2022 590 2103 ipsius
604 2022 642 2084 ah
657 2027 726 2084 actu
742 2022 900 2084 rationalis
913 2022 1082 2086 voluntatis
1094 2020 1267 2104 inspicitur.
1282 2025 1369 2086 Insu-

91 2132 145 2194 per
159 2111 294 2174 attentio
306 2129 384 2192 sape
402 2131 421 2174 a
440 2112 597 2175 voluntate
611 2110 747 2173 hominis
762 2127 824 2176 non
839 2112 966 2190 pendet;
982 2111 1123 2174 Christus
1143 2119 1248 2176 autem
1267 2113 1369 2175 condi-

94 2201 213 2264 tionem
229 2199 394 2281 aliquando
413 2199 636 2280 impossibilem
655 2201 688 2262 in
708 2199 847 2263 Ministro
862 2201 1126 2263 Sacramentorum
1140 2200 1293 2281 requirere
1307 2220 1370 2265 noa

92 2289 207 2370 potuit.
223 2288 327 2351 -Ito
340 2287 377 2352 S.
394 2289 478 2370 atq„
494 2308 525 2349 a.
542 2293 596 2362 lt,
612 2298 643 2350 et
654 2288 712 2348 olii
722 2293 927 2350 communiter.

133 2380 172 2440 ΙΙ.
189 2379 238 2440 Ad
256 2378 372 2441 licitam
391 2377 581 2441 collationem
600 2379 866 2440 Sacramentorum
885 2377 1054 2459 requiritur
1072 2379 1217 2454 attentio,
1234 2386 1270 2442 ut
1289 2379 1370 2443 absit

93 2465 197 2530 omnis
209 2466 383 2530 voluntaria
397 2465 563 2530 distractio.
579 2465 667 2530 Ratio
685 2471 747 2541 est,
770 2465 843 2546 quia
862 2467 1032 2530 reverentia
1051 2471 1245 2532 Sacramenta
1266 2469 1370 2532 debita

93 2554 206 2636 exigit,
230 2562 266 2618 ut
288 2554 450 2634 diligenter
471 2559 629 2628 tractetur,
650 2554 833 2635 errandique
856 2554 970 2618 vitetur
988 2555 1169 2636 periculum.
1185 2558 1367 2621 Voluntaria

94 2649 200 2706 amen
223 2643 396 2720 distractio,
417 2646 510 2724 Juxta
537 2661 733 2706 communem
759 2643 967 2723 theologorum
991 2645 1188 2720 sententiam,
1214 2647 1367 2710 ordinarie

93 2739 250 2812 paccatum
265 2731 381 2795 veniale
395 2750 458 2795 non
472 2732 605 2808 excedit,
622 2731 683 2794 nisi
697 2732 830 2814 periculo
849 2731 981 2812 gravitm
998 2731 1033 2794 in
1050 2731 1148 2796 forma
1162 2735 1284 2799 errandi
1296 2735 1366 2816 quis

93 2839 123 2882 se
136 2827 281 2901 exponat.
297 2857 337 2868 -
350 2821 386 2884 S.
406 2821 490 2902 Liq,
506 2820 582 2883 ibid.

131 2907 301 2989 Excipiunt
314 2909 506 2992 probabilius
524 2914 555 2973 et
572 2910 755 2972 communias
773 2909 1015 2985 Eucharistiam,
1030 2911 1065 2973 in
1082 2913 1170 2992 cnjus
1184 2910 1367 2974 contentione

92 3015 217 3060 omnem
239 2997 446 3062 voluntariam
467 2999 694 3062 distractionem
717 2999 755 3062 ob
777 2998 946 3062 maximam
969 2999 1158 3063 Sacramenti
1183 2999 1365 3079 dignitatem

92 3091 250 3165 peccatum
261 3087 388 3150 mortale
401 3093 555 3168 reputant.
570 3123 610 3134 -
623 3087 658 3148 S.
678 3089 762 3170 sip,
778 3087 855 3149 ibid.
871 3122 913 3134 -
925 3091 1042 3169 Negant
1054 3094 1160 3151 tamen
1176 3107 1238 3151 non
1251 3089 1366 3169 impro-

17 3249 19 3266 ι
94 3173 239 3238 labiliter
252 3175 401 3252 Locrota,
417 3175 469 3237 lib.
483 3178 541 3254 VI,
555 3186 639 3258 port.
655 3178 681 3238 ll
689 3223 696 3252 ,
712 3197 742 3238 a.
759 3181 829 3241 toa.
842 3213 882 3224 -
895 3177 1049 3239 Mozzotta
1063 3187 1093 3239 et
1107 3178 1174 3239 otii.

458 3351 476 3444 §
495 3352 540 3421 11.
559 3355 606 3420 ne
623 3355 808 3421 intentione
827 3355 1001 3426 attentet..

129 3520 202 3580 203.
220 3553 259 3562 —
271 3521 439 3580 Darrnrrro.
456 3515 589 3580 Intentio
602 3523 650 3579 est
662 3521 748 3580 actus
760 3516 926 3581 voluntatis
937 3519 972 3581 in
986 3519 1121 3601 aliquem
1132 3521 1227 3584 finam
1237 3522 1363 3584 tenden-

93 3605 147 3680 tis,
163 3605 212 3668 rel
225 3613 312 3669 actus
325 3605 507 3682 voluntatis,
524 3619 584 3686 qno
598 3605 667 3688 quis
680 3603 813 3669 intendit
829 3605 945 3687 aliquid
959 3625 1045 3688 agere
1057 3617 1112 3672 aut
1123 3609 1272 3672 omittere.

130 3697 262 3758 ltrrrsro.
286 3731 325 3742 -
345 3693 505 3777 Multiplex
525 3701 588 3770 est,
605 3694 718 3758 scilicet
740 3700 772 3758 l⁰
792 3697 933 3772 actualia,
954 3698 1112 3772 nictantia,
1132 3695 1313 3776 bobt'tuatia,
1333 3705 1364 3763 et

90 3785 391 3868 intepretationes
407 3783 530 3846 interna
547 3803 601 3848 seu
620 3804 705 3862 oero,
725 3785 931 3866 valencenae,
947 3805 1015 3870 qua
1030 3787 1129 3852 solum
1147 3791 1251 3850 actum
1266 3793 1363 3850 exter-

90 3890 169 3935 num
187 3873 326 3954 respicit;
343 3878 375 3938 3ο
388 3871 607 3954 deterna'aato,¹
622 3875 670 3938 vel
685 3874 922 3938 indeterminato
941 3895 994 3941 seu
1012 3877 1047 3940 in
1064 3876 1202 3952 mutuam
1221 3879 1254 3940 t⁰
1271 3876 1363 3939 abso-

91 3959 174 4036 tato,
188 3962 236 4024 vel
247 3962 466 4025 conditionata.
482 3959 586 4027 Recole
602 3963 795 4028 definitiones
808 3965 923 4046 passim
937 3968 1039 4042 datas,
1052 3986 1083 4029 v.
1099 3983 1158 4046 ga,
1171 3965 1207 4028 in
1222 3974 1310 4028 tract.
1325 3965 1363 4030 dc

90 4049 159 4114 Aet.
175 4051 258 4114 bam.
273 4051 328 4114 ubi
342 4052 379 4115 de
393 4051 580 4128 voluntario,
596 4062 665 4116 tom.
681 4055 709 4128 l,
723 4074 754 4114 n.
771 4058 801 4119 5.

215 4199 438 4280 Prlnelpla.

128 4331 153 4390 l.
177 4331 224 4393 lld
245 4328 436 4393 validitatem
459 4330 662 4405 sacramenti,
688 4330 857 4412 requiritur
877 4329 911 4394 in
932 4331 1073 4397 Ministro
1095 4337 1237 4412 voluntas
1258 4338 1360 4419 aliqua

88 4437 160 4480 uero
177 4425 209 4482 et
229 4420 309 4482 aerio
327 4419 435 4482 saltem
451 4418 579 4482 faciendi
599 4418 632 4482 id
654 4421 735 4502 quod
753 4419 825 4484 facit
844 4421 984 4486 Ecclesia.
1002 4459 1040 4470 —
1061 4427 1184 4489 Constat
1207 4445 1244 4488 ex
1266 4425 1357 4488 Cone.

91 4505 191 4588 trio,
207 4527 275 4572 aeas.
292 4509 442 4584 V11‚enn.
460 4513 508 4572 ll.
