3220 5042
241 291 310 348 ete
774 297 982 344 runcrarus

239 419 338 495 potest
361 413 470 475 habere
492 411 617 473 titulum
637 410 816 487 coloratum,
840 410 886 471 vel
910 408 1010 470 solum
1030 407 1244 468 existimatum.
1262 406 1385 470 Titulus
1407 419 1514 473 autem

239 503 388 565 coloratus
405 507 451 563 est
470 500 580 562 titulus
601 499 635 562 in
657 499 827 580 sequidem
842 497 951 572 falsus,
969 497 1020 558 sed
1035 501 1139 558 tammr
1154 515 1224 558 rere
1244 495 1370 558 collatus
1385 515 1403 558 a
1418 501 1513 580 Supe-

238 592 332 666 riore,
349 597 379 653 et
396 589 463 652 ideo
478 607 538 669 prae
558 607 588 650 se
603 587 702 650 ferens
716 587 846 668 speciem
860 585 925 649 veri
941 585 1042 660 tituli,
1057 584 1127 646 licet
1149 603 1185 646 ex
1206 583 1309 663 aliqua
1327 603 1417 648 causa
1434 588 1513 651 vitio

238 681 353 742 occidto
368 677 520 742 nullitatis
534 677 659 740 laboret.
669 676 717 740 Sic
727 677 878 750 Sacerdos,
889 674 944 754 qui
959 672 1122 736 simoniace
1135 673 1332 736 renuntiatur
1343 675 1510 751 ParochuS,

236 768 410 831 invalidum
424 765 553 829 sortitur
566 765 693 828 titulum
706 783 744 827 ex
756 769 829 827 ture
841 762 994 838 canonico;
1006 769 1037 824 et
1046 760 1072 822 si
1082 781 1099 824 a
1108 760 1244 840 legitimo
1259 761 1404 843 Episcopo
1415 763 1511 828 fuerit

236 857 271 918 in
282 856 412 936 paroecia
423 855 623 928 constitutus,
638 854 767 916 titulum
781 851 874 914 habet
891 851 1067 912 coloratum.
1079 849 1202 911 Titulus
1216 867 1286 911 vero
1305 868 1388 914 mere
1402 854 1510 915 ectiti-

236 955 336 1006 mctus
351 946 401 1007 ille
415 950 471 1018 est,
484 943 539 1023 qui
549 963 566 1004 a
578 943 717 1006 fidelibus
732 943 835 1004 adesse
844 947 983 1021 putatur,
997 939 1067 1000 licet
1077 956 1139 1000 non
1149 937 1288 1000 exsistat.
1300 939 1354 1001 His
1364 941 1491 1020 positiS,

277 1033 353 1096 Dico
368 1036 401 1096 I:
417 1033 547 1096 Ecclesia
561 1042 641 1094 certo
656 1032 786 1112 supplet,
799 1031 824 1092 si
840 1048 923 1092 error
932 1029 973 1091 sit
986 1026 1238 1089 communisinter
1249 1027 1361 1107 fideles,
1371 1037 1402 1091 et
1412 1030 1509 1094 simul

236 1141 307 1185 cum
321 1123 411 1186 titulo
422 1121 558 1184 colorato
573 1124 763 1202 conjunctus.
781 1119 869 1184 Ratio
883 1117 1004 1180 eruitur
1014 1135 1051 1178 ex
1065 1115 1221 1178 communi
1236 1116 1446 1197 theologorum
1461 1120 1509 1182 in-

236 1212 452 1292 terpretatione
466 1209 594 1272 diversis
606 1209 677 1270 locis
688 1207 769 1289 juris
782 1206 901 1269 innixa.
919 1210 959 1269 ut
979 1205 1064 1267 enim
1086 1205 1187 1278 aiunt,
1207 1205 1336 1268 Ecclesia
1352 1208 1437 1270 velut
1457 1210 1508 1288 pia

236 1306 334 1361 mater
348 1300 387 1360 ad
400 1297 518 1360 bonum
537 1297 713 1358 animarum
728 1294 973 1375 jurisdictionem
992 1293 1129 1374 supplere
1143 1293 1252 1356 merito
1267 1301 1417 1369 censetur,
1435 1317 1507 1360 cum

235 1385 266 1447 id
282 1387 388 1465 possit.
403 1422 442 1430 -
455 1385 492 1447 S.
508 1385 577 1466 [ἐς.
592 1405 623 1444 o.
640 1388 709 1447 5¹12.

277 1474 349 1535 Dico
361 1477 405 1536 11:
418 1473 611 1536 Probabiliac
625 1472 717 1534 etiam
733 1473 852 1554 supplet
869 1470 1014 1545 Ecclesia,
1031 1471 1058 1533 si
1071 1471 1152 1533 adsit
1162 1489 1245 1534 error
1258 1476 1424 1536 communis
1439 1475 1506 1538 sine

234 1562 323 1624 titulo
341 1564 494 1638 colorato,
511 1563 563 1624 sed
584 1580 654 1624 cum
676 1561 766 1623 titulo
785 1565 907 1623 tantum
927 1559 1097 1620 existimato
1121 1578 1174 1623 seu
1196 1559 1278 1642 ficto.
1291 1561 1406 1624 Eadem
1420 1564 1506 1628 enim

233 1655 320 1731 urget
334 1652 411 1715 ratio
426 1671 459 1714 ac
474 1652 509 1713 in
523 1670 593 1713 casu
613 1650 812 1730 praecedente,
831 1667 901 1710 cum
921 1647 1016 1710 etiam
1035 1648 1068 1710 in
1087 1647 1143 1712 bac
1156 1649 1317 1730 hypothesi
1330 1649 1504 1717 innumere

232 1740 343 1804 animae
359 1741 457 1821 perire
470 1740 599 1822 possint.
615 1775 654 1784 -
667 1739 717 1800 Ito
736 1738 865 1814 suarez,
887 1738 986 1818 Lupo,
1010 1738 1142 1816 Lectius,
1158 1737 1307 1817 circuere,
1329 1738 1502 1819 concaua,

235 1827 345 1905 Iliona,
360 1831 545 1912 Herrciquez,
563 1829 702 1902 Pontius,
721 1833 790 1902 eto.;
807 1834 837 1888 et
856 1827 911 1888 hoc
928 1831 1040 1907 putant
1053 1825 1207 1907 probabile
1222 1827 1257 1890 S.
1271 1828 1391 1909 Lr‘por„
1415 1831 1501 1908 an,

231 1919 332 1991 Ettet,
351 1920 482 2002 Sporer,
497 1918 674 1999 Roncoplic‚
686 1916 792 1994 Gobot,
805 1915 962 1990 Holzmon,
974 1914 1106 1992 Herios,
1120 1915 1285 1995 Cardenus,
1298 1917 1432 1998 Goasset,
1442 1927 1501 1983 etc.

231 2043 271 2052 -
281 2009 503 2071 contradicunt
517 2015 619 2069 tamen
634 2005 685 2068 alii
701 2005 839 2086 quidam,
854 2023 883 2068 v.
899 2025 957 2084 gn,
973 2004 1125 2083 Busemb,
1141 2004 1312 2084 Nouocruc,
1333 2005 1501 2088 Sylcester,

234 2095 347 2178 Cejet„
365 2098 463 2177 Upel,
480 2095 619 2170 Coucrr„
635 2102 691 2156 etc.

272 2185 347 2246 Dico
362 2188 401 2247 III
419 2205 425 2246 :
440 2190 506 2248 Non
521 2188 659 2258 censetur
673 2183 804 2244 Ecclesia
819 2183 955 2262 supplere
965 2182 1225 2263 jurisdictionem,
1243 2184 1270 2246 si
1281 2203 1364 2247 error
1378 2187 1419 2249 sit
1431 2189 1501 2269 pri-

229 2283 327 2346 uatus,
344 2293 375 2336 v.
390 2291 448 2352 gn,
466 2273 491 2335 si
507 2272 547 2334 sit
561 2273 656 2334 unius
670 2278 725 2333 aut
739 2289 917 2350 paucorum.
934 2271 1022 2334 Ratio
1037 2277 1083 2332 est
1099 2271 1172 2352 quia
1184 2272 1314 2334 Ecclesia
1326 2293 1388 2336 non
1401 2295 1499 2339 censo
1593 2303 1594 2336 r

230 2369 283 2424 tur
297 2363 451 2442 supplere,
465 2361 527 2422 nisi
541 2360 658 2422 ratione
675 2359 747 2420 boni
761 2359 934 2420 communis
948 2359 987 2420 ad
1005 2358 1104 2422 instar
1128 2360 1239 2422 scilicet
1261 2362 1427 2442 provisoris
1446 2385 1499 2428 seu

229 2447 442 2528 gubernatoris
458 2447 615 2527 generalis,
635 2447 689 2527 qui
704 2448 741 2509 ad
756 2447 984 2509 solumbonum
997 2448 1132 2526 generale
1148 2449 1298 2513 societatis
1311 2453 1456 2528 attendit,
1470 2461 1499 2518 et

229 2536 345 2598 bonum
359 2536 550 2616 privatorum
570 2553 649 2598 curae
670 2535 861 2616 provisorum
885 2535 1117 2614 particularium
1136 2538 1293 2620 relinquit.
1309 2541 1409 2602 ——Itc
1423 2562 1501 2606 com·

228 2629 399 2688 inanissime
414 2625 539 2706 theotoci
553 2631 657 2686 contra
668 2643 788 2705 paitcos.

268 2717 338 2778 5d9.
347 2749 387 2762 —
396 2717 497 2792 Qunn.
511 2719 541 2778 3⁰
552 2714 601 2773 Aa
617 2713 704 2775 liccat
718 2713 868 2775 absolvere
878 2733 943 2774 cum
951 2715 1164 2796 jurisdictione
1177 2716 1278 2798 dubie,
1295 2716 1379 2780 idest
1392 2718 1497 2802 dequo

224 2805 359 2884 practice
373 2823 423 2866 sea
437 2807 574 2885 nepotice
585 2802 744 2864 dubitator
757 2823 796 2863 on
810 2802 911 2864 adsit?

266 2893 355 2975 Reap.
370 2894 462 2975 Nep„
475 2891 536 2956 nisi
550 2892 653 2973 aliqua
665 2891 827 2954 necessitas
838 2899 961 2972 urgeat3
977 2900 1007 2955 et
1018 2899 1090 2956 tunc
1102 2895 1252 2958 absolutio
1264 2897 1365 2960 danda
1378 2904 1425 2960 est
1439 2899 1494 2962 sub

226 2983 417 3046 conditione:
433 2986 460 3045 si
469 3001 601 3064 poscam.
617 2980 652 3042 S.
665 2980 852 3062 Alphe-osus,
870 3002 901 3042 n.
918 2987 988 3057 571,
1004 2987 1092 3063 putat
1115 2985 1263 3064 ejusmodi
1284 2987 1492 3050 necessitatem

225 3072 338 3148 adesse,
351 3078 383 3134 t⁰
397 3071 422 3134 si
437 3077 544 3152 urgeat
566 3075 750 3151 praeeeptum
772 3089 883 3132 annuae
902 3071 1111 3148 consessionis;
1128 3077 1161 3135 2⁰
1176 3071 1202 3134 si
1220 3073 1373 3152 poenitens
1390 3077 1493 3139 debeat

224 3160 348 3223 Missam
363 3160 525 3234 celebrare,
538 3159 584 3222 vel
601 3159 825 3221 communicare
839 3163 868 3220 et
879 3159 953 3222 alias
966 3165 1072 3222 notam
1084 3159 1218 3223 iniamiae
1230 3161 1413 3242 incurreret;
1428 3170 1459 3230 3⁰
1468 3165 1492 3227 si

224 3251 365 3312 Sacerdos
377 3269 415 3311 ex
426 3247 609 3328 obligatione
620 3248 767 3310 celebrare
785 3255 937 3312 teneatur.

263 3340 363 3413 Quen.
377 3344 409 3401 b
421 3338 470 3398 An
487 3337 573 3398 liceat
585 3336 737 3398 absolvere
751 3357 816 3398 cam
822 3337 1036 3418 jurisdictione
1047 3338 1222 3419 probabili?
1541 3397 1548 3423 ,

263 3427 352 3508 Recp.
369 3447 382 3490 .·
397 3425 554 3489 Sententia
569 3427 727 3488 communis
746 3426 845 3500 docet,
862 3425 981 3489 licitum
1003 3445 1067 3489 esse
1085 3427 1238 3491 absolvere
1252 3447 1322 3493 cum
1340 3429 1491 3509 probabili

218 3516 441 3596 jurisdictione,
458 3516 547 3578 modo
560 3515 661 3596 opinio
677 3514 718 3576 sit
732 3533 801 3576 rere
812 3515 986 3595 probabilis
1004 3516 1089 3595 gravi
1102 3515 1207 3579 fulcita
1219 3518 1333 3581 ratione
1345 3523 1375 3580 et
1387 3523 1490 3582 aucto-

222 3605 321 3668 ritate.
336 3607 383 3668 Ita
397 3605 543 3679 Soncdez,
559 3604 656 3686 Lupo,
674 3603 727 3683 qui
740 3610 830 3683 putat
842 3602 1042 3677 tutissimam,
1059 3611 1129 3678 etc,
1146 3609 1176 3666 et
1190 3625 1257 3668 eam
1270 3614 1378 3670 vocant
1388 3626 1489 3672 mora-

221 3693 290 3756 liter
316 3699 429 3757 certam
454 3693 608 3770 Soncbez,
637 3692 756 3769 Tamo,
788 3691 930 3766 cardea,
960 3711 994 3754 ac
1024 3693 1153 3773 Dicaea,
1183 3695 1317 3778 llbcop,
1344 3695 1485 3774 donnae,

221 3783 307 3860 Stoz‚
325 3791 396 3858 etc,
412 3782 494 3862 apud
520 3781 628 3856 Croic,
648 3780 700 3841 lib.
718 3783 773 3854 VI,
791 3800 825 3861 p.
846 3782 873 3854 1,
894 3801 924 3841 o.
940 3787 1009 3844 tt't.
1024 3781 1112 3846 Ratio
1130 3784 1228 3863 potior
1246 3790 1306 3858 est,
1322 3785 1396 3866 qrria
1410 3804 1486 3850 com-

219 3873 310 3934 muni
321 3891 480 3946 consensu,
493 3871 547 3952 qui
559 3869 669 3932 fundat
677 3870 823 3954 moralem
834 3868 1062 3944 certitudinem,
1075 3876 1229 3935 testantur
1237 3875 1377 3936 Doctores
1387 3875 1485 3937 adesse

220 3958 255 4019 in
264 3961 394 4023 Ecclesia
408 3960 614 4024 universalem
630 3957 881 4020 consuetudinem
894 3958 955 4020 fere
967 3960 1107 4022 omnium
1120 3960 1380 4026 Gonlessariorum
1393 3962 1486 4026 absol-

220 4049 311 4108 vendi
326 4068 396 4110 cum
412 4046 625 4131 jurisdictione
639 4045 799 4128 probabili.
816 4046 916 4109 Posita
930 4047 1024 4128 igitur
1040 4053 1076 4109 ut
1090 4055 1171 4110 certa
1185 4049 1240 4112 bac
1255 4051 1481 4123 consuetudine,

219 4141 337 4196 certum
353 4143 413 4210 est,
431 4136 552 4199 licitum
573 4155 636 4198 esse
652 4137 884 4197 Sacramentum
898 4135 1075 4198 ministrare
1089 4155 1160 4199 curn
1177 4137 1231 4200 tali
1247 4139 1480 4219 jurisdictione:

219 4241 292 4286 nam
307 4225 488 4287 universalis
502 4225 686 4288 consuetudo
701 4229 756 4285 aut
770 4223 834 4285 uim
855 4223 948 4286 habet
965 4224 1211 4306 jurisdictionem
1231 4227 1418 4304 conterendi,
1435 4231 1482 4292 aut

218 4313 326 4375 saltem
338 4330 406 4374 eam
419 4331 437 4375 a
448 4313 660 4394 Superioribus
675 4312 813 4374 collatam
824 4313 998 4376 authentice
1012 4313 1151 4376 declarat.
1162 4315 1370 4380 confessarius
1380 4317 1480 4398 igitur,

218 4402 262 4465 ita
273 4401 465 4476 absolvendo,
482 4421 544 4464 non
558 4401 688 4464 absolvit
703 4419 773 4462 cum
787 4401 848 4464 sola
858 4401 1000 4482 opinione
1014 4401 1174 4482 probabili,
1191 4405 1242 4466 sed
1257 4423 1329 4467 cum
1344 4405 1481 4486 opinione

217 4491 372 4555 moraliter
392 4497 487 4566 certa,
504 4509 564 4553 non
584 4490 698 4552 directa
721 4489 904 4553 certitudine
916 4491 968 4552 sed
980 4489 1099 4554 reflexa.
1114 4525 1153 4538 -
1168 4494 1213 4555 lta
1226 4493 1287 4557 fere
1305 4493 1479 4558 adverbum

214 4581 251 4644 S.
267 4581 376 4664 Alpa,
393 4599 424 4642 a.
437 4583 507 4643 573.
