3224 5044
236 263 303 325 ³08
767 261 973 306 raacraros

274 390 376 464 Quaen
392 389 425 447 30
438 382 489 443 An
502 379 654 440 Extrema
672 372 779 436 Unctio
788 375 887 453 poscit
899 373 1034 454 conferri
1046 377 1178 456 pueris?

275 477 365 556 Resp.
384 469 526 552 Asfirm„
547 463 714 528 dummodo
735 463 798 522 siut
815 465 946 522 rationis
965 473 1132 540 compotes,
1150 483 1184 525 cc
1197 464 1381 546 jardiccntur
1400 467 1471 529 toti
1491 480 1521 531 et

234 549 1517 648 cmmmmmmmfflwmwwmfflmwmmwmmm-

235 656 288 718 bat
312 649 476 715 nonnullas
501 642 660 727 synodales
682 640 935 716 constitutiones,
961 641 1074 720 quibus
1100 647 1174 704 aetas
1199 649 1281 705 certa
1305 644 1518 710 determinata

234 743 307 815 l'oit,
323 747 396 803 ante
409 753 504 818 quam
519 731 605 815 puori
621 748 682 792 non
697 728 815 810 possint
829 727 949 809 inungi.

274 835 345 895 691.
361 863 400 873 -
414 829 516 902 Quan.
533 827 566 885 40
581 820 629 881 Aa
644 819 689 880 vel
705 817 895 899 quantulae
912 821 1146 880 Sacramentum
1166 822 1277 882 iteruri
1285 823 1410 903 possit?

276 920 367 1000 Besp.
391 921 450 978 1⁰:
473 916 561 975 Certo
585 907 690 971 iterari
711 910 825 986 potest,
851 907 971 986 quotics
992 907 1134 972 infirmus
1156 909 1188 971 in
1211 910 1377 990 periculoso
1403 913 1517 975 morbo

236 995 1516 1076 mmmmfflmammmmmmmWMmmffifflmmm

238 1084 1519 1169 wmbffistmdffimemammmffimfflffifflMnQMn

237 1185 354 1266 infirmi
369 1191 438 1265 post
453 1185 618 1258 susceptam
633 1173 713 1235 banc
732 1173 901 1233 unctionem
918 1175 1140 1248 convaluerint,
1159 1176 1268 1236 iterum
1287 1178 1379 1258 nujus
1401 1181 1515 1240 Sacra·
1596 1215 1597 1228 κ

215 1335 219 1342 ,
234 1277 328 1336 menti
346 1268 476 1332 subsidio
485 1265 593 1340 juvari
606 1271 749 1344 poterant
755 1308 764 1339 ,
781 1281 848 1321 cnm
866 1264 899 1321 in
913 1262 1000 1324 alind
1012 1264 1108 1324 simite
1125 1265 1195 1324 citae
1209 1264 1373 1326 discrimen
1393 1267 1514 1330 incide·
1596 1251 1597 1310 i

235 1364 310 1424 rint.
1596 1391 1597 1434 p

275 1450 366 1528 Resp.
381 1449 416 1508 2⁰
432 1465 440 1507 ε
458 1448 561 1507 Potest
578 1439 671 1502 etiam
685 1437 790 1500 iterari
807 1438 841 1501 iu
860 1439 965 1500 eadem
980 1439 1177 1516 infirmitate,
1195 1441 1221 1503 si
1237 1441 1387 1506 diuturna
1401 1443 1510 1518 doerit,
1596 1435 1597 1512 J

234 1545 265 1602 et
279 1537 423 1600 infirmus
434 1529 612 1595 notabiliter
626 1527 829 1601 convaluerit,
846 1527 891 1589 ita
903 1534 969 1590 uta
982 1527 1115 1609 periculo
1130 1529 1329 1614 mortiseu'pi
1344 1533 1430 1595 visus
1444 1532 1511 1596 iue-

236 1626 292 1700 rit,
306 1632 337 1688 et
351 1623 466 1687 iterum
478 1620 512 1682 in
526 1619 608 1681 idem
619 1615 773 1678 inciderit.
787 1616 876 1680 Ratio
885 1624 947 1689 est,
959 1615 1033 1698 quia
1044 1624 1118 1680 tunc
1129 1624 1175 1680 est
1188 1637 1257 1681 vere
1268 1639 1386 1685 novum
1398 1621 1509 1684 mortis

236 1714 416 1796 periculum.
434 1711 559 1774 Constat
576 1725 614 1769 ex
628 1704 915 1777 tarentinensem,
936 1705 990 1768 ubi
1008 1705 1122 1772 dicitur
1137 1727 1145 1768 ε
1161 1707 1200 1768 In
1214 1709 1314 1770 eadem
1329 1711 1511 1792 infirmitate

235 1804 290 1866 troc
304 1801 535 1864 Sacramentum
550 1798 656 1857 iterari
670 1814 732 1854 non
748 1793 840 1873 debet,
856 1795 917 1854 nisi
928 1794 1076 1856 diuturna
1089 1797 1139 1876 sit,
1154 1805 1188 1857 at
1203 1817 1269 1858 cum
1285 1799 1424 1880 infirmat
1437 1818 1509 1859 con-

236 1893 378 1970 caluerit,
397 1893 507 1951 iterum
521 1887 553 1947 in
564 1883 734 1968 periculam
749 1885 855 1944 mortis
872 1883 1024 1944 inciderit.
1596 1935 1597 1956 3

273 1972 1508 2058 Qmfflfflmmwmffimmwwmmmmmmwmmw
1596 1967 1597 1978 ¹

235 2074 305 2133 uera
321 2078 417 2130 statas
432 2067 531 2128 morbi
543 2073 675 2124 mutatas
689 2060 803 2142 suerit?
1596 2105 1597 2138 ἶ

275 2159 366 2240 Ilcsp.
380 2155 508 2236 Affirm.
522 2152 724 2233 probabilius,
736 2149 762 2212 si
775 2149 906 2212 dubium
921 2150 963 2212 sit
976 2169 1046 2213 vere
1060 2151 1122 2232 posi
1129 2151 1244 2227 tivum,
1259 2155 1370 2216 scilicet
1383 2155 1510 2234 quando

234 2251 280 2311 est
299 2263 369 2309 vere
388 2241 556 2324 probabile,
573 2239 733 2302 infirmum
753 2239 863 2300 exiisse
881 2257 897 2300 e
915 2239 1265 2320 periculomortis;l1ao
1284 2243 1368 2305 enim
1385 2241 1507 2306 iteratio

235 2335 267 2397 iu
295 2332 365 2396 istis
392 2330 513 2394 casibus
538 2335 585 2390 est
612 2326 707 2389 veteri
735 2325 873 2389 Ecclesia
902 2328 1115 2390 consuetudini
1142 2330 1240 2409 magis
1268 2331 1444 2394 conformis.
1467 2365 1507 2377 —
1596 2347 1597 2402 3

236 2421 495 2486 S.tt.n.7ts

274 2441 349 2573 692?
369 2542 409 2553 -
434 2509 535 2582 Quaen.
561 2509 594 2566 6⁰
618 2503 668 2563 An
694 2506 736 2564 sit
758 2503 905 2585 oblipatio
925 2506 1029 2586 praeis
1049 2507 1215 2589 recipiendi
1242 2508 1295 2570 boc
1320 2509 1509 2572 Sacramen-

235 2595 317 2658 tam?

273 2680 938 2769 mmmmmmfflmmfflmffl.

274 2776 307 2838 10
321 2774 478 2838 Sententia
492 2771 644 2853 affirmet.
664 2776 697 2832 l⁰
712 2775 797 2833 Patet
811 2770 930 2854 (aiunt)
942 2791 978 2835 ex
992 2773 1093 2836 verbis
1112 2773 1211 2854 ipsius
1228 2774 1362 2856 Apostoli
1376 2773 1480 2838 Jacobi
1496 2793 1505 2835 :
1596 2767 1597 2770 ’

233 2864 417 2948 infirmatur
434 2863 501 2945 qais
521 2862 553 2921 in
572 2858 676 2922 vobis?
691 2859 813 2920 inducat
836 2861 1030 2943 l’resbpteros
1048 2863 1215 2936 Ecclesia,
1236 2871 1293 2926 etc.
1314 2866 1381 2925 Vox
1401 2869 1507 2926 aulem

235 2954 359 3016 inducat
377 2957 564 3034 preceptum
585 2947 731 3012 continet.
752 2952 848 3030 Ergo,
866 2955 923 3012 eto.
943 2954 976 3012 2⁰
996 2951 1118 3013 Accedit
1139 2951 1243 3032 praxis
1264 2953 1417 3027 Ecclesia,
1437 2968 1506 3031 quat
1596 3023 1597 3032 ἵ

235 3038 1502 3121 smmmfflmmfflmwmmmmmffimmfflmwmffln

233 3135 378 3194 Constare
391 3128 485 3191 etiam
500 3127 622 3190 videtur
633 3145 672 3189 er
685 3127 905 3189 consuetudine
919 3135 950 3189 et
962 3146 1053 3190 sensu
1067 3128 1213 3191 fidelium.
1229 3135 1262 3192 30
1275 3132 1403 3211 Insuper
1416 3147 1506 3210 grave
1596 3147 1597 3170 t

234 3226 295 3294 est,
311 3225 342 3282 et
360 3222 465 3280 contra
484 3215 650 3280 caritatem
672 3233 766 3296 quam
786 3215 845 3278 sibi
863 3214 993 3297 quisque
1011 3216 1114 3291 debet,
1131 3217 1270 3280 medimn
1291 3219 1365 3280 adeo
1385 3217 1505 3293 efficax,

234 3303 1509 3388 mmmmwmmemmwmstmmmwmmmmm

234 3395 382 3461 damoms
395 3401 521 3458 conatus
535 3393 685 3456 omittere.
703 3429 743 3439 -
759 3395 804 3454 lta
816 3392 985 3475 Boncaplin
999 3414 1064 3454 eram
1079 3395 1159 3456 ultis.

273 3483 492 3548 tramenta
510 3492 611 3565 nepot.
628 3481 717 3547 Ratio
735 3490 783 3544 est
801 3481 875 3562 quia
893 3501 992 3562 neque
1006 3501 1044 3545 ex
1060 3483 1252 3559 Traditione,
1269 3501 1363 3564 neque
1377 3501 1411 3544 ex
1426 3485 1509 3545 Con-

234 3575 376 3638 siliorum
394 3571 525 3636 Decretis
546 3576 664 3634 constat
682 3571 718 3632 de
732 3577 879 3651 praecepto
893 3571 949 3633 boc
963 3573 1194 3634 Sacramentum
1211 3571 1405 3653 suscipiendi.
1419 3571 1509 3647 Quod
1596 3627 1597 3652 ,

237 3683 305 3726 vero
323 3661 358 3725 S.
374 3661 503 3725 Jacotus
521 3659 580 3733 ait,
601 3657 724 3720 inducat
743 3660 997 3740 Pr·estrpteros,...
1015 3667 1051 3722 ut
1071 3660 1233 3723 consilium
1251 3660 1398 3742 accipitur
1417 3666 1509 3740 ablue
1596 3661 1597 3698 l

233 3751 414 3833 explicatur.
431 3753 509 3829 Ergo
521 3767 583 3810 non
595 3755 694 3828 potest
706 3747 822 3828 imponi
839 3749 938 3828 gravis
952 3749 1095 3829 obligatio
1110 3749 1147 3811 de
1159 3749 1351 3830 suscipienda
1364 3752 1508 3811 Extrema

234 3841 392 3906 Unctione.
405 3874 445 3885 -
458 3839 506 3899 lta
522 3837 671 3912 Billuart,
689 3846 749 3896 art.
767 3841 796 3911 t,
811 3849 879 3918 post
894 3841 925 3900 S.
942 3836 1066 3912 Tbom„
1083 3842 1125 3912 3.,
1142 3858 1171 3918 q.
1187 3843 1242 3911 65,
1257 3847 1317 3898 art.
1335 3843 1366 3900 l.
1382 3836 1510 3916 —Spo-
1596 3841 1597 3850 ’

235 3949 297 4004 rer,
310 3950 342 3992 n.
357 3933 425 4004 Ι106,
438 3933 508 4000 etc..
520 3937 549 3987 et
561 3925 597 3987 S.
610 3925 694 4005 Lip,
711 3945 741 3986 c.
755 3930 829 3998 733,
843 3925 898 3987 ubi
909 3925 989 3988 hanc
1003 3926 1188 3988 sententiam
1201 3945 1397 3989 communem
1410 3931 1507 3998 vocat,
1596 4005 1597 4008 Ἴ

235 4014 302 4079 lieet
317 4016 452 4096 primam
471 4013 598 4078 omnino
618 4013 804 4075 suadendam
824 4021 926 4094 putet,
944 4015 1094 4094 praecipue
1113 4013 1231 4078 ratione
1249 4014 1395 4079 Caritatis
1416 4031 1509 4096 quam

233 4102 294 4166 sibi
307 4103 438 4185 quisque
452 4104 562 4167 debet:
579 4102 702 4182 Inperti
719 4123 845 4184 uiamque
854 4102 1012 4183 periculo,
1028 4103 1088 4177 ait,
1104 4123 1134 4165 se
1147 4123 1297 4186 erponere
1312 4106 1432 4165 mitetur
1447 4116 1508 4163 ten-

234 4191 397 4253 tationibus
416 4191 647 4268 succumbendi,
664 4195 718 4273 qni
732 4191 859 4272 neptipit
878 4211 909 4252 se
926 4193 1045 4253 mrcnire
1061 4191 1117 4252 troc
1136 4190 1336 4254 Sacramento
1351 4217 1369 4253 a
1387 4191 1508 4256 Christo

236 4279 364 4342 Dnmiac
378 4279 521 4343 instituto
536 4291 681 4363 tanquam
695 4280 871 4362 firmissimo
887 4280 1029 4362 prasidio
1051 4281 1083 4340 in
1103 4290 1186 4342 tanto
1200 4282 1355 4362 conflicta.

272 4372 342 4432 693.
365 4403 404 4414 -
422 4369 523 4445 Quaen.
547 4375 580 4432 7⁰
596 4370 740 4446 Quaenam
763 4370 923 4452 dispositio
943 4371 1123 4452 requiratur
1145 4369 1187 4432 nd
1205 4369 1299 4453 bajas
1316 4368 1512 4432 Sacramenti

232 4459 470 4540 smnmnmnmn?

275 4547 361 4631 Recp.
382 4555 437 4611 1⁰:
461 4549 654 4610 Peccatorum
675 4547 835 4624 confessio,
859 4547 886 4610 si
910 4547 1054 4611 infirmus
1076 4547 1111 4610 in
1131 4547 1254 4613 mortali
1275 4552 1429 4622 narsetum
1452 4545 1512 4609 hoa
