3224 5044
657 253 697 296 on
717 253 849 296 onornu
1324 245 1388 305 319

111 372 152 426 ut
166 365 231 444 ipsc
246 363 352 424 statim
366 363 463 442 possit
477 380 598 423 sucrum
610 361 755 424 Ordinem
771 363 932 442 suscipere,
950 365 1025 443 quin
1042 368 1187 446 temporis
1201 369 1386 448 experientia

111 452 338 533 comprobetur.
355 487 394 496 -
416 451 447 512 V.
465 449 574 528 Cusus,
591 471 621 512 n.
638 455 709 514 826.

658 637 848 701 APPENDIX

554 794 592 838 on
608 793 777 840 romrronr
797 795 950 840 ammonui

153 919 227 978 719.
244 951 283 958 —
299 917 324 975 Ι.
342 912 506 975 Necessitas
521 915 685 975 vocationis
703 913 817 975 dictare
836 914 989 976 evincitur
1007 915 1161 994 imprimis
1177 935 1216 978 ex
1231 917 1388 998 Scriptura

114 1021 221 1066 sacra:
238 1002 302 1064 Nee
323 1005 479 1084 quisquam
497 1004 587 1062 sumit
606 1003 662 1063 sibi
679 1004 835 1080 bonorem,
852 1004 905 1062 sed
920 1003 971 1083 qui
986 1013 1147 1064 vocaturo
1168 1004 1231 1065 Deo
1244 1017 1388 1086 tanquam

110 1091 387 1166 euroauster,
406 1097 436 1154 t.
454 1127 493 1136 —
507 1091 585 1153 Hinc
603 1091 754 1171 Apostoli,
773 1099 808 1153 ut
829 1091 925 1153 olium
943 1092 1122 1170 Apostolum
1134 1092 1167 1153 in
1187 1093 1286 1155 locum
1301 1097 1388 1160 Judae

108 1179 279 1262 proditoris
305 1180 522 1261 subrogarent,
546 1179 589 1242 sio
606 1183 704 1242 Deum
726 1181 874 1260 deprecati
899 1187 991 1241 sunt:
1012 1181 1073 1251 Tu,
1099 1181 1245 1260 Domine,
1268 1187 1389 1246 ostende

115 1290 206 1352 quern
221 1269 353 1349 eieceris.
371 1271 436 1350 lpse
449 1267 605 1344 Christus,
626 1267 716 1330 Joun.
734 1288 767 1344 x,
785 1275 818 1342 t,
836 1268 935 1330 dixit:
954 1270 1013 1344 (tui
1026 1290 1086 1329 non
1101 1271 1195 1330 intro!
1206 1291 1266 1353 per
1280 1274 1388 1335 ostium

107 1361 143 1419 in
168 1359 247 1420 oaiie
271 1361 382 1429 ocium,
399 1359 454 1438 sur
474 1369 517 1420 cst
540 1368 569 1419 et
591 1358 688 1433 tatro,·
702 1362 756 1440 qui
773 1369 873 1418 autem
891 1359 988 1418 intrat
1000 1379 1057 1440 per
1073 1361 1199 1438 ostium,
1222 1361 1333 1422 Pastor
1347 1371 1391 1424 cst

109 1449 225 1510 ouium.
241 1483 281 1494 -
294 1449 411 1510 lterum
425 1449 511 1510 ioan.
528 1467 578 1522 xv,
600 1453 657 1510 ta:
675 1448 745 1510 Non
765 1468 814 1508 uos
832 1466 878 1508 me
892 1447 1041 1526 etepistis,
1058 1449 1110 1510 sed
1119 1469 1172 1530 epo
1184 1451 1260 1532 etepi
1273 1471 1330 1512 uus.
1348 1487 1388 1499 --

107 1539 233 1600 Rursus
247 1539 320 1599 Luc.
336 1556 371 1610 x,
386 1541 427 1600 2:
447 1537 558 1617 Repete
575 1537 735 1598 Dominum
750 1540 867 1612 messis,
889 1546 923 1595 ut
937 1541 1038 1598 mittut
1055 1541 1209 1616 operarios
1225 1541 1254 1599 in
1269 1561 1388 1601 messem

107 1645 207 1686 suram.
228 1625 274 1687 liii
289 1625 385 1704 igitur
402 1625 455 1706 qui
471 1644 532 1688 non
550 1632 623 1687 sunt
638 1626 735 1688 roseti
751 1645 769 1688 a
783 1629 859 1698 Doo,
877 1644 908 1686 se
929 1625 1112 1700 intrudunt,
1127 1633 1157 1688 ct
1170 1627 1230 1707 ipsi
1245 1635 1335 1704 sunt,
1351 1630 1388 1691 do

108 1714 229 1794 quibus
240 1713 285 1776 uit
299 1715 447 1775 Dominus
462 1733 515 1794 per
529 1713 693 1776 terentium
708 1714 807 1794 (rxrn,
824 1715 895 1792 iti:
912 1713 983 1774 Non
998 1715 1151 1776 mittebam
1165 1718 1346 1798 propbetas,
1360 1727 1391 1778 et

108 1804 171 1884 ipsi
186 1801 360 1863 currebant.
377 1837 416 1846 -
435 1803 464 1862 S.
478 1801 545 1882 Lig.
562 1820 594 1862 n.
608 1806 679 1866 802.

151 1892 331 1952 reo-11.
355 1887 454 1972 Sipaa
475 1890 587 1950 divine
609 1891 775 1952 vocationis
794 1891 832 1951 ad
850 1895 967 1951 statum
988 1889 1220 1952 ecclesiasticum
1237 1895 1387 1973 precipua

109 1983 189 2040 sunt
213 1976 393 2058 sequentia:
411 1977 537 2040 scientie
558 1977 756 2050 conveniens,
780 1977 913 2058 probitas
936 1977 1025 2052 vitus,
1052 1985 1134 2040 recta
1160 1979 1307 2055 intentio,
1334 1999 1388 2046 seu

107 2066 298 2130 desiderium
316 2065 443 2128 recondi
459 2067 571 2134 divineo
582 2067 684 2146 glories
699 2073 729 2128 ot
741 2066 835 2128 saluti
849 2065 1038 2128 aninmrum.
1055 2103 1095 2112 -
1106 2066 1140 2128 S.
1158 2069 1240 2142 dia,
1260 2067 1332 2129 ibid.

150 2155 211 2231 Qui
228 2154 293 2218 sine
306 2155 462 2218 vocatione
477 2175 515 2218 er
534 2156 647 2220 talibus
663 2155 760 2234 signis
774 2156 930 2236 explorata
942 2155 974 2216 in
991 2174 1112 2218 socrum
1131 2157 1341 2219 ministerium
1357 2176 1387 2220 se

107 2243 255 2316 intrudit,
273 2263 334 2306 non
349 2250 476 2324 potesta
489 2263 601 2324 magna
613 2243 863 2324 presumptione,
874 2251 905 2305 ot
917 2243 992 2306 forto
1007 2264 1024 2306 a
1039 2245 1124 2324 gravi
1138 2247 1225 2326 ctdpn
1236 2245 1385 2319 exornari,

108 2351 182 2396 cum
194 2351 306 2412 magno
318 2332 527 2394 damnationis
539 2333 671 2413 periculo
684 2352 714 2395 so
724 2340 865 2413 exponat.
883 2333 985 2412 ttejori
1000 2341 1104 2395 autem
1120 2335 1251 2414 periculo
1266 2353 1297 2396 so
1307 2353 1388 2397 com·

109 2423 246 2484 mittunt
269 2421 423 2502 Episcopi,
445 2420 498 2502 qui
520 2440 581 2483 non
601 2429 722 2484 vocatos
740 2422 778 2484 ed
797 2422 924 2484 Ordines
946 2439 1045 2483 sacros
1066 2431 1262 2502 promovent,
1280 2441 1317 2484 cx
1336 2424 1387 2486 iilo

110 2514 217 2591 Apost.
235 2511 340 2574 ITinr.
358 2531 388 2583 r,
406 2514 445 2572 Ἡ
460 2529 466 2571 :
484 2510 666 2572 Menocrito
683 2513 800 2571 nemini
813 2513 997 2590 imposueris,
1016 2531 1110 2592 neque
1124 2514 1388 2574 conrrnunicaueris

107 2603 246 2680 peccatis
262 2599 382 2660 alienis.
404 2599 483 2660 Hinc
503 2599 537 2660 in
558 2603 631 2662 duro
655 2618 735 2676 cun,
751 2619 820 2682 cap.
847 2599 974 2670 Nattus,
998 2600 1217 2679 proscribitur,
1235 2609 1271 2664 ut
1289 2601 1388 2662 nullm

109 2688 269 2749 ordinetur
286 2691 348 2748 nisi
357 2689 501 2770 probatus
516 2689 621 2768 suerit.

150 2780 223 2838 rut.
239 2809 278 2818 —
293 2780 395 2850 ann.
415 2775 494 2848 Quid
506 2776 651 2855 npendum
664 2777 831 2859 Episcopo,
846 2787 879 2836 ut
897 2777 1075 2837 candidatos
1093 2777 1246 2837 adsueras
1263 2777 1388 2840 Ordines

107 2866 187 2922 satis
196 2861 323 2942 probet?

153 2951 244 3029 Iiesp.
259 2969 271 3009 .·
286 2949 334 3012 Sic
358 2953 388 3012 S.
416 2950 569 3028 Ligarius,
596 2951 696 3013 ibid:
715 2951 765 3012 Ad
783 2953 859 3012 darie
878 2953 1091 3033 probationem
1112 2953 1150 3014 ab
1169 2954 1323 3035 Episcopo
1339 2975 1389 3016 ex-

111 3038 309 3122 quirendam,
332 3057 392 3096 non
413 3039 531 3118 suspicit
554 3039 633 3120 quod
648 3043 710 3120 ipse
734 3041 815 3100 uitii
832 3041 908 3100 moli
933 3043 1048 3102 noeerr't
1071 3042 1108 3102 de
1130 3043 1315 3114 ordinanda,
1339 3043 1391 3103 sed

112 3128 201 3189 debet
218 3130 290 3206 fieri
311 3137 409 3186 certus
427 3125 463 3186 dc
482 3127 546 3206 ejus
559 3129 690 3206 positivo
700 3128 867 3209 probitate,
879 3130 977 3208 jueta
991 3129 1204 3192 sublimitatem
1222 3131 1337 3212 prades
1351 3130 1391 3192 ad

114 3237 202 3300 quem
227 3215 277 3275 itte
297 3215 398 3274 iniciat
416 3214 611 3275 oscendere...
629 3215 694 3290 Oua
715 3217 749 3276 de
765 3237 798 3276 re
815 3217 846 3276 E
845 3221 961 3297 pescopi
982 3222 1014 3277 in
1033 3217 1089 3278 bae
1099 3220 1284 3300 probatione
1299 3237 1389 3300 expe·

114 3305 208 3368 tenda
222 3325 282 3364 non
298 3305 402 3364 delient
416 3323 474 3364 esse
488 3307 620 3364 contenti
634 3305 767 3386 simplici
780 3309 967 3366 attestatione
984 3306 1199 3376 Parocborum,
1216 3311 1271 3388 qui
1283 3308 1389 3370 dierun-

114 3400 162 3456 nis
176 3395 261 3456 ducti
272 3394 455 3474 respectibus
470 3396 503 3453 in
518 3393 688 3476 hujusmodi
701 3395 942 3455 attestationibus
954 3396 1147 3457 concedendis
1160 3401 1251 3478 [acite
1266 3396 1390 3459 Clericis

112 3485 284 3565 indutpent,
306 3503 343 3544 ne
357 3486 390 3542 in
409 3503 439 3544 se
461 3484 620 3546 attrabunt
633 3503 735 3546 eorum
750 3485 867 3556 odium,
887 3503 1048 3566 eorumque
1060 3486 1303 3567 propinquorum
1312 3505 1323 3562 ;
1339 3487 1390 3548 sed

113 3576 240 3653 insuper
254 3573 291 3632 ab
309 3573 379 3632 otiis
398 3571 459 3652 fide
475 3573 591 3653 dipsis,
613 3585 704 3655 copta
718 3585 831 3634 secreta
846 3575 1073 3653 informatione,
1092 3579 1166 3634 certi
1180 3575 1252 3656 fieri
1265 3575 1386 3650 debent,

113 3683 175 3722 non
195 3663 286 3722 solum
312 3664 392 3742 quod
408 3663 573 3724 initiandus
594 3685 654 3724 non
674 3665 714 3724 sit
735 3666 882 3738 matus...,
908 3662 960 3724 sed
980 3667 1071 3722 etiam
1097 3663 1176 3745 quinci
1199 3667 1238 3724 sit
1254 3667 1390 3746 positive

114 3750 219 3826 bonus,
236 3750 348 3812 scilicet
365 3751 445 3833 quod
458 3753 551 3812 citam
566 3763 640 3832 opat
658 3753 859 3836 spiritantem,
873 3754 912 3812 sit
924 3751 1062 3812 assiduus
1077 3753 1109 3812 in
1124 3753 1262 3829 ecclesiis,
1279 3755 1389 3814 Socra-

114 3851 214 3901 mentn
229 3841 401 3922 frequentet
414 3851 443 3901 et
457 3845 634 3920 orationem,
654 3847 732 3904 eierat
748 3863 766 3903 a
782 3842 973 3903 secutoribus
987 3851 1175 3923 seprepatus,
1194 3844 1280 3903 sociis
1293 3842 1390 3904 mori-

113 3930 194 4008 9eris
206 3933 376 4006 comitetur,
392 3929 492 3990 studio
507 3941 603 4010 uocet,
620 3932 751 3992 modesta
762 3943 868 3992 utatur
882 3943 975 4004 ueste,
991 3943 1046 3992 ete.

160 4017 234 4079 Vide
255 4017 320 4075 otio
335 4017 431 4097 plura
451 4019 486 4079 de
508 4020 745 4098 obtiqationibus
768 4021 952 4082 Cierrearum
971 4023 1003 4078 ia
1024 4028 1158 4080 tractatu
1180 4019 1215 4082 de
1233 4019 1389 4100 scaettae·

113 4105 244 4180 scilicet,
266 4103 302 4164 de
324 4105 477 4180 calcato,
504 4128 533 4168 n.
555 4114 610 4183 ⁴⁰3
637 4109 673 4168 de
695 4114 858 4190 percamus
877 4110 996 4171 babitus
1015 4119 1043 4170 et
1065 4119 1209 4187 tonsurae,
1230 4131 1264 4171 n.
1279 4117 1334 4188 ἅῦς
1352 4111 1388 4174 de

113 4194 291 4257 recitatione
304 4189 411 4273 Officii
424 4193 536 4274 dreini,
551 4215 583 4256 n.
600 4199 640 4258 tu
655 4207 683 4257 et
698 4219 773 4278 sep,
789 4205 846 4261 etc.
863 4205 919 4261 etc.

511 4407 593 4454 ,ΠΜ
616 4409 791 4456 mmm
815 4413 856 4456 ii}
879 4411 988 4458 Olim!
