3224 5044
743 218 949 266 attonsus

756 429 895 475 Puncnutt
916 431 937 472 V

552 555 592 608 De
607 549 812 626 impedimento
827 548 988 606 honestatis
1001 546 1135 621 publicae.

247 715 317 776 816.
333 743 375 756 -·
389 707 517 771 Publica
538 707 676 768 bonasus
696 711 742 766 ost
759 703 970 785 propinquitas
989 721 1045 764 seu
1062 702 1202 782 quaedam
1228 703 1317 784 quasi
1335 702 1480 780 affinitas,

208 819 277 882 quas
289 795 617 880 perconjunctionem,
631 812 694 858 non
707 811 884 874 corporum,
896 793 948 854 sod
959 790 1151 864 animorum,
1164 789 1263 853 oritur
1274 799 1344 854 tum
1354 811 1395 854 ex
1405 813 1483 874 spon-

208 889 320 950 salibus
331 887 413 949 inter
427 901 528 947 unum
543 900 690 964 sponsum
704 888 735 943 et
747 879 986 960 consanguineos
1001 879 1141 954 alterius,
1157 885 1226 941 tum
1241 899 1278 941 ex
1288 881 1482 944 Matrimonia

209 988 278 1040 rato
292 976 374 1038 inter
390 974 523 1037 alterum
541 973 700 1051 conjugem
719 975 749 1031 et
768 969 933 1048 compartis
947 967 1198 1047 consanguineos.
1215 971 1255 1031 De
1266 971 1336 1049 jure
1350 971 1481 1034 ecclesia-
1580 1003 1581 1022 ι

211 1065 285 1128 stioo
300 1063 431 1127 dirimit.

331 1216 514 1296 Requlae.

250 1367 283 1423 10
305 1365 453 1424 Honestas
468 1357 590 1437 publica
605 1373 642 1418 ex
651 1355 838 1438 sponsalibus
849 1354 958 1417 ualidis
971 1363 1053 1431 orta,
1068 1373 1136 1435 quae
1149 1355 1224 1419 olim
1235 1375 1335 1438 usque
1347 1360 1385 1422 ad
1396 1378 1475 1440 quar·
1579 1345 1581 1370 ⁷

212 1458 280 1511 tum
296 1449 441 1528 padum,
455 1463 538 1508 nuno
552 1465 590 1507 cx
605 1463 683 1508 novo
695 1449 769 1508 iure
782 1444 971 1518 Tridentini,
985 1464 1052 1505 sess.
1067 1447 1172 1518 XXIV,
1187 1443 1223 1508 ds
1236 1445 1476 1527 deformitate,

210 1557 276 1618 cap.
294 1555 345 1610 111,
362 1534 597 1598 Matrimonium
611 1533 732 1596 dirimit
745 1552 843 1614 usquo
860 1534 898 1595 ad
916 1533 1054 1614 primum
1069 1534 1198 1614 gradum
1213 1541 1350 1598 tantum.

249 1630 284 1687 10
305 1627 454 1686 Honestas
474 1623 596 1704 publica
614 1627 681 1685 orta
698 1641 736 1684 ex
754 1623 950 1684 Matrimonia
969 1632 1038 1684 rata
1059 1621 1180 1686 dirimit
1196 1624 1422 1688 Matrimonium
1439 1627 1473 1687 ad

211 1719 360 1795 quartum
384 1713 515 1791 padua
538 1710 698 1773 inclusive.
727 1713 761 1773 ld
788 1716 936 1791 tanquam
959 1718 1077 1774 certum
1103 1711 1140 1773 ab
1164 1711 1310 1775 omnibus
1337 1713 1469 1788 traditur,

212 1805 355 1885 quamvis
377 1804 483 1865 nullus
508 1821 668 1883 expressus
692 1801 776 1866 luris
797 1808 903 1865 textus
925 1801 1108 1882 proferatur,
1132 1811 1170 1866 ut
1190 1805 1310 1867 notarit
1331 1804 1468 1880 Sanctus,

213 1895 233 1955 l.
250 1896 319 1968 Vll,
339 1893 368 1954 d.
385 1911 457 1967 ιιιιι,
474 1912 504 1953 n.
517 1897 546 1966 l,
561 1899 631 1954 tum
643 1891 717 1972 quia
731 1891 774 1954 sio
786 1890 878 1954 habet
889 1896 1032 1972 perpetua
1047 1891 1185 1956 Ecclesiae
1199 1893 1316 1973 praxis,
1330 1899 1396 1956 tum
1409 1891 1471 1972 qiua

212 1982 278 2045 fieri
300 1999 363 2044 non
381 1987 496 2062 potest,
514 1988 551 2043 ut
569 1980 687 2044 oriatur
707 1999 744 2042 ex
762 1980 955 2060 sponsalibus
973 1981 1187 2061 propinquitas
1206 1981 1309 2062 aliqua
1326 2002 1376 2046 seu
1393 1980 1471 2060 quasi

212 2070 360 2145 affinitas,
378 2088 446 2150 quas
461 2069 560 2132 multo
576 2069 687 2150 potiori
698 2073 768 2152 jure
782 2087 846 2131 non
862 2069 979 2132 oriatur
996 2089 1033 2131 ex
1047 2071 1242 2134 Matrimonia
1258 2079 1331 2134 rato.
1348 2075 1408 2133 llaec
1419 2087 1468 2130 au·

213 2166 292 2233 tom,
308 2177 380 2220 eum
401 2157 530 2220 carnalis
549 2176 612 2220 uon
631 2159 672 2220 sit
684 2207 690 2232 ,
704 2177 739 2219 ea
758 2158 798 2220 sit
818 2165 950 2238 oportet,
970 2175 1038 2239 quae
1057 2160 1226 2240 appellatur
1244 2158 1401 2223 honestatis
1417 2175 1471 2236 pu-

212 2247 309 2309 blicas.
326 2245 451 2309 Dirimit
469 2265 539 2309 vcro
554 2245 789 2308 Matrimonium
803 2248 842 2308 ad
862 2253 1010 2327 quartum
1029 2249 1158 2327 gradum
1176 2248 1338 2324 inclusive,
1353 2245 1471 2328 quisita

212 2334 328 2398 serebat
338 2337 390 2415 jus
403 2335 585 2415 antiquum,
602 2335 684 2415 quod
700 2338 788 2398 donc.
811 2335 1028 2398 Tridentinum
1040 2335 1203 2400 coarctavit
1216 2338 1255 2399 ad
1268 2337 1398 2418 primum
1412 2352 1470 2414 gra-

214 2425 289 2484 dum
310 2441 364 2502 pro
379 2423 442 2483 sola
455 2422 614 2484 honestato
628 2422 750 2503 publica
764 2442 801 2484 ex
815 2425 1008 2504 sponsalibus
1022 2423 1131 2488 validis
1145 2431 1222 2488 orta.

336 2573 530 2650 Quaesita.

254 2722 324 2780 817.
339 2753 378 2762 -
393 2719 494 2793 Qum.
506 2718 595 2780 l⁰An
611 2737 761 2783 uonnsras
776 2741 902 2785 austrea
916 2724 1035 2786 oriatur
1049 2745 1087 2787 ea
1099 2721 1281 2806 sponsalibus
1295 2717 1472 2781 conditiona-

214 2807 268 2886 tis,
284 2815 338 2866 aut
351 2816 453 2868 mutuo
468 2827 612 2870 consensa
629 2809 678 2871 uel
695 2813 802 2890 quavis
814 2811 903 2892 justa
917 2813 952 2874 de
966 2834 1058 2875 cansa
1076 2812 1247 2875 dissolutis?

254 2895 346 2976 Resp.
363 2895 401 2956 ad
417 2901 469 2958 1100
484 2895 577 2978 Nep„
596 2897 659 2960 nisi
677 2898 810 2961 conditio
829 2901 993 2982 adimpleta
1012 2901 1119 2979 luerit;
1136 2901 1224 2983 quia,
1241 2897 1405 2963 conditione
1418 2914 1472 2958 non

213 2983 392 3062 adimpleta,
410 3002 482 3046 uera
496 2986 648 3066 sponsalia
662 3005 725 3048 non
738 2988 903 3051 habentur.
917 3026 958 3035 -
973 2991 1009 3051 S.
1024 2992 1096 3072 Lip.
1115 3011 1145 3051 a.
1164 2994 1254 3054 root.

252 3072 342 3151 Ilesp.
360 3073 398 3132 ad
414 3075 467 3133 100
479 3073 608 3155 Affirm.
627 3075 715 3138 Ratio
734 3081 794 3152 est,
812 3076 884 3157 quia
900 3077 1157 3160 impedimentum
1176 3077 1367 3141 contrahitur
1380 3073 1475 3138 statim

212 3166 281 3240 post
299 3159 380 3221 inita
399 3161 498 3224 valide
515 3162 686 3242 sponsalia,
703 3168 732 3227 ot
749 3165 1008 3245 impedimentum
1025 3167 1119 3231 semel
1135 3167 1300 3230 inductum
1315 3185 1375 3230 nou
1388 3167 1477 3246 potest

212 3246 325 3310 auferri
341 3267 379 3309 ex
393 3250 551 3313 voluntate
566 3271 763 3333 sponsorum,
778 3256 825 3317 nel
843 3256 901 3318 alia
916 3275 1007 3319 causa
1020 3256 1264 3338 superveniente.
1278 3259 1325 3318 lta
1338 3275 1373 3318 ex
1386 3251 1477 3316 Decla-

212 3335 330 3398 ratione
347 3337 383 3398 S.
402 3338 583 3420 Couprepat.
603 3343 685 3422 apud
699 3342 732 3403 S.
749 3343 834 3425 Ltp,
850 3366 880 3405 a.
897 3351 986 3409 1063.

252 3428 323 3488 818.
340 3461 380 3470 -
393 3427 494 3500 Quen.
511 3433 545 3490 10
561 3430 611 3490 Aa
626 3449 779 3494 uonnsras
798 3451 923 3496 austrea
939 3435 1059 3496 oriatur
1073 3455 1110 3497 es
1126 3435 1311 3515 sponsalibus
1327 3431 1478 3496 narraras?

252 3514 342 3596 Hesp.
360 3513 487 3596 Assum.
505 3518 594 3580 Ratio
610 3525 670 3594 est,
689 3520 762 3600 quia
778 3523 909 3586 Ecclesia
923 3523 1006 3585 inter
1022 3524 1174 3604 sponsalia
1190 3525 1312 3605 privata
1325 3530 1356 3586 et
1367 3517 1479 3605 publica

212 3601 330 3663 nullam
347 3603 488 3666 admittit
502 3605 745 3670 distinctionem.

252 3692 353 3764 Quas.
371 3697 404 3755 3⁰
418 3693 469 3753 Aa
484 3695 606 3754 oriatur
621 3714 772 3759 uosnsras
789 3717 916 3762 rusum
930 3721 969 3762 es
982 3701 1181 3764 Matrimonia
1194 3703 1361 3765 rursusne?
1575 3743 1579 3772 t

252 3779 341 3861 Resp.
362 3784 386 3841 A
393 3780 490 3862 [firm.
513 3782 587 3861 quia
606 3789 676 3846 ante
697 3785 790 3847 Cana.
812 3787 897 3849 Trid.
918 3789 1062 3853 honestas
1082 3791 1238 3854 oriebatur
1256 3809 1293 3853 ex
1315 3784 1482 3872 hujusmodi

211 3868 417 3931 Matrimonia.
435 3870 606 3934 Concilium
621 3891 691 3936 voro
706 3875 784 3937 nihil
802 3876 880 3939 cirea
896 3879 952 3940 hoo
967 3879 1166 3956 immutavit,
1183 3881 1330 3962 momnis
1340 3882 1394 3962 jus
1412 3874 1482 3940 anti·

212 3973 309 4034 quum
339 3976 393 4037 pro
421 3959 613 4040 sponsalibus
641 3963 678 4024 de
708 3964 814 4026 lartum
845 3968 1053 4030 coarctaverit.
1081 3969 1129 4031 Sis
1154 3975 1302 4050 praterea
1330 3962 1482 4031 declararit

211 4043 243 4104 S.
261 4043 333 4104 Pius
348 4048 384 4118 V,
399 4050 502 4111 Consi.
522 4049 575 4111 Ad
589 4050 773 4127 Romanam,
791 4059 819 4114 1.
834 4057 896 4116 tut.
914 4061 1003 4121 1560.

254 4127 286 4191 Ε
287 4131 376 4210 ccipe
393 4139 424 4194 10
439 4136 465 4196 si
485 4138 602 4200 oriatau
616 4139 793 4203 invaliditas
810 4161 846 4204 ex
865 4144 981 4207 defectu
1000 4163 1176 4210 consensus.
1197 4147 1245 4210 Sia
1262 4165 1302 4210 ex
1315 4149 1391 4211 lure
1405 4161 1482 4208 cano
1578 4151 1579 4186 ³

212 4216 291 4281 nico
301 4219 427 4282 -Hinc
438 4241 499 4285 non
514 4227 600 4290 adest
613 4227 871 4310 impedimentum
881 4234 1008 4312 publiea
1021 4236 1199 4312 lacessistis,
1216 4235 1243 4298 si
1256 4233 1483 4300 Matrimonium
1578 4249 1579 4264 ¹

212 4307 260 4368 vel
279 4327 317 4370 ex
336 4327 451 4385 errore,
468 4314 516 4375 vel
531 4333 568 4377 er
582 4323 684 4393 metu,
701 4325 756 4381 aut
776 4337 846 4382 cunr
864 4321 934 4385 ficto
952 4341 1101 4386 consensu
1122 4329 1314 4388 contractum
1333 4325 1436 4388 luerit.
1451 4351 1484 4365 -

220 4393 291 4457 Vide
308 4396 344 4458 S.
361 4397 445 4480 aaa,
462 4421 493 4461 a.
511 4409 600 4466 1061.

251 4483 373 4565 Euripo
388 4493 421 4548 10
437 4489 464 4550 si
478 4489 655 4558 invaliditas
674 4497 780 4560 veniat
797 4517 835 4561 er
848 4500 947 4580 priore
962 4503 1184 4586 impedimento
1203 4501 1334 4587 publicas
1350 4503 1484 4568 honesta·
