3220 5042
215 211 285 277 est
746 223 954 272 reserares

255 339 359 414 Qulm.
375 340 408 400 3⁰
427 335 475 397 An
498 337 561 396 aiut
583 336 707 417 copeudi
734 335 863 398 recidivi
889 333 932 398 ad
954 327 1152 416 consessiones
1176 338 1380 418 precedamus
1402 361 1492 424 rape-

216 427 340 492 muas?
891 456 893 460 ·

253 515 348 598 Rcep.
363 511 443 596 Nep.
454 533 512 595 per
524 533 570 576 sc:
581 515 670 580 Ratio
683 520 745 587 est,
760 511 833 594 quia
848 532 948 578 nouis
961 513 1064 594 lapsus
1077 534 1134 596 per
1146 533 1176 578 aa
1187 533 1251 579 non
1264 521 1310 580 est
1324 535 1493 598 argumen-

212 609 283 669 tum
296 609 430 676 certum,
444 603 527 684 quod
544 601 697 666 recidivus
717 601 802 683 prius
816 600 1018 682 dispositione
1031 602 1174 668 caruerit.
1188 604 1363 687 Aliquando
1382 614 1492 674 manen

212 708 251 755 cx
264 690 505 755 circumstantiis
516 689 649 773 judicari
661 691 828 772 prudenter
841 689 964 770 poterit,
975 689 1146 756 recidivum
1159 693 1339 775 quempiam
1351 695 1492 762 invalide

212 777 385 850 molossum
396 778 502 844 luisse.
516 812 556 830 -
570 779 608 842 S.
625 779 709 862 Lip„
724 800 755 841 u.
773 782 843 844 505.

253 873 322 934 stt.
336 870 486 944 -Qumm
502 869 598 932 l⁰An
612 868 777 951 repetendo
794 869 857 930 octat
876 866 1019 950 explicite
1038 871 1139 932 omnio
1157 881 1295 952 motu,
1312 893 1381 954 qam
1399 886 1492 938 uacca

214 955 410 1038 Confessam
425 975 504 1020 urere
517 955 660 1023 historice
676 969 765 1020 cetra
779 957 994 1036 consessionem
1007 967 1152 1019 eunuco
1167 959 1307 1039 sumine?

252 1045 343 1128 desp.
357 1050 389 1109 l⁰
403 1045 494 1127 Nep,
511 1045 539 1108 si
554 1045 762 1110 confessarius
776 1062 883 1110 eorum
897 1045 996 1108 adhuc
1009 1045 1199 1124 recordetur;
1216 1052 1289 1113 tuuc
1304 1050 1390 1114 euim
1403 1052 1491 1116 suffi-

211 1134 269 1210 cit,
283 1134 310 1196 si
321 1133 475 1216 poenitens
489 1134 670 1214 generaliter
681 1153 717 1198 ea
730 1134 909 1198 confiteatur
922 1133 1066 1198 dicendo:
1082 1133 1195 1198 Accuro
1212 1157 1257 1200 me
1271 1137 1312 1200 dc
1334 1140 1371 1202 iia
1388 1145 1490 1203 omui-

213 1223 265 1286 bus
281 1241 349 1305 quoe
371 1221 427 1283 citi
441 1223 512 1303 jam
533 1225 687 1284 marruci.
705 1222 792 1287 Ratio
813 1229 874 1296 est,
891 1222 964 1304 quia
987 1229 1106 1304 peccata
1126 1223 1178 1287 illa
1196 1244 1250 1306 per
1267 1227 1489 1293 confessionam

210 1309 415 1381 summarium
438 1310 700 1374 sacramentaliter
721 1309 930 1392 snbjiciuntur
953 1310 1141 1376 Confessario
1162 1317 1198 1376 ut
1211 1314 1309 1395 judici
1327 1316 1361 1379 in
1380 1318 1488 1382 ordine

209 1399 249 1462 ad
267 1397 505 1474 absolutionem
521 1402 552 1462 et
569 1398 777 1463 confessarius
796 1400 833 1464 de
851 1399 998 1464 omnibus
1015 1399 1067 1464 hic
1080 1407 1111 1464 ct
1124 1419 1208 1466 nuno
1227 1407 1490 1470 mmamentaliter

205 1485 340 1568 judicat,
356 1504 428 1556 curn
442 1487 480 1550 de
492 1486 603 1551 iisdem
615 1487 799 1550 recordetur.

246 1575 340 1657 Jeep.
357 1578 391 1638 2⁰
403 1573 543 1656 Aspim„
558 1575 585 1638 si
602 1574 810 1640 confessarius
830 1593 894 1640 non
907 1576 1034 1658 claruet
1052 1577 1197 1644 distincte
1213 1579 1357 1644 omnium
1375 1583 1490 1646 menri

209 1663 307 1738 uerit,
323 1663 446 1726 etiamsi
469 1663 593 1728 iliorum
615 1661 649 1728 in
670 1663 793 1728 confimo
808 1665 856 1730 vel
869 1681 908 1727 ex
928 1670 1014 1745 parte
1034 1667 1218 1732 recordetur.
1234 1667 1326 1732 Ratio
1343 1678 1428 1750 patet
1447 1689 1487 1735 ex

208 1751 299 1814 dictis
311 1771 318 1812 :
331 1769 405 1814 nam
419 1752 571 1832 ejusmodi
584 1759 825 1834 peccatumque
839 1751 957 1820 ratione
971 1754 1158 1818 narrationis
1169 1760 1259 1820 antea
1272 1755 1370 1832 iactas,
1386 1777 1488 1842 neque

207 1839 326 1904 ratione
341 1839 473 1902 coniusae
488 1841 654 1916 memorie,
668 1859 764 1922 qnam
775 1840 901 1904 illorum
912 1859 997 1904 nunc
1010 1841 1103 1905 habet
1116 1843 1340 1922 confessarius,
1356 1845 1485 1911 fuerunt

206 1928 241 1990 in
256 1947 287 1992 se
301 1927 447 1991 distincte
462 1928 598 1992 clavibus
612 1929 751 1992 Ecclesiae
764 1929 910 2012 subjecta.
1173 1989 1175 1996 .

248 2020 350 2092 Qum.
364 2023 398 2081 5⁰
413 2018 464 2079 An
478 2019 641 2100 repetenda
659 2019 701 2080 sit
714 2018 877 2099 consessio,
895 2023 924 2081 ei
942 2019 1157 2102 Cousesaors'us
1175 2031 1245 2085 oute
1264 2023 1485 2087 absolutionem

206 2105 317 2167 oblitus
329 2105 428 2187 fircrit
437 2115 631 2188 peccatorum
647 2109 872 2170 aemulorum?

246 2194 339 2276 Resp.
357 2193 449 2276 Nep,
466 2195 493 2257 si
504 2195 712 2258 confessarius
733 2195 916 2271 recordetur,
934 2197 1041 2259 saltem
1060 2201 1093 2258 in
1111 2199 1250 2280 confuso,
1269 2207 1370 2266 status
1384 2203 1485 2283 pmni·

205 2281 317 2358 tentis;
338 2301 429 2364 super
443 2289 557 2346 certam
574 2282 702 2346 enimet
721 2283 905 2347 sufficienter
921 2291 1094 2368 perceptam
1113 2288 1278 2350 materiam
1292 2289 1438 2368 absolvit;
1452 2299 1486 2356 et

205 2371 330 2434 aliunde
340 2371 494 2453 judicavit
506 2371 766 2436 sacramentaliter
779 2373 816 2436 de
829 2372 960 2453 ungulis
968 2375 1109 2456 peccatis,
1126 2377 1202 2440 dum
1216 2375 1276 2458 ipsi
1290 2380 1482 2460 exponeban-

207 2466 271 2523 tur.
285 2461 433 2524 Praeterea
446 2467 477 2522 et
489 2460 676 2525 Confessario
690 2467 722 2523 et
734 2461 899 2542 poenttcnti
912 2479 990 2525 onam
1004 2462 1195 2531 intolerabile
1212 2483 1298 2530 sema
1312 2467 1483 2552 imponere-

205 2554 270 2612 tur.
286 2549 376 2610 -S.
392 2548 463 2630 [ἐς.
479 2569 510 2608 u.
526 2553 597 2614 502.

241 2641 317 2700 tls.
332 2671 372 2684 -
385 2638 486 2712 Quam
504 2640 538 2700 6⁰
552 2641 605 2700 Aa
626 2648 764 2700 muratus·
778 2640 924 2722 mune
945 2647 1040 2702 totum
1056 2651 1190 2704 retem
1210 2643 1419 2725 consonatum
1425 2691 1436 2722 ,
1454 2647 1483 2708 si
1605 2654 1607 2669 l

204 2725 427 2788 animaduertat
447 2725 671 2806 confessarium
691 2727 726 2788 od
749 2747 887 2790 sormam
903 2739 1027 2816 peceato
1046 2727 1151 2812 eliqua
1173 2749 1235 2792 m
1248 2737 1437 2815 percepisse,
1452 2743 1483 2797 ct

204 2814 317 2876 modat
328 2813 452 2896 qualia?

244 2903 334 2984 Resp.
351 2903 493 2986 Aspim,
509 2905 537 2966 si
553 2903 701 2967 unfessio
712 2903 806 2968 inerit
818 2905 935 2983 turs,
951 2907 1026 2989 quia
1043 2907 1214 2988 prudenter
1226 2907 1370 2972 dictitare
1382 2913 1483 2992 potest

205 2992 243 3054 de
256 2989 403 3073 singulis,
420 3009 461 3054 an
477 3011 496 3054 a
509 2991 695 3055 confessario
709 2993 863 3057 intellecta
878 2994 1008 3070 tuerint,
1024 3013 1137 3059 umus:
1151 3013 1238 3060 secus
1251 3003 1358 3060 autern
1371 2998 1400 3061 si
1412 3017 1481 3080 pro

205 3078 375 3142 lixaiumit
393 3080 556 3156 mutassis,
572 3089 604 3146 et
624 3099 720 3162 muca
739 3087 862 3145 tantum
883 3101 946 3146 noa
966 3089 1104 3165 percepta
1117 3085 1386 3170 viduarumque
1406 3093 1482 3150 tuuc

204 3169 371 3249 prudenter
387 3187 570 3249 presumere
589 3176 702 3250 potest,
719 3172 801 3251 quod
823 3174 1067 3254 unumquodque
1089 3171 1191 3236 tuerit·
1200 3173 1408 3251 intellectam
1424 3193 1483 3239 noo

204 3256 372 3320 veridmilc
386 3265 525 3338 apparet,
539 3257 698 3321 christum
717 3259 907 3340 integritatis
924 3265 1110 3342 preceptum
1129 3279 1201 3324 curn
1214 3269 1304 3326 tauto
1316 3281 1405 3326 onere
1418 3263 1483 3326 im-

204 3343 361 3426 posuisse:
376 3345 404 3408 si
417 3351 522 3408 tamen
537 3346 670 3410 dubium
689 3347 769 3410 circa
787 3365 889 3412 unum
901 3349 950 3412 vcl
965 3349 1098 3414 alterum
1112 3357 1269 3430 peccatum
1287 3351 1484 3415 solmnmmo

205 3439 389 3509 versaretur,
405 3435 606 3515 repetendum
619 3435 698 3499 illud
708 3435 797 3500 foret.
813 3471 851 3486 ·-
865 3435 898 3499 S.
916 3437 988 3520 Lep,
1005 3459 1038 3500 rc.
1050 3441 1120 3501 119⁰.

327 3572 540 3638 Resotves.

245 3704 317 3765 titt.
338 3735 378 3746 -—
395 3707 428 3764 1⁰
443 3700 653 3765 confessarius
673 3702 824 3783 excipiens
848 3702 1067 3768 contessionem
1089 3703 1214 3779 rustici,
1234 3703 1289 3786 qui
1316 3703 1483 3784 preteritis

204 3790 295 3852 annis
315 3791 395 3853 male
415 3789 568 3854 confessus
586 3799 649 3867 est,
670 3809 725 3854 suo
746 3792 870 3854 muneri
891 3791 1057 3856 satisfaciet
1074 3793 1290 3873 interrogando
1310 3795 1348 3856 de
1368 3793 1482 3858 saltimo

205 3882 331 3940 hatum
345 3897 436 3953 anno,
452 3879 479 3941 si
493 3879 530 3944 ol)
544 3879 732 3943 unilormem
747 3879 896 3944 rationem
915 3880 987 3944 vitm
1005 3882 1102 3963 possit
1121 3881 1215 3944 simul
1232 3882 1270 3945 de
1282 3881 1483 3962 precedenti-

203 3963 263 4028 ltus
284 3965 374 4029 annis
391 3965 545 4050 judicium
559 3967 729 4032 efformare,
743 3968 827 4030 ldem
844 3969 1025 4045 dicendum,
1042 3971 1073 4034 si·
1082 3970 1190 4034 audita
1202 3969 1299 4033 unius
1319 3970 1395 4034 anni
1407 3987 1481 4034 ecn-

203 4051 334 4117 iossione
356 4055 476 4138 detegat
496 4057 702 4120 confessarius
720 4058 946 4138 praeteritarum
966 4057 1194 4124 mutassionum
1209 4058 1377 4134 delectum,
1392 4065 1422 4122 ot
1439 4077 1480 4124 ex

203 4140 262 4204 hac
275 4139 385 4204 mtima
400 4143 584 4209 confessione
599 4143 799 4210 sufficientem
813 4145 1039 4226 praeteritorum
1052 4153 1243 4229 peccatorum
1259 4147 1405 4212 notitam
1425 4147 1480 4210 laa-
1607 4149 1608 4200 t

203 4228 289 4304 boat;
303 4233 435 4294 attamen
448 4233 628 4313 requiritur,
643 4239 680 4297 ut
694 4233 846 4314 poenitens
858 4235 990 4314 generali
1005 4236 1094 4299 modo
1108 4237 1144 4299 de
1154 4235 1225 4301 eliis
1238 4235 1330 4299 anuis
1345 4254 1377 4299 se
1391 4253 1480 4300 atcu-

204 4318 685 4488 ”id{tiltdsffii'ruenc
699 4411 851 4476 sacoma
859 4412 1073 4495 jnrisdictinne
1091 4413 1222 4489 cuna,
1236 4411 1392 4478 urentur
1405 4429 1481 4476 eon-

202 4493 366 4561 sessionem
381 4497 506 4574 iterare,
524 4497 551 4560 si
566 4507 670 4579 postea
684 4501 836 4564 deiectum
850 4502 979 4582 detegat.
