3220 5042
503 237 547 285 ns
567 238 805 284 sscarururo
826 238 1066 284 rmurrnnrrs
1353 223 1421 285 237

148 353 240 416 iteret
256 349 339 432 apud
355 348 467 427 alium,
483 353 520 412 ut
538 348 694 412 mitiorem
714 347 928 430 paenitentiam
952 349 1110 426 sortiatur,
1126 348 1175 412 vel
1192 347 1287 412 etiam
1305 349 1366 412 alia
1385 349 1423 413 de

149 457 253 516 causa;
266 459 284 502 a
296 437 391 520 priori
404 436 586 521 poenitentia
600 435 732 500 minime
741 435 897 514 liberatur,
914 435 977 500 nisi
989 437 1178 500 mentionem
1188 437 1226 500 de
1239 436 1423 518 praecedenti

147 526 331 592 confessione
342 529 372 590 et
385 531 503 608 accepta
511 525 694 607 paenitentia
704 523 811 600 iaciat,
827 525 907 590 ratio
921 525 995 606 quia
1006 527 1045 588 ad
1058 525 1312 588 commutandam
1325 524 1423 607 porni-

146 617 277 680 tentiam
286 635 325 679 ex
334 621 420 697 parto
428 613 611 679 Confessarii
624 613 794 695 requiritur
802 613 954 695 positivus
963 613 1134 678 voluntatis
1147 620 1248 688 actus,
1265 631 1326 695 quo
1340 613 1423 695 prior

147 703 292 786 obligatio
304 711 472 769 avocetur.
489 738 528 752 --
541 704 592 766 Ito
604 703 802 768 communiter
814 701 910 784 Lupo,
923 698 1073 779 taem,
1088 707 1147 766 etc.

693 923 884 988 APPENDIX

504 1092 540 1134 llll
557 1091 743 1134 ronlruu'llls
761 1091 874 1134 uulnus
892 1089 1062 1134 lmusubts

608 1249 632 1309 l.
653 1279 693 1294 -
711 1263 807 1309 orum
826 1264 962 1310 rmrrrrs

189 1414 260 1476 535.
274 1445 314 1459 ι-
329 1415 363 1474 {⁰
375 1408 533 1476 canones
547 1408 679 1486 vocales,
693 1413 791 1484 Pater,
807 1411 888 1484 Ave,
901 1409 1010 1485 Credo,
1025 1407 1157 1474 Litania
1169 1413 1203 1474 B.
1217 1406 1317 1489 Virg,
1332 1411 1424 1474 Rosa·

147 1501 248 1576 uum,
264 1500 329 1564 sive
343 1501 409 1581 ejus
423 1498 515 1562 lactis
527 1517 613 1580 pars;
630 1517 733 1580 preces
745 1497 906 1562 matutina
917 1505 949 1562 et
962 1498 1152 1580 vespertina.

187 1592 220 1652 2⁰
230 1588 386 1652 Orationes
401 1588 549 1651 mentales
565 1587 741 1670 (discrete),
756 1606 810 1668 pro
825 1587 991 1668 capacitate
1004 1586 1197 1668 poenitentia
1213 1605 1268 1668 pro
1280 1586 1421 1663 rudibus,

148 1676 292 1758 cogitatio
303 1677 407 1757 aliqrm
420 1676 458 1738 de
471 1675 605 1750 interno,
618 1677 656 1739 de
664 1679 777 1749 morte,
790 1675 827 1738 de
835 1673 976 1756 passione
984 1674 1115 1750 Christi,
1125 1693 1215 1738 mane
1223 1681 1280 1738 aut
1289 1693 1422 1756 vespere,

147 1785 181 1829 a.
198 1783 256 1844 gn,
272 1782 325 1844 per
337 1769 460 1844 tempus
473 1762 570 1828 nnius
580 1764 657 1827 Ave.

192 1856 225 1916 30
237 1853 333 1914 Actus
347 1851 449 1926 Fidei,
466 1851 550 1932 Spei,
565 1851 708 1915 coriatis
720 1901 727 1928 ,
741 1849 949 1926 contritionis,
966 1850 1085 1915 fiducia
1097 1851 1132 1914 in
1142 1855 1254 1927 Deum
1268 1851 1426 1916 coruormi-

151 1939 225 2003 tatis
239 1938 355 2002 divina
371 1937 538 2015 voluntati,
558 1937 706 2020 propositi
725 1958 788 2003 non
808 1938 1002 2021 peccandi...,
1023 1939 1164 2016 toties...,
1187 1958 1218 2002 ιι.
1238 1958 1298 2019 gu,
1315 1958 1423 2017 mane,

150 2045 288 2110 vespere,
304 2027 476 2110 prasertim
490 2027 524 2092 in
539 2027 761 2092 tentationibus
774 2028 822 2092 vel
835 2027 934 2092 animi
948 2027 1123 2111 dejectione.

189 2121 222 2180 40
235 2115 354 2180 Oblatio
368 2114 583 2197 suimetipsius
596 2119 655 2180 lleo
671 2133 793 2180 summo
812 2133 919 2193 mane,
934 2116 1061 2198 signum
1075 2114 1188 2192 crucis,
1205 2115 1297 2180 varia
1311 2115 1425 2198 aspira-

149 2204 250 2269 tiones
260 2224 314 2268 seu
326 2203 478 2268 orationes
487 2204 676 2286 jaculatoria
688 2206 729 2267 ad
742 2205 913 2280 Christum,
928 2207 967 2269 ad
978 2209 1035 2270 Gor
1046 2208 1134 2280 lesu,
1151 2206 1190 2268 ad
1202 2210 1237 2270 B.
1249 2204 1423 2286 Virginem,

149 2295 188 2360 ad
203 2294 356 2375 Angelum
369 2294 538 2357 crutodam.
552 2292 726 2374 (Ordinsrie
737 2312 800 2358 non
812 2302 887 2358 sunt
901 2293 1166 2376 multiplicanda.)

189 2380 419 2447 abramidum
438 2381 503 2446 Via
522 2380 641 2454 Crucis,
664 2383 834 2463 prasertim
850 2384 972 2464 quaudo
993 2383 1030 2447 fit
1050 2382 1085 2446 iu
1107 2381 1274 2446 communi
1294 2401 1302 2446 :
1324 2402 1426 2465 preces

149 2471 355 2535 novemdiales
368 2470 404 2534 in
416 2471 564 2536 bonorem
575 2475 609 2535 B.
626 2473 664 2533 V.
681 2471 729 2534 vel
738 2470 867 2554 aliquus
881 2471 994 2535 Sancti

189 2565 221 2624 60
241 2559 369 2624 Auditio
391 2559 590 2634 concionum,
606 2558 797 2636 catechismi,
818 2559 995 2624 assistentia
1012 2559 1124 2626 Officiis
1144 2559 1298 2636 Ecclesia,
1314 2581 1343 2626 v.
1365 2581 1424 2643 gn,

148 2649 248 2714 ldissa
259 2649 403 2722 solemni,
418 2647 573 2730 vesperis,
591 2655 662 2724 eta,
677 2649 726 2712 vel
740 2647 893 2712 exercitiis
910 2647 1138 2731 spiritualibus,
1152 2655 1208 2713 aut
1222 2648 1272 2730 pio
1283 2650 1426 2716 exercitio

148 2736 262 2804 Mensis
275 2736 421 2811 Mariani,
438 2738 485 2801 vel
498 2737 567 2801 aliis
578 2736 772 2818 hujusmodi,
789 2737 897 2802 saltem
912 2737 1086 2820 aliquoties.

189 2829 222 2886 '1⁰
234 2827 370 2887 mamm
383 2826 519 2904 gencrale
538 2824 730 2889 conscientia
744 2845 881 2907 vespere,
900 2827 1009 2892 wtem
1022 2825 1180 2908 perbreve
1197 2832 1335 2906 tempus3
1349 2825 1426 2890 item

149 2930 278 2976 examen
291 2912 473 2992 particulare
487 2913 566 2976 circa
580 2913 672 2976 talem
683 2913 850 2990 delectum,
866 2915 914 2978 vel
923 2915 1017 2978 talem
1031 2933 1159 2996 pravam
1172 2912 1426 2978 cousuetudinem

150 3019 187 3066 ex
200 3000 289 3064 firmo
303 2998 526 3063 emendationis
540 3001 703 3082 proposito.

190 3087 383 3156 arvisitotio
396 3089 526 3152 ecclesia
544 3089 593 3152 vel
606 3090 711 3152 altaris
728 3091 906 3173 cujuslibet,
924 3093 972 3155 vel
991 3091 1121 3174 alicujus
1141 3090 1176 3154 in
1197 3091 1374 3172 particulari
1387 3094 1427 3157 ad

149 3177 267 3262 aliquid
281 3176 327 3240 ibi
340 3177 509 3252 orandum,
523 3183 579 3239 aut
592 3179 754 3258 petendam
768 3179 900 3261 gratiam
915 3198 978 3244 non
992 3179 1125 3263 amplius
1142 3179 1296 3261 amandi.

190 3271 224 3332 90
246 3265 345 3331 Lectio
366 3264 431 3346 pia,
458 3285 487 3328 v.
514 3283 572 3346 gn,
594 3283 648 3347 per
673 3267 874 3347 quadrantem
897 3268 948 3331 die
967 3266 1142 3346 Dominiea,
1168 3285 1268 3332 unum
1296 3269 1346 3333 vel
1371 3275 1427 3333 aut

150 3359 281 3420 alterum
296 3360 404 3436 caput,
423 3373 453 3418 r.
473 3372 530 3435 gn,
552 3353 739 3418 Imitationis
757 3355 887 3431 Christi,
908 3357 989 3422 Vita
1009 3361 1211 3433 Sanctorum,
1233 3358 1279 3421 vel
1300 3357 1426 3422 alterius

149 3445 194 3528 pii
207 3443 294 3519 libri,
311 3449 368 3506 etc.

191 3538 244 3598 l0⁰
257 3530 473 3614 lbequentatio
486 3534 767 3610 Smmmentorum,
779 3531 834 3596 tali
846 3532 909 3608 die,
923 3533 972 3596 vel
986 3532 1040 3596 tali
1057 3539 1207 3614 tempore,
1223 3540 1278 3597 aut
1293 3537 1338 3597 tot
1352 3533 1426 3598 vici-

149 3621 219 3685 bus.
240 3621 296 3685 liic
312 3625 400 3684 caute
419 3627 489 3702 agat
503 3619 728 3696 confessarius,
748 3639 804 3684 nec
821 3619 960 3702 imponat
973 3619 1190 3702 obligationem
1210 3621 1268 3698 iis,
1282 3622 1338 3704 qni
1357 3641 1427 3688 raro

149 3711 344 3786 mabuntur,
363 3714 401 3772 ut
414 3709 506 3773 semel
520 3709 569 3774 vel
582 3708 677 3774 bisin
690 3728 794 3774 mense
804 3711 946 3774 accedant
961 3711 1002 3774 ad
1016 3709 1153 3773 tribunal
1167 3709 1361 3790 penitentia
1374 3729 1428 3794 per

149 3795 286 3876 abnum3
300 3799 353 3862 sed
367 3797 426 3862 lroc
441 3817 505 3862 non
522 3797 666 3880 injungat
680 3798 743 3862 uisi
761 3817 838 3875 una,
855 3804 887 3863 et
903 3799 981 3864 forte
994 3798 1089 3864 altera
1103 3797 1183 3874 ricc,
1199 3803 1231 3862 et
1243 3798 1316 3862 solis
1329 3801 1426 3881 pani·

148 3886 288 3951 tentibus
302 3887 334 3950 id
347 3885 479 3951 libenter
493 3887 731 3969 acceptantibus.

542 4069 580 4130 11.
593 4103 633 4116 -
650 4085 746 4132 mam
766 4085 1030 4146 ιιοιτιιιιιιιιιιιιιεΙ

190 4234 221 4293 l·
234 4229 409 4312 Jejuuium,
425 4229 473 4293 vel
487 4227 660 4309 integrum,
675 4233 767 4312 juata
781 4231 861 4312 leges
874 4229 1028 4306 Ecclesia,
1045 4230 1092 4295 vel
1105 4229 1233 4312 partiale
1242 4233 1333 4312 juxta
1343 4230 1425 4294 vires

149 4317 292 4400 physicas
304 4317 474 4382 aomorales
484 4315 674 4399 paenitentis.
687 4321 754 4382 Non
762 4323 867 4383 umen
878 4317 1063 4399 imponenda
1076 4323 1123 4382 est
1134 4319 1312 4402 hujusmodi
1326 4317 1423 4401 poeni-

148 4406 248 4469 tentia
262 4405 324 4469 nisi
337 4425 421 4481 raro,
437 4409 467 4468 et
480 4404 521 4468 iis
538 4404 638 4469 solum
652 4403 708 4488 qui
720 4424 789 4470 eam
803 4405 933 4470 libenter
946 4407 1099 4489 accepturi
1113 4413 1197 4472 arnt.

188 4497 223 4558 2⁰
237 4493 410 4559 Subtractio
420 4491 524 4576 aliqua
536 4492 612 4571 cibi,
626 4511 695 4578 quae
709 4494 841 4577 corporis
855 4493 999 4574 sanitati,
1012 4500 1068 4560 aut
1082 4495 1187 4561 officiis
1201 4515 1256 4562 seu
1268 4494 1423 4560 laboribus
