<?xml version="1.0" encoding="UTF-8"?>
<!DOCTYPE html PUBLIC "-//W3C//DTD XHTML 1.0 Transitional//EN"
    "http://www.w3.org/TR/xhtml1/DTD/xhtml1-transitional.dtd">
<html xmlns="http://www.w3.org/1999/xhtml" xml:lang="en" lang="en">
 <head>
  <title>
</title>
<meta http-equiv="Content-Type" content="text/html;charset=utf-8" />
  <meta name='ocr-system' content='tesseract 3.04.00' />
  <meta name='ocr-capabilities' content='ocr_page ocr_carea ocr_par ocr_line ocrx_word'/>
</head>
<body>
  <div class='ocr_page' id='page_1' title='image "./compendiumtheol03gurygoog_0316.png"; bbox 0 0 3224 5044; ppageno 0'>
   <div class='ocr_carea' id='block_1_1' title="bbox 514 221 1416 280">
    <p class='ocr_par' dir='ltr' id='par_1_1' title="bbox 514 221 1416 280">
     <span class='ocr_line' id='line_1_1' title="bbox 514 221 1416 280; baseline 0.009 -8"><span class='ocrx_word' id='word_1_1' title='bbox 514 265 517 272; x_wconf 88' lang='lat'><em>.</em></span> <span class='ocrx_word' id='word_1_2' title='bbox 563 232 606 276; x_wconf 84' lang='lat' dir='ltr'>ne</span> <span class='ocrx_word' id='word_1_3' title='bbox 626 229 794 274; x_wconf 74' lang='grc'><strong>1111111111</strong></span> <span class='ocrx_word' id='word_1_4' title='bbox 815 229 993 274; x_wconf 79' lang='lat' dir='ltr'>uncrrone</span> <span class='ocrx_word' id='word_1_5' title='bbox 1346 221 1416 280; x_wconf 85' lang='lat'>303</span> 
     </span>
    </p>
   </div>
   <div class='ocr_carea' id='block_1_2' title="bbox 139 339 1423 4142">
    <p class='ocr_par' dir='ltr' id='par_1_2' title="bbox 139 339 1415 497">
     <span class='ocr_line' id='line_1_2' title="bbox 181 339 1415 418; baseline -0.002 -10"><span class='ocrx_word' id='word_1_6' title='bbox 181 349 307 408; x_wconf 68' lang='grc'><strong>(177.-</strong></span> <span class='ocrx_word' id='word_1_7' title='bbox 331 345 432 418; x_wconf 79' lang='lat' dir='ltr'>ocae.</span> <span class='ocrx_word' id='word_1_8' title='bbox 456 347 490 405; x_wconf 82' lang='lat'>3⁰</span> <span class='ocrx_word' id='word_1_9' title='bbox 513 341 562 402; x_wconf 82' lang='lat' dir='ltr'>Aa</span> <span class='ocrx_word' id='word_1_10' title='bbox 586 341 642 402; x_wconf 80' lang='lat' dir='ltr'>loc</span> <span class='ocrx_word' id='word_1_11' title='bbox 664 340 761 404; x_wconf 81' lang='lat' dir='ltr'>oleum</span> <span class='ocrx_word' id='word_1_12' title='bbox 784 339 890 402; x_wconf 83' lang='lat' dir='ltr'>debent</span> <span class='ocrx_word' id='word_1_13' title='bbox 906 342 1073 402; x_wconf 80' lang='lat' dir='ltr'>necessario</span> <span class='ocrx_word' id='word_1_14' title='bbox 1095 359 1154 402; x_wconf 80' lang='lat' dir='ltr'>esse</span> <span class='ocrx_word' id='word_1_15' title='bbox 1174 341 1357 406; x_wconf 73' lang='lat' dir='ltr'>benedictam</span> <span class='ocrx_word' id='word_1_16' title='bbox 1377 345 1415 406; x_wconf 80' lang='lat' dir='ltr'>cb</span> 
     </span>
     <span class='ocr_line' id='line_1_3' title="bbox 139 431 320 497; baseline -0.022 0"><span class='ocrx_word' id='word_1_17' title='bbox 139 433 175 497; x_wconf 83' lang='lat' dir='ltr'>E</span> <span class='ocrx_word' id='word_1_18' title='bbox 200 438 259 495; x_wconf 83' lang='lat' dir='ltr'>iseo</span> <span class='ocrx_word' id='word_1_19' title='bbox 304 431 320 494; x_wconf 86' lang='lat'><strong>?</strong></span> 
     </span>
    </p>

    <p class='ocr_par' dir='ltr' id='par_1_3' title="bbox 141 453 1416 780">
     <span class='ocr_line' id='line_1_4' title="bbox 171 453 1416 603; baseline 0.001 -19"><span class='ocrx_word' id='word_1_20' title='bbox 171 453 420 603; x_wconf 38' lang='lat' dir='ltr'>pllespeorlffinn,</span> <span class='ocrx_word' id='word_1_21' title='bbox 440 523 566 582; x_wconf 83' lang='lat' dir='ltr'>Constat</span> <span class='ocrx_word' id='word_1_22' title='bbox 584 536 622 580; x_wconf 84' lang='lat' dir='ltr'>ex</span> <span class='ocrx_word' id='word_1_23' title='bbox 644 516 737 580; x_wconf 77' lang='lat' dir='ltr'>variis</span> <span class='ocrx_word' id='word_1_24' title='bbox 761 517 1020 580; x_wconf 89' lang='lat' dir='ltr'>Declarationibus</span> <span class='ocrx_word' id='word_1_25' title='bbox 1044 518 1130 580; x_wconf 92' lang='lat' dir='ltr'>Pauli</span> <span class='ocrx_word' id='word_1_26' title='bbox 1145 521 1172 578; x_wconf 94' lang='lat' dir='ltr'>V</span> <span class='ocrx_word' id='word_1_27' title='bbox 1190 523 1220 580; x_wconf 91' lang='lat' dir='ltr'>et</span> <span class='ocrx_word' id='word_1_28' title='bbox 1239 522 1416 600; x_wconf 79' lang='lat' dir='ltr'>nuperrime</span> 
     </span>
     <span class='ocr_line' id='line_1_5' title="bbox 141 605 1416 690; baseline -0.003 -14"><span class='ocrx_word' id='word_1_29' title='bbox 141 609 278 690; x_wconf 81' lang='lat' dir='ltr'>Gregorii</span> <span class='ocrx_word' id='word_1_30' title='bbox 301 610 384 682; x_wconf 85' lang='lat' dir='ltr'>XVI,</span> <span class='ocrx_word' id='word_1_31' title='bbox 398 607 447 670; x_wconf 87' lang='lat' dir='ltr'>die</span> <span class='ocrx_word' id='word_1_32' title='bbox 467 612 487 670; x_wconf 84' lang='lat' dir='ltr'>l</span> <span class='ocrx_word' id='word_1_33' title='bbox 510 611 593 687; x_wconf 88' lang='lat' dir='ltr'>Sept.</span> <span class='ocrx_word' id='word_1_34' title='bbox 617 609 705 670; x_wconf 73' lang='lat' dir='ltr'>lato:</span> <span class='ocrx_word' id='word_1_35' title='bbox 722 639 761 650; x_wconf 91' lang='lat'>-—</span> <span class='ocrx_word' id='word_1_36' title='bbox 780 608 825 666; x_wconf 84' lang='lat' dir='ltr'>Ex</span> <span class='ocrx_word' id='word_1_37' title='bbox 844 605 1029 685; x_wconf 79' lang='lat' dir='ltr'>delegatione</span> <span class='ocrx_word' id='word_1_38' title='bbox 1052 613 1156 668; x_wconf 73' lang='grc'><strong>11111111</strong></span> <span class='ocrx_word' id='word_1_39' title='bbox 1173 611 1259 688; x_wconf 83' lang='lat' dir='ltr'>Papae</span> <span class='ocrx_word' id='word_1_40' title='bbox 1278 609 1416 672; x_wconf 77' lang='lat' dir='ltr'>benedici</span> 
     </span>
     <span class='ocr_line' id='line_1_6' title="bbox 141 692 1354 780; baseline -0.003 -18"><span class='ocrx_word' id='word_1_41' title='bbox 141 704 243 780; x_wconf 89' lang='lat' dir='ltr'>potest</span> <span class='ocrx_word' id='word_1_42' title='bbox 256 717 275 761; x_wconf 88' lang='lat' dir='ltr'>a</span> <span class='ocrx_word' id='word_1_43' title='bbox 289 695 422 776; x_wconf 77' lang='lat' dir='ltr'>simplici</span> <span class='ocrx_word' id='word_1_44' title='bbox 435 696 601 758; x_wconf 77' lang='lat' dir='ltr'>Sacerdote.</span> <span class='ocrx_word' id='word_1_45' title='bbox 616 731 655 740; x_wconf 93' lang='lat'><em>-</em></span> <span class='ocrx_word' id='word_1_46' title='bbox 669 692 783 755; x_wconf 83' lang='lat' dir='ltr'>Bened.</span> <span class='ocrx_word' id='word_1_47' title='bbox 800 693 887 767; x_wconf 83' lang='lat' dir='ltr'>XIV,</span> <span class='ocrx_word' id='word_1_48' title='bbox 907 694 943 755; x_wconf 89' lang='lat' dir='ltr'>de</span> <span class='ocrx_word' id='word_1_49' title='bbox 955 694 1035 776; x_wconf 73' lang='lat' dir='ltr'>Syn.</span> <span class='ocrx_word' id='word_1_50' title='bbox 1052 695 1074 756; x_wconf 83' lang='lat'>1.</span> <span class='ocrx_word' id='word_1_51' title='bbox 1091 697 1173 770; x_wconf 89' lang='lat' dir='ltr'>Vlll,</span> <span class='ocrx_word' id='word_1_52' title='bbox 1192 716 1218 757; x_wconf 84' lang='lat' dir='ltr'>r.</span> <span class='ocrx_word' id='word_1_53' title='bbox 1235 716 1261 771; x_wconf 92' lang='lat'>1,</span> <span class='ocrx_word' id='word_1_54' title='bbox 1276 717 1309 759; x_wconf 82' lang='lat' dir='ltr'>a.</span> <span class='ocrx_word' id='word_1_55' title='bbox 1323 703 1354 761; x_wconf 74' lang='lat' dir='ltr'>l.</span> 
     </span>
    </p>

    <p class='ocr_par' dir='ltr' id='par_1_4' title="bbox 139 783 1416 939">
     <span class='ocr_line' id='line_1_7' title="bbox 182 783 1416 863; baseline -0.001 -12"><span class='ocrx_word' id='word_1_56' title='bbox 182 789 285 863; x_wconf 76' lang='lat' dir='ltr'>Quen.</span> <span class='ocrx_word' id='word_1_57' title='bbox 300 791 333 849; x_wconf 81' lang='lat' dir='ltr'>l⁰</span> <span class='ocrx_word' id='word_1_58' title='bbox 348 785 396 844; x_wconf 83' lang='lat' dir='ltr'>An</span> <span class='ocrx_word' id='word_1_59' title='bbox 413 784 510 846; x_wconf 77' lang='lat' dir='ltr'>oleum</span> <span class='ocrx_word' id='word_1_60' title='bbox 524 783 631 846; x_wconf 78' lang='lat' dir='ltr'>debean</span> <span class='ocrx_word' id='word_1_61' title='bbox 644 803 705 846; x_wconf 85' lang='lat' dir='ltr'>esse</span> <span class='ocrx_word' id='word_1_62' title='bbox 717 783 903 844; x_wconf 67' lang='lat' dir='ltr'>benedictum</span> <span class='ocrx_word' id='word_1_63' title='bbox 917 787 951 843; x_wconf 80' lang='lat' dir='ltr'>in</span> <span class='ocrx_word' id='word_1_64' title='bbox 965 783 1071 846; x_wconf 80' lang='lat' dir='ltr'>ordine</span> <span class='ocrx_word' id='word_1_65' title='bbox 1089 783 1132 846; x_wconf 79' lang='lat' dir='ltr'>ee</span> <span class='ocrx_word' id='word_1_66' title='bbox 1151 783 1332 849; x_wconf 67' lang='lat' dir='ltr'>Extremam</span> <span class='ocrx_word' id='word_1_67' title='bbox 1354 788 1416 850; x_wconf 86' lang='lat' dir='ltr'>Un-</span> 
     </span>
     <span class='ocr_line' id='line_1_8' title="bbox 139 875 765 939; baseline 0.002 -1"><span class='ocrx_word' id='word_1_68' title='bbox 139 875 289 938; x_wconf 81' lang='lat' dir='ltr'>ctionem?</span> <span class='ocrx_word' id='word_1_69' title='bbox 759 922 765 939; x_wconf 64' lang='lat'>,</span> 
     </span>
    </p>

    <p class='ocr_par' dir='ltr' id='par_1_5' title="bbox 142 959 1417 1750">
     <span class='ocr_line' id='line_1_9' title="bbox 182 959 1414 1046; baseline 0 -20"><span class='ocrx_word' id='word_1_70' title='bbox 182 965 271 1046; x_wconf 81' lang='lat' dir='ltr'>Resp.</span> <span class='ocrx_word' id='word_1_71' title='bbox 286 984 299 1026; x_wconf 93' lang='grc'>.·</span> <span class='ocrx_word' id='word_1_72' title='bbox 319 964 578 1027; x_wconf 67' lang='lat' dir='ltr'>Controvertitur.</span> <span class='ocrx_word' id='word_1_73' title='bbox 601 961 718 1041; x_wconf 83' lang='lat' dir='ltr'>Duplex</span> <span class='ocrx_word' id='word_1_74' title='bbox 743 964 790 1023; x_wconf 88' lang='lat' dir='ltr'>est</span> <span class='ocrx_word' id='word_1_75' title='bbox 815 959 968 1022; x_wconf 87' lang='lat' dir='ltr'>sententia</span> <span class='ocrx_word' id='word_1_76' title='bbox 989 961 1169 1041; x_wconf 86' lang='lat' dir='ltr'>probabilis,</span> <span class='ocrx_word' id='word_1_77' title='bbox 1193 964 1239 1026; x_wconf 91' lang='lat' dir='ltr'>ait</span> <span class='ocrx_word' id='word_1_78' title='bbox 1258 965 1300 1027; x_wconf 80' lang='lat' dir='ltr'>S.</span> <span class='ocrx_word' id='word_1_79' title='bbox 1329 967 1414 1046; x_wconf 68' lang='lat' dir='ltr'>Liq„</span> 
     </span>
     <span class='ocr_line' id='line_1_10' title="bbox 142 1047 1415 1132; baseline 0.003 -18"><span class='ocrx_word' id='word_1_80' title='bbox 142 1077 175 1115; x_wconf 86' lang='lat' dir='ltr'>n.</span> <span class='ocrx_word' id='word_1_81' title='bbox 189 1059 260 1117; x_wconf 78' lang='grc'><strong>709.</strong></span> <span class='ocrx_word' id='word_1_82' title='bbox 278 1053 338 1115; x_wconf 85' lang='lat' dir='ltr'>Alii</span> <span class='ocrx_word' id='word_1_83' title='bbox 353 1057 477 1132; x_wconf 88' lang='lat' dir='ltr'>negant,</span> <span class='ocrx_word' id='word_1_84' title='bbox 493 1051 567 1131; x_wconf 88' lang='lat' dir='ltr'>quia</span> <span class='ocrx_word' id='word_1_85' title='bbox 579 1049 711 1112; x_wconf 81' lang='lat' dir='ltr'>Ecclesia</span> <span class='ocrx_word' id='word_1_86' title='bbox 729 1048 808 1111; x_wconf 90' lang='lat' dir='ltr'>nihil</span> <span class='ocrx_word' id='word_1_87' title='bbox 823 1047 907 1111; x_wconf 91' lang='lat' dir='ltr'>aliud</span> <span class='ocrx_word' id='word_1_88' title='bbox 924 1049 1070 1130; x_wconf 86' lang='lat' dir='ltr'>requIrit,</span> <span class='ocrx_word' id='word_1_89' title='bbox 1085 1049 1149 1114; x_wconf 89' lang='lat' dir='ltr'>nisi</span> <span class='ocrx_word' id='word_1_90' title='bbox 1159 1058 1196 1114; x_wconf 93' lang='lat' dir='ltr'>ut</span> <span class='ocrx_word' id='word_1_91' title='bbox 1208 1053 1310 1116; x_wconf 85' lang='lat' dir='ltr'>oleum</span> <span class='ocrx_word' id='word_1_92' title='bbox 1324 1055 1365 1118; x_wconf 86' lang='lat' dir='ltr'>sit</span> <span class='ocrx_word' id='word_1_93' title='bbox 1377 1056 1415 1118; x_wconf 87' lang='lat' dir='ltr'>ab</span> 
     </span>
     <span class='ocr_line' id='line_1_11' title="bbox 143 1137 1416 1224; baseline 0.001 -20"><span class='ocrx_word' id='word_1_94' title='bbox 143 1141 289 1224; x_wconf 87' lang='lat' dir='ltr'>Episcopo</span> <span class='ocrx_word' id='word_1_95' title='bbox 309 1140 513 1204; x_wconf 84' lang='lat' dir='ltr'>benedictum.</span> <span class='ocrx_word' id='word_1_96' title='bbox 537 1139 615 1202; x_wconf 88' lang='lat' dir='ltr'>llinc</span> <span class='ocrx_word' id='word_1_97' title='bbox 631 1137 755 1219; x_wconf 85' lang='lat' dir='ltr'>(aiunt)</span> <span class='ocrx_word' id='word_1_98' title='bbox 773 1139 881 1201; x_wconf 80' lang='lat' dir='ltr'>Oleum</span> <span class='ocrx_word' id='word_1_99' title='bbox 897 1137 1095 1202; x_wconf 87' lang='lat' dir='ltr'>intirmorum</span> <span class='ocrx_word' id='word_1_100' title='bbox 1113 1145 1144 1202; x_wconf 88' lang='lat' dir='ltr'>et</span> <span class='ocrx_word' id='word_1_101' title='bbox 1162 1139 1304 1204; x_wconf 73' lang='lat' dir='ltr'>chrisma</span> <span class='ocrx_word' id='word_1_102' title='bbox 1318 1143 1416 1205; x_wconf 83' lang='lat' dir='ltr'>valide</span> 
     </span>
     <span class='ocr_line' id='line_1_12' title="bbox 144 1225 1415 1311; baseline 0 -18"><span class='ocrx_word' id='word_1_103' title='bbox 144 1230 287 1293; x_wconf 90' lang='lat' dir='ltr'>adhibere</span> <span class='ocrx_word' id='word_1_104' title='bbox 309 1236 439 1309; x_wconf 83' lang='lat' dir='ltr'>possunt</span> <span class='ocrx_word' id='word_1_105' title='bbox 462 1229 500 1290; x_wconf 89' lang='lat' dir='ltr'>ad</span> <span class='ocrx_word' id='word_1_106' title='bbox 518 1228 678 1290; x_wconf 86' lang='lat' dir='ltr'>unctiones</span> <span class='ocrx_word' id='word_1_107' title='bbox 700 1225 861 1289; x_wconf 85' lang='lat' dir='ltr'>faciendas.</span> <span class='ocrx_word' id='word_1_108' title='bbox 885 1226 947 1288; x_wconf 81' lang='lat' dir='ltr'>Alii</span> <span class='ocrx_word' id='word_1_109' title='bbox 968 1245 1039 1290; x_wconf 84' lang='lat' dir='ltr'>vero</span> <span class='ocrx_word' id='word_1_110' title='bbox 1058 1227 1228 1304; x_wconf 89' lang='lat' dir='ltr'>affirmant,</span> <span class='ocrx_word' id='word_1_111' title='bbox 1243 1231 1317 1311; x_wconf 84' lang='lat' dir='ltr'>qula</span> <span class='ocrx_word' id='word_1_112' title='bbox 1335 1231 1415 1295; x_wconf 91' lang='lat' dir='ltr'>sicut</span> 
     </span>
     <span class='ocr_line' id='line_1_13' title="bbox 144 1314 1416 1397; baseline 0.002 -16"><span class='ocrx_word' id='word_1_113' title='bbox 144 1319 285 1382; x_wconf 76' lang='lat' dir='ltr'>chrisma</span> <span class='ocrx_word' id='word_1_114' title='bbox 306 1317 517 1380; x_wconf 87' lang='lat' dir='ltr'>benedictione</span> <span class='ocrx_word' id='word_1_115' title='bbox 545 1315 667 1397; x_wconf 85' lang='lat' dir='ltr'>propria</span> <span class='ocrx_word' id='word_1_116' title='bbox 694 1333 748 1396; x_wconf 93' lang='lat' dir='ltr'>pro</span> <span class='ocrx_word' id='word_1_117' title='bbox 775 1314 1013 1378; x_wconf 76' lang='lat' dir='ltr'>Confirmationa</span> <span class='ocrx_word' id='word_1_118' title='bbox 1044 1316 1220 1396; x_wconf 86' lang='lat' dir='ltr'>deputatur,</span> <span class='ocrx_word' id='word_1_119' title='bbox 1249 1319 1294 1382; x_wconf 90' lang='lat' dir='ltr'>ita</span> <span class='ocrx_word' id='word_1_120' title='bbox 1322 1321 1416 1384; x_wconf 84' lang='lat' dir='ltr'>etiam</span> 
     </span>
     <span class='ocr_line' id='line_1_14' title="bbox 144 1403 1416 1488; baseline 0.001 -18"><span class='ocrx_word' id='word_1_121' title='bbox 144 1408 251 1471; x_wconf 86' lang='lat' dir='ltr'>Oleum</span> <span class='ocrx_word' id='word_1_122' title='bbox 271 1407 467 1469; x_wconf 86' lang='lat' dir='ltr'>infirmorum</span> <span class='ocrx_word' id='word_1_123' title='bbox 488 1423 543 1486; x_wconf 87' lang='lat' dir='ltr'>pro</span> <span class='ocrx_word' id='word_1_124' title='bbox 565 1407 762 1468; x_wconf 78' lang='lat' dir='ltr'>sacramento</span> <span class='ocrx_word' id='word_1_125' title='bbox 782 1407 934 1466; x_wconf 74' lang='lat' dir='ltr'>Extrema</span> <span class='ocrx_word' id='word_1_126' title='bbox 955 1403 1125 1468; x_wconf 89' lang='lat' dir='ltr'>Unctionis.</span> <span class='ocrx_word' id='word_1_127' title='bbox 1149 1409 1185 1469; x_wconf 91' lang='lat' dir='ltr'>ln</span> <span class='ocrx_word' id='word_1_128' title='bbox 1207 1409 1294 1488; x_wconf 75' lang='lat' dir='ltr'>praxi</span> <span class='ocrx_word' id='word_1_129' title='bbox 1315 1409 1416 1472; x_wconf 84' lang='lat' dir='ltr'>tutius</span> 
     </span>
     <span class='ocr_line' id='line_1_15' title="bbox 144 1492 1416 1577; baseline 0.002 -19"><span class='ocrx_word' id='word_1_130' title='bbox 144 1496 270 1559; x_wconf 92' lang='lat' dir='ltr'>omnino</span> <span class='ocrx_word' id='word_1_131' title='bbox 285 1496 474 1577; x_wconf 87' lang='lat' dir='ltr'>sequendum</span> <span class='ocrx_word' id='word_1_132' title='bbox 488 1500 545 1569; x_wconf 88' lang='lat' dir='ltr'>est,</span> <span class='ocrx_word' id='word_1_133' title='bbox 560 1501 681 1574; x_wconf 88' lang='lat' dir='ltr'>excepto</span> <span class='ocrx_word' id='word_1_134' title='bbox 696 1492 887 1556; x_wconf 86' lang='lat' dir='ltr'>necessitatis</span> <span class='ocrx_word' id='word_1_135' title='bbox 902 1511 990 1569; x_wconf 85' lang='lat' dir='ltr'>casu,</span> <span class='ocrx_word' id='word_1_136' title='bbox 1006 1493 1041 1556; x_wconf 90' lang='lat' dir='ltr'>in</span> <span class='ocrx_word' id='word_1_137' title='bbox 1058 1512 1118 1575; x_wconf 88' lang='lat' dir='ltr'>quo</span> <span class='ocrx_word' id='word_1_138' title='bbox 1131 1496 1416 1560; x_wconf 76' lang='lat' dir='ltr'>adnuenstrandum</span> 
     </span>
     <span class='ocr_line' id='line_1_16' title="bbox 144 1581 1417 1667; baseline 0.002 -21"><span class='ocrx_word' id='word_1_139' title='bbox 144 1589 190 1647; x_wconf 85' lang='lat' dir='ltr'>est</span> <span class='ocrx_word' id='word_1_140' title='bbox 202 1585 258 1647; x_wconf 93' lang='lat' dir='ltr'>boc</span> <span class='ocrx_word' id='word_1_141' title='bbox 273 1587 505 1646; x_wconf 71' lang='lat' dir='ltr'>Sacramentum</span> <span class='ocrx_word' id='word_1_142' title='bbox 523 1583 580 1646; x_wconf 91' lang='lat' dir='ltr'>sub</span> <span class='ocrx_word' id='word_1_143' title='bbox 599 1582 773 1645; x_wconf 88' lang='lat' dir='ltr'>conditione</span> <span class='ocrx_word' id='word_1_144' title='bbox 789 1599 861 1644; x_wconf 88' lang='lat' dir='ltr'>cum</span> <span class='ocrx_word' id='word_1_145' title='bbox 880 1581 939 1644; x_wconf 90' lang='lat' dir='ltr'>alio</span> <span class='ocrx_word' id='word_1_146' title='bbox 957 1583 1026 1644; x_wconf 88' lang='lat' dir='ltr'>Oloo</span> <span class='ocrx_word' id='word_1_147' title='bbox 1044 1583 1215 1658; x_wconf 87' lang='lat' dir='ltr'>benedicto,</span> <span class='ocrx_word' id='word_1_148' title='bbox 1232 1592 1262 1647; x_wconf 90' lang='lat' dir='ltr'>et</span> <span class='ocrx_word' id='word_1_149' title='bbox 1274 1595 1376 1667; x_wconf 79' lang='lat' dir='ltr'>postea</span> <span class='ocrx_word' id='word_1_150' title='bbox 1391 1587 1417 1648; x_wconf 91' lang='lat' dir='ltr'>si</span> 
     </span>
     <span class='ocr_line' id='line_1_17' title="bbox 144 1669 1266 1750; baseline -0.001 -15"><span class='ocrx_word' id='word_1_151' title='bbox 144 1673 251 1736; x_wconf 88' lang='lat' dir='ltr'>Oleum</span> <span class='ocrx_word' id='word_1_152' title='bbox 264 1671 458 1734; x_wconf 87' lang='lat' dir='ltr'>infirmorum</span> <span class='ocrx_word' id='word_1_153' title='bbox 468 1670 575 1732; x_wconf 86' lang='lat' dir='ltr'>haberi</span> <span class='ocrx_word' id='word_1_154' title='bbox 589 1675 706 1750; x_wconf 86' lang='lat' dir='ltr'>potest,</span> <span class='ocrx_word' id='word_1_155' title='bbox 721 1669 899 1731; x_wconf 88' lang='lat' dir='ltr'>iterandum</span> <span class='ocrx_word' id='word_1_156' title='bbox 911 1675 966 1730; x_wconf 86' lang='lat' dir='ltr'>cst.</span> <span class='ocrx_word' id='word_1_157' title='bbox 982 1705 1022 1716; x_wconf 90' lang='lat'>-</span> <span class='ocrx_word' id='word_1_158' title='bbox 1035 1669 1070 1730; x_wconf 87' lang='lat' dir='ltr'>S.</span> <span class='ocrx_word' id='word_1_159' title='bbox 1089 1670 1170 1750; x_wconf 69' lang='lat' dir='ltr'>Lip„</span> <span class='ocrx_word' id='word_1_160' title='bbox 1192 1674 1266 1735; x_wconf 77' lang='lat' dir='ltr'>z&#39;tr&#39;d.</span> 
     </span>
    </p>

    <p class='ocr_par' dir='ltr' id='par_1_6' title="bbox 145 1756 1420 2969">
     <span class='ocr_line' id='line_1_18' title="bbox 185 1756 1417 1842; baseline 0.002 -19"><span class='ocrx_word' id='word_1_161' title='bbox 185 1760 256 1823; x_wconf 83' lang='lat' dir='ltr'>Dixi</span> <span class='ocrx_word' id='word_1_162' title='bbox 270 1760 328 1822; x_wconf 91' lang='lat' dir='ltr'>alio</span> <span class='ocrx_word' id='word_1_163' title='bbox 341 1760 410 1822; x_wconf 87' lang='lat' dir='ltr'>Oleo</span> <span class='ocrx_word' id='word_1_164' title='bbox 423 1759 581 1821; x_wconf 85' lang='lat' dir='ltr'>benedicto</span> <span class='ocrx_word' id='word_1_165' title='bbox 596 1778 604 1819; x_wconf 93' lang='lat'>:</span> <span class='ocrx_word' id='word_1_166' title='bbox 621 1776 694 1820; x_wconf 90' lang='lat' dir='ltr'>nam</span> <span class='ocrx_word' id='word_1_167' title='bbox 708 1757 819 1836; x_wconf 78' lang='lat' dir='ltr'>triplex</span> <span class='ocrx_word' id='word_1_168' title='bbox 831 1756 1038 1836; x_wconf 86' lang='lat' dir='ltr'>distinguitur</span> <span class='ocrx_word' id='word_1_169' title='bbox 1049 1759 1155 1820; x_wconf 88' lang='lat' dir='ltr'>Oleum</span> <span class='ocrx_word' id='word_1_170' title='bbox 1168 1767 1320 1836; x_wconf 85' lang='lat' dir='ltr'>sunctum,</span> <span class='ocrx_word' id='word_1_171' title='bbox 1337 1766 1417 1842; x_wconf 90' lang='lat' dir='ltr'>quod</span> 
     </span>
     <span class='ocr_line' id='line_1_19' title="bbox 145 1844 1415 1927; baseline 0.002 -17"><span class='ocrx_word' id='word_1_172' title='bbox 145 1849 180 1910; x_wconf 92' lang='lat' dir='ltr'>in</span> <span class='ocrx_word' id='word_1_173' title='bbox 201 1849 307 1910; x_wconf 90' lang='lat' dir='ltr'>eadem</span> <span class='ocrx_word' id='word_1_174' title='bbox 330 1846 509 1910; x_wconf 74' lang='lat' dir='ltr'>caeremonia</span> <span class='ocrx_word' id='word_1_175' title='bbox 532 1845 608 1908; x_wconf 77' lang='lat' dir='ltr'>feria</span> <span class='ocrx_word' id='word_1_176' title='bbox 629 1849 655 1906; x_wconf 95' lang='lat' dir='ltr'>V</span> <span class='ocrx_word' id='word_1_177' title='bbox 676 1845 711 1908; x_wconf 93' lang='lat' dir='ltr'>in</span> <span class='ocrx_word' id='word_1_178' title='bbox 732 1848 824 1908; x_wconf 87' lang='lat' dir='ltr'>Coeua</span> <span class='ocrx_word' id='word_1_179' title='bbox 847 1844 970 1906; x_wconf 87' lang='lat' dir='ltr'>Domini</span> <span class='ocrx_word' id='word_1_180' title='bbox 987 1846 1025 1908; x_wconf 87' lang='lat' dir='ltr'>ab</span> <span class='ocrx_word' id='word_1_181' title='bbox 1051 1845 1197 1927; x_wconf 89' lang='lat' dir='ltr'>Episcopo</span> <span class='ocrx_word' id='word_1_182' title='bbox 1216 1849 1415 1926; x_wconf 74' lang='lat' dir='ltr'>benedicitur,</span> 
     </span>
     <span class='ocr_line' id='line_1_20' title="bbox 147 1933 1415 2014; baseline 0.002 -16"><span class='ocrx_word' id='word_1_183' title='bbox 147 1936 261 1998; x_wconf 90' lang='lat' dir='ltr'>scilicet</span> <span class='ocrx_word' id='word_1_184' title='bbox 272 1936 380 1997; x_wconf 89' lang='lat' dir='ltr'>Oleum</span> <span class='ocrx_word' id='word_1_185' title='bbox 391 1935 603 2006; x_wconf 87' lang='lat' dir='ltr'>infirmorum,</span> <span class='ocrx_word' id='word_1_186' title='bbox 621 1934 728 1997; x_wconf 89' lang='lat' dir='ltr'>Oleum</span> <span class='ocrx_word' id='word_1_187' title='bbox 740 1933 1045 2008; x_wconf 80' lang='lat' dir='ltr'>catechumenorum,</span> <span class='ocrx_word' id='word_1_188' title='bbox 1062 1939 1092 1996; x_wconf 87' lang='lat' dir='ltr'>et</span> <span class='ocrx_word' id='word_1_189' title='bbox 1105 1943 1247 1998; x_wconf 88' lang='lat' dir='ltr'>sanctum</span> <span class='ocrx_word' id='word_1_190' title='bbox 1258 1939 1415 2014; x_wconf 77' lang='lat' dir='ltr'>chrisma,</span> 
     </span>
     <span class='ocr_line' id='line_1_21' title="bbox 147 2022 1418 2090; baseline 0.003 -4"><span class='ocrx_word' id='word_1_191' title='bbox 147 2043 200 2087; x_wconf 90' lang='lat' dir='ltr'>seu</span> <span class='ocrx_word' id='word_1_192' title='bbox 226 2024 327 2086; x_wconf 86' lang='lat' dir='ltr'>oleum</span> <span class='ocrx_word' id='word_1_193' title='bbox 346 2041 418 2086; x_wconf 88' lang='lat' dir='ltr'>cum</span> <span class='ocrx_word' id='word_1_194' title='bbox 437 2023 572 2086; x_wconf 90' lang='lat' dir='ltr'>balsamo</span> <span class='ocrx_word' id='word_1_195' title='bbox 591 2022 786 2084; x_wconf 78' lang='lat' dir='ltr'>immixtum.</span> <span class='ocrx_word' id='word_1_196' title='bbox 808 2029 842 2084; x_wconf 82' lang='lat'>1⁰</span> <span class='ocrx_word' id='word_1_197' title='bbox 860 2022 968 2084; x_wconf 85' lang='lat' dir='ltr'>Oleum</span> <span class='ocrx_word' id='word_1_198' title='bbox 987 2022 1182 2086; x_wconf 86' lang='lat' dir='ltr'>infirmorum</span> <span class='ocrx_word' id='word_1_199' title='bbox 1201 2043 1264 2088; x_wconf 89' lang='lat' dir='ltr'>non</span> <span class='ocrx_word' id='word_1_200' title='bbox 1288 2027 1418 2090; x_wconf 87' lang='lat' dir='ltr'>inservit</span> 
     </span>
     <span class='ocr_line' id='line_1_22' title="bbox 145 2109 1418 2192; baseline 0.003 -17"><span class='ocrx_word' id='word_1_201' title='bbox 145 2113 209 2175; x_wconf 88' lang='lat' dir='ltr'>nisi</span> <span class='ocrx_word' id='word_1_202' title='bbox 226 2113 265 2174; x_wconf 89' lang='lat' dir='ltr'>ad</span> <span class='ocrx_word' id='word_1_203' title='bbox 279 2113 472 2192; x_wconf 82' lang='lat' dir='ltr'>inungendos</span> <span class='ocrx_word' id='word_1_204' title='bbox 487 2112 626 2174; x_wconf 88' lang='lat' dir='ltr'>infirmos</span> <span class='ocrx_word' id='word_1_205' title='bbox 641 2111 675 2172; x_wconf 89' lang='lat' dir='ltr'>iu</span> <span class='ocrx_word' id='word_1_206' title='bbox 689 2110 822 2190; x_wconf 89' lang='lat' dir='ltr'>periculo</span> <span class='ocrx_word' id='word_1_207' title='bbox 838 2109 946 2172; x_wconf 90' lang='lat' dir='ltr'>mortis</span> <span class='ocrx_word' id='word_1_208' title='bbox 965 2115 995 2172; x_wconf 91' lang='lat' dir='ltr'>et</span> <span class='ocrx_word' id='word_1_209' title='bbox 1013 2113 1051 2173; x_wconf 88' lang='lat' dir='ltr'>ad</span> <span class='ocrx_word' id='word_1_210' title='bbox 1065 2113 1321 2178; x_wconf 86' lang='lat' dir='ltr'>consecrationem</span> <span class='ocrx_word' id='word_1_211' title='bbox 1337 2135 1418 2179; x_wconf 85' lang='lat' dir='ltr'>cam-</span> 
     </span>
     <span class='ocr_line' id='line_1_23' title="bbox 146 2199 1416 2282; baseline 0.002 -18"><span class='ocrx_word' id='word_1_212' title='bbox 146 2219 297 2282; x_wconf 88' lang='lat' dir='ltr'>panarum</span> <span class='ocrx_word' id='word_1_213' title='bbox 326 2219 380 2280; x_wconf 94' lang='lat' dir='ltr'>pro</span> <span class='ocrx_word' id='word_1_214' title='bbox 409 2200 558 2264; x_wconf 87' lang='lat' dir='ltr'>Unctione</span> <span class='ocrx_word' id='word_1_215' title='bbox 584 2205 727 2275; x_wconf 63' lang='lat' dir='ltr'>exterum</span> <span class='ocrx_word' id='word_1_216' title='bbox 754 2217 828 2260; x_wconf 89' lang='lat' dir='ltr'>nam</span> <span class='ocrx_word' id='word_1_217' title='bbox 855 2217 910 2280; x_wconf 84' lang='lat' dir='ltr'>pro</span> <span class='ocrx_word' id='word_1_218' title='bbox 935 2199 1057 2262; x_wconf 85' lang='lat' dir='ltr'>interna</span> <span class='ocrx_word' id='word_1_219' title='bbox 1083 2201 1224 2266; x_wconf 76' lang='lat' dir='ltr'>chrisma</span> <span class='ocrx_word' id='word_1_220' title='bbox 1243 2205 1416 2268; x_wconf 74' lang='lat' dir='ltr'>adhibetur.</span> 
     </span>
     <span class='ocr_line' id='line_1_24' title="bbox 145 2287 1417 2372; baseline 0.004 -20"><span class='ocrx_word' id='word_1_221' title='bbox 145 2294 178 2352; x_wconf 70' lang='grc' dir='ltr'>κ’</span> <span class='ocrx_word' id='word_1_222' title='bbox 191 2291 297 2354; x_wconf 88' lang='lat' dir='ltr'>Oleum</span> <span class='ocrx_word' id='word_1_223' title='bbox 311 2289 600 2352; x_wconf 80' lang='lat' dir='ltr'>catechumenorum</span> <span class='ocrx_word' id='word_1_224' title='bbox 612 2289 776 2368; x_wconf 89' lang='lat' dir='ltr'>deputatur</span> <span class='ocrx_word' id='word_1_225' title='bbox 790 2288 828 2350; x_wconf 84' lang='lat' dir='ltr'>ad</span> <span class='ocrx_word' id='word_1_226' title='bbox 843 2287 1075 2352; x_wconf 69' lang='lat' dir='ltr'>catechumenos</span> <span class='ocrx_word' id='word_1_227' title='bbox 1092 2297 1163 2353; x_wconf 90' lang='lat' dir='ltr'>aute</span> <span class='ocrx_word' id='word_1_228' title='bbox 1177 2293 1372 2372; x_wconf 85' lang='lat' dir='ltr'>Baptismrun</span> <span class='ocrx_word' id='word_1_229' title='bbox 1384 2295 1417 2357; x_wconf 91' lang='lat' dir='ltr'>in</span> 
     </span>
     <span class='ocr_line' id='line_1_25' title="bbox 146 2377 1420 2460; baseline 0.005 -19"><span class='ocrx_word' id='word_1_230' title='bbox 146 2383 263 2460; x_wconf 76' lang='lat' dir='ltr'>pectore</span> <span class='ocrx_word' id='word_1_231' title='bbox 286 2386 315 2442; x_wconf 86' lang='lat' dir='ltr'>et</span> <span class='ocrx_word' id='word_1_232' title='bbox 337 2379 418 2440; x_wconf 88' lang='lat' dir='ltr'>inter</span> <span class='ocrx_word' id='word_1_233' title='bbox 439 2378 576 2458; x_wconf 85' lang='lat' dir='ltr'>scapulas</span> <span class='ocrx_word' id='word_1_234' title='bbox 601 2377 810 2456; x_wconf 81' lang='lat' dir='ltr'>inungendos,</span> <span class='ocrx_word' id='word_1_235' title='bbox 835 2378 874 2440; x_wconf 88' lang='lat' dir='ltr'>ad</span> <span class='ocrx_word' id='word_1_236' title='bbox 892 2395 1005 2440; x_wconf 87' lang='lat' dir='ltr'>manus</span> <span class='ocrx_word' id='word_1_237' title='bbox 1024 2381 1300 2444; x_wconf 86' lang='lat' dir='ltr'>neo-sacerdotum</span> <span class='ocrx_word' id='word_1_238' title='bbox 1320 2401 1420 2446; x_wconf 88' lang='lat' dir='ltr'>conse·</span> 
     </span>
     <span class='ocr_line' id='line_1_26' title="bbox 147 2465 1419 2549; baseline 0.005 -19"><span class='ocrx_word' id='word_1_239' title='bbox 147 2468 289 2544; x_wconf 85' lang='lat' dir='ltr'>orandas,</span> <span class='ocrx_word' id='word_1_240' title='bbox 303 2486 422 2530; x_wconf 87' lang='lat' dir='ltr'>necnon</span> <span class='ocrx_word' id='word_1_241' title='bbox 447 2467 482 2529; x_wconf 89' lang='lat' dir='ltr'>ad</span> <span class='ocrx_word' id='word_1_242' title='bbox 508 2466 672 2530; x_wconf 88' lang='lat' dir='ltr'>nonnullas</span> <span class='ocrx_word' id='word_1_243' title='bbox 698 2465 773 2528; x_wconf 84' lang='lat' dir='ltr'>alias</span> <span class='ocrx_word' id='word_1_244' title='bbox 794 2466 1055 2541; x_wconf 86' lang='lat' dir='ltr'>consecrationes,</span> <span class='ocrx_word' id='word_1_245' title='bbox 1071 2487 1101 2530; x_wconf 84' lang='lat' dir='ltr'>v.</span> <span class='ocrx_word' id='word_1_246' title='bbox 1124 2487 1184 2549; x_wconf 77' lang='lat' dir='ltr'>gn,</span> <span class='ocrx_word' id='word_1_247' title='bbox 1206 2471 1245 2532; x_wconf 85' lang='lat' dir='ltr'>ed</span> <span class='ocrx_word' id='word_1_248' title='bbox 1260 2489 1419 2536; x_wconf 85' lang='lat' dir='ltr'>consecra-</span> 
     </span>
     <span class='ocr_line' id='line_1_27' title="bbox 148 2554 1419 2638; baseline 0.006 -20"><span class='ocrx_word' id='word_1_249' title='bbox 148 2555 263 2618; x_wconf 89' lang='lat' dir='ltr'>tionem</span> <span class='ocrx_word' id='word_1_250' title='bbox 283 2573 405 2638; x_wconf 89' lang='lat' dir='ltr'>regum,</span> <span class='ocrx_word' id='word_1_251' title='bbox 437 2563 494 2618; x_wconf 85' lang='lat' dir='ltr'>etc.</span> <span class='ocrx_word' id='word_1_252' title='bbox 525 2561 560 2620; x_wconf 81' lang='lat'>3⁰</span> <span class='ocrx_word' id='word_1_253' title='bbox 586 2554 728 2618; x_wconf 85' lang='lat' dir='ltr'>Chrisma</span> <span class='ocrx_word' id='word_1_254' title='bbox 749 2573 819 2617; x_wconf 86' lang='lat' dir='ltr'>roro</span> <span class='ocrx_word' id='word_1_255' title='bbox 842 2555 1007 2618; x_wconf 86' lang='lat' dir='ltr'>adhibetur</span> <span class='ocrx_word' id='word_1_256' title='bbox 1029 2555 1064 2618; x_wconf 88' lang='lat' dir='ltr'>in</span> <span class='ocrx_word' id='word_1_257' title='bbox 1088 2561 1282 2622; x_wconf 80' lang='lat' dir='ltr'>Sacramenta</span> <span class='ocrx_word' id='word_1_258' title='bbox 1304 2563 1419 2625; x_wconf 80' lang='lat' dir='ltr'>Confir-</span> 
     </span>
     <span class='ocr_line' id='line_1_28' title="bbox 147 2643 1420 2724; baseline 0.006 -18"><span class='ocrx_word' id='word_1_259' title='bbox 147 2645 308 2718; x_wconf 88' lang='lat' dir='ltr'>mationis,</span> <span class='ocrx_word' id='word_1_260' title='bbox 324 2643 363 2706; x_wconf 85' lang='lat' dir='ltr'>in</span> <span class='ocrx_word' id='word_1_261' title='bbox 386 2643 575 2707; x_wconf 79' lang='lat' dir='ltr'>ceremoniis</span> <span class='ocrx_word' id='word_1_262' title='bbox 595 2643 761 2724; x_wconf 79' lang='lat' dir='ltr'>baptismi,</span> <span class='ocrx_word' id='word_1_263' title='bbox 772 2645 839 2723; x_wconf 82' lang='lat' dir='ltr'>jam</span> <span class='ocrx_word' id='word_1_264' title='bbox 855 2643 961 2706; x_wconf 85' lang='lat' dir='ltr'>collato</span> <span class='ocrx_word' id='word_1_265' title='bbox 983 2647 1192 2720; x_wconf 81' lang='lat' dir='ltr'>sacramento,</span> <span class='ocrx_word' id='word_1_266' title='bbox 1209 2653 1241 2710; x_wconf 94' lang='lat' dir='ltr'>et</span> <span class='ocrx_word' id='word_1_267' title='bbox 1259 2650 1297 2710; x_wconf 84' lang='lat' dir='ltr'>ad</span> <span class='ocrx_word' id='word_1_268' title='bbox 1319 2652 1420 2714; x_wconf 86' lang='lat' dir='ltr'>varias</span> 
     </span>
     <span class='ocr_line' id='line_1_29' title="bbox 148 2731 1418 2816; baseline 0.006 -22"><span class='ocrx_word' id='word_1_269' title='bbox 148 2732 403 2806; x_wconf 72' lang='lat' dir='ltr'>consecrationes,</span> <span class='ocrx_word' id='word_1_270' title='bbox 424 2751 455 2792; x_wconf 81' lang='lat' dir='ltr'>v.</span> <span class='ocrx_word' id='word_1_271' title='bbox 478 2751 536 2811; x_wconf 66' lang='lat' dir='ltr'>gr„</span> <span class='ocrx_word' id='word_1_272' title='bbox 556 2731 672 2806; x_wconf 87' lang='lat' dir='ltr'>calicis,</span> <span class='ocrx_word' id='word_1_273' title='bbox 692 2737 825 2811; x_wconf 74' lang='lat' dir='ltr'>pateam,</span> <span class='ocrx_word' id='word_1_274' title='bbox 846 2731 969 2806; x_wconf 76' lang='lat' dir='ltr'>altone,</span> <span class='ocrx_word' id='word_1_275' title='bbox 988 2751 1142 2813; x_wconf 81' lang='lat' dir='ltr'>campanas</span> <span class='ocrx_word' id='word_1_276' title='bbox 1162 2735 1335 2816; x_wconf 77' lang='lat' dir='ltr'>(interius),</span> <span class='ocrx_word' id='word_1_277' title='bbox 1361 2745 1418 2801; x_wconf 89' lang='lat' dir='ltr'>etc.</span> 
     </span>
     <span class='ocr_line' id='line_1_30' title="bbox 147 2817 1420 2898; baseline 0.008 -20"><span class='ocrx_word' id='word_1_278' title='bbox 147 2855 188 2866; x_wconf 94' lang='lat'>-</span> <span class='ocrx_word' id='word_1_279' title='bbox 217 2819 289 2880; x_wconf 79' lang='lat' dir='ltr'>Vc&#39;de</span> <span class='ocrx_word' id='word_1_280' title='bbox 307 2817 491 2898; x_wconf 73' lang='lat' dir='ltr'>Pontificale</span> <span class='ocrx_word' id='word_1_281' title='bbox 509 2819 699 2896; x_wconf 79' lang='lat' dir='ltr'>Romanam,</span> <span class='ocrx_word' id='word_1_282' title='bbox 716 2818 887 2897; x_wconf 83' lang='lat' dir='ltr'>praesertim</span> <span class='ocrx_word' id='word_1_283' title='bbox 908 2819 963 2882; x_wconf 83' lang='lat' dir='ltr'>ubi</span> <span class='ocrx_word' id='word_1_284' title='bbox 981 2820 1019 2882; x_wconf 89' lang='lat' dir='ltr'>de</span> <span class='ocrx_word' id='word_1_285' title='bbox 1035 2821 1224 2884; x_wconf 69' lang='lat' dir='ltr'>ceremoniis</span> <span class='ocrx_word' id='word_1_286' title='bbox 1238 2823 1333 2886; x_wconf 80' lang='lat' dir='ltr'>Feriae</span> <span class='ocrx_word' id='word_1_287' title='bbox 1347 2830 1373 2888; x_wconf 95' lang='lat' dir='ltr'>V</span> <span class='ocrx_word' id='word_1_288' title='bbox 1387 2831 1420 2888; x_wconf 83' lang='lat' dir='ltr'>c&#39;n</span> 
     </span>
     <span class='ocr_line' id='line_1_31' title="bbox 151 2905 389 2969; baseline -0.021 0"><span class='ocrx_word' id='word_1_289' title='bbox 151 2905 244 2969; x_wconf 77' lang='lat' dir='ltr'>Cena</span> <span class='ocrx_word' id='word_1_290' title='bbox 254 2906 389 2967; x_wconf 81' lang='lat' dir='ltr'>Domini.</span> 
     </span>
    </p>

    <p class='ocr_par' dir='ltr' id='par_1_7' title="bbox 147 2994 1421 3146">
     <span class='ocr_line' id='line_1_32' title="bbox 188 2994 1421 3076; baseline 0.006 -20"><span class='ocrx_word' id='word_1_291' title='bbox 188 2999 260 3060; x_wconf 81' lang='grc'><strong>618.</strong></span> <span class='ocrx_word' id='word_1_292' title='bbox 277 3029 317 3039; x_wconf 93' lang='grc'>-</span> <span class='ocrx_word' id='word_1_293' title='bbox 331 2995 434 3070; x_wconf 75' lang='lat' dir='ltr'>Quen.</span> <span class='ocrx_word' id='word_1_294' title='bbox 455 2997 488 3058; x_wconf 80' lang='lat'>5⁰</span> <span class='ocrx_word' id='word_1_295' title='bbox 506 2994 558 3055; x_wconf 81' lang='lat' dir='ltr'>An</span> <span class='ocrx_word' id='word_1_296' title='bbox 582 2996 683 3053; x_wconf 76' lang='lat' dir='ltr'>ceretto</span> <span class='ocrx_word' id='word_1_297' title='bbox 705 2995 838 3076; x_wconf 76' lang='lat' dir='ltr'>quiaque</span> <span class='ocrx_word' id='word_1_298' title='bbox 857 3013 995 3058; x_wconf 81' lang='lat' dir='ltr'>sensuum</span> <span class='ocrx_word' id='word_1_299' title='bbox 1011 2997 1053 3058; x_wconf 81' lang='lat' dir='ltr'>sit</span> <span class='ocrx_word' id='word_1_300' title='bbox 1068 2995 1106 3060; x_wconf 86' lang='lat' dir='ltr'>de</span> <span class='ocrx_word' id='word_1_301' title='bbox 1124 3003 1297 3062; x_wconf 70' lang='lat' dir='ltr'>necessitate</span> <span class='ocrx_word' id='word_1_302' title='bbox 1309 2999 1421 3064; x_wconf 83' lang='lat' dir='ltr'>Serra-</span> 
     </span>
     <span class='ocr_line' id='line_1_33' title="bbox 147 3082 263 3146; baseline -0.026 0"><span class='ocrx_word' id='word_1_303' title='bbox 147 3082 263 3146; x_wconf 82' lang='lat' dir='ltr'>menti?</span> 
     </span>
    </p>

    <p class='ocr_par' dir='ltr' id='par_1_8' title="bbox 149 3169 1423 3874">
     <span class='ocr_line' id='line_1_34' title="bbox 189 3169 1422 3254; baseline 0.006 -20"><span class='ocrx_word' id='word_1_304' title='bbox 189 3174 283 3254; x_wconf 84' lang='lat' dir='ltr'>Ilesp.</span> <span class='ocrx_word' id='word_1_305' title='bbox 305 3191 318 3232; x_wconf 91' lang='lat'>.·</span> <span class='ocrx_word' id='word_1_306' title='bbox 339 3169 538 3250; x_wconf 81' lang='lat' dir='ltr'>Probabilius</span> <span class='ocrx_word' id='word_1_307' title='bbox 556 3169 774 3233; x_wconf 86' lang='lat' dir='ltr'>affirmandum</span> <span class='ocrx_word' id='word_1_308' title='bbox 796 3171 918 3235; x_wconf 81' lang='lat' dir='ltr'>ridetur</span> <span class='ocrx_word' id='word_1_309' title='bbox 941 3191 1013 3234; x_wconf 90' lang='lat' dir='ltr'>eum</span> <span class='ocrx_word' id='word_1_310' title='bbox 1039 3177 1192 3240; x_wconf 88' lang='lat' dir='ltr'>sententia</span> <span class='ocrx_word' id='word_1_311' title='bbox 1217 3179 1422 3242; x_wconf 88' lang='lat' dir='ltr'>communiori</span> 
     </span>
     <span class='ocr_line' id='line_1_35' title="bbox 149 3258 1423 3341; baseline 0.005 -17"><span class='ocrx_word' id='word_1_312' title='bbox 149 3261 375 3341; x_wconf 87' lang='lat' dir='ltr'>theologorum,</span> <span class='ocrx_word' id='word_1_313' title='bbox 400 3259 450 3321; x_wconf 93' lang='lat' dir='ltr'>cui</span> <span class='ocrx_word' id='word_1_314' title='bbox 469 3265 612 3322; x_wconf 89' lang='lat' dir='ltr'>consonat</span> <span class='ocrx_word' id='word_1_315' title='bbox 634 3258 737 3339; x_wconf 79' lang='lat' dir='ltr'>praxis</span> <span class='ocrx_word' id='word_1_316' title='bbox 756 3259 909 3336; x_wconf 71' lang='lat' dir='ltr'>Ecclesin;</span> <span class='ocrx_word' id='word_1_317' title='bbox 926 3261 991 3323; x_wconf 86' lang='lat' dir='ltr'>haec</span> <span class='ocrx_word' id='word_1_318' title='bbox 1009 3267 1129 3338; x_wconf 89' lang='lat' dir='ltr'>autem,</span> <span class='ocrx_word' id='word_1_319' title='bbox 1147 3266 1260 3328; x_wconf 85' lang='lat' dir='ltr'>secluso</span> <span class='ocrx_word' id='word_1_320' title='bbox 1282 3285 1353 3329; x_wconf 89' lang='lat' dir='ltr'>casu</span> <span class='ocrx_word' id='word_1_321' title='bbox 1371 3287 1423 3331; x_wconf 89' lang='lat' dir='ltr'>ne-</span> 
     </span>
     <span class='ocr_line' id='line_1_36' title="bbox 149 3349 1422 3435; baseline 0.006 -23"><span class='ocrx_word' id='word_1_322' title='bbox 149 3350 314 3424; x_wconf 73' lang='lat' dir='ltr'>cassinus,</span> <span class='ocrx_word' id='word_1_323' title='bbox 339 3366 458 3429; x_wconf 90' lang='lat' dir='ltr'>semper</span> <span class='ocrx_word' id='word_1_324' title='bbox 484 3349 634 3410; x_wconf 86' lang='lat' dir='ltr'>servanda</span> <span class='ocrx_word' id='word_1_325' title='bbox 659 3353 715 3410; x_wconf 88' lang='lat' dir='ltr'>est.</span> <span class='ocrx_word' id='word_1_326' title='bbox 747 3349 904 3410; x_wconf 88' lang='lat' dir='ltr'>Sententia</span> <span class='ocrx_word' id='word_1_327' title='bbox 930 3353 1035 3411; x_wconf 91' lang='lat' dir='ltr'>tamen</span> <span class='ocrx_word' id='word_1_328' title='bbox 1070 3353 1211 3431; x_wconf 86' lang='lat' dir='ltr'>negativa</span> <span class='ocrx_word' id='word_1_329' title='bbox 1239 3357 1422 3435; x_wconf 89' lang='lat' dir='ltr'>speculative</span> 
     </span>
     <span class='ocr_line' id='line_1_37' title="bbox 150 3437 1423 3524; baseline 0.005 -22"><span class='ocrx_word' id='word_1_330' title='bbox 150 3437 314 3521; x_wconf 87' lang='lat' dir='ltr'>probabilis</span> <span class='ocrx_word' id='word_1_331' title='bbox 327 3438 471 3500; x_wconf 84' lang='lat' dir='ltr'>dicituro</span> <span class='ocrx_word' id='word_1_332' title='bbox 487 3438 522 3500; x_wconf 83' lang='lat' dir='ltr'>S.</span> <span class='ocrx_word' id='word_1_333' title='bbox 539 3437 623 3520; x_wconf 72' lang='lat' dir='ltr'>etp,</span> <span class='ocrx_word' id='word_1_334' title='bbox 640 3459 672 3498; x_wconf 82' lang='lat' dir='ltr'>n.</span> <span class='ocrx_word' id='word_1_335' title='bbox 690 3442 761 3500; x_wconf 81' lang='lat' dir='ltr'>rto.</span> <span class='ocrx_word' id='word_1_336' title='bbox 773 3471 816 3484; x_wconf 90' lang='lat'>—</span> <span class='ocrx_word' id='word_1_337' title='bbox 826 3439 862 3500; x_wconf 90' lang='lat' dir='ltr'>ln</span> <span class='ocrx_word' id='word_1_338' title='bbox 875 3455 948 3500; x_wconf 84' lang='lat' dir='ltr'>casu</span> <span class='ocrx_word' id='word_1_339' title='bbox 964 3438 1155 3502; x_wconf 87' lang='lat' dir='ltr'>necessitatis</span> <span class='ocrx_word' id='word_1_340' title='bbox 1172 3443 1310 3505; x_wconf 89' lang='lat' dir='ltr'>adhiberi</span> <span class='ocrx_word' id='word_1_341' title='bbox 1324 3453 1423 3524; x_wconf 87' lang='lat' dir='ltr'>potest</span> 
     </span>
     <span class='ocr_line' id='line_1_38' title="bbox 150 3525 1420 3610; baseline 0.006 -22"><span class='ocrx_word' id='word_1_342' title='bbox 150 3528 208 3591; x_wconf 89' lang='lat' dir='ltr'>sub</span> <span class='ocrx_word' id='word_1_343' title='bbox 219 3526 391 3590; x_wconf 89' lang='lat' dir='ltr'>conditione</span> <span class='ocrx_word' id='word_1_344' title='bbox 403 3525 494 3589; x_wconf 87' lang='lat' dir='ltr'>unica</span> <span class='ocrx_word' id='word_1_345' title='bbox 508 3526 613 3590; x_wconf 87' lang='lat' dir='ltr'>unctio</span> <span class='ocrx_word' id='word_1_346' title='bbox 630 3526 664 3588; x_wconf 90' lang='lat' dir='ltr'>in</span> <span class='ocrx_word' id='word_1_347' title='bbox 679 3525 781 3606; x_wconf 83' lang='lat' dir='ltr'>aliquo</span> <span class='ocrx_word' id='word_1_348' title='bbox 796 3545 903 3600; x_wconf 71' lang='lat' dir='ltr'>sensim</span> <span class='ocrx_word' id='word_1_349' title='bbox 921 3525 1073 3607; x_wconf 89' lang='lat' dir='ltr'>quinimo,</span> <span class='ocrx_word' id='word_1_350' title='bbox 1084 3527 1190 3610; x_wconf 90' lang='lat' dir='ltr'>inquit</span> <span class='ocrx_word' id='word_1_351' title='bbox 1200 3531 1315 3593; x_wconf 84' lang='lat' dir='ltr'>Bened.</span> <span class='ocrx_word' id='word_1_352' title='bbox 1331 3533 1381 3594; x_wconf 86' lang='lat' dir='ltr'>XI</span> <span class='ocrx_word' id='word_1_353' title='bbox 1388 3535 1420 3609; x_wconf 87' lang='lat' dir='ltr'>V,</span> 
     </span>
     <span class='ocr_line' id='line_1_39' title="bbox 151 3614 1423 3700; baseline 0.006 -24"><span class='ocrx_word' id='word_1_354' title='bbox 151 3615 187 3677; x_wconf 87' lang='lat' dir='ltr'>de</span> <span class='ocrx_word' id='word_1_355' title='bbox 202 3615 281 3697; x_wconf 78' lang='lat' dir='ltr'>Syn.</span> <span class='ocrx_word' id='word_1_356' title='bbox 299 3615 319 3676; x_wconf 88' lang='grc'>1.</span> <span class='ocrx_word' id='word_1_357' title='bbox 337 3617 419 3691; x_wconf 83' lang='grc'><strong>11111,</strong></span> <span class='ocrx_word' id='word_1_358' title='bbox 436 3635 461 3677; x_wconf 88' lang='lat' dir='ltr'>e.</span> <span class='ocrx_word' id='word_1_359' title='bbox 477 3631 528 3690; x_wconf 89' lang='lat' dir='ltr'>ru,</span> <span class='ocrx_word' id='word_1_360' title='bbox 545 3635 575 3676; x_wconf 82' lang='lat' dir='ltr'>n.</span> <span class='ocrx_word' id='word_1_361' title='bbox 591 3619 625 3690; x_wconf 83' lang='lat'>5,</span> <span class='ocrx_word' id='word_1_362' title='bbox 643 3621 718 3678; x_wconf 89' lang='lat' dir='ltr'>tunc</span> <span class='ocrx_word' id='word_1_363' title='bbox 734 3614 904 3678; x_wconf 86' lang='lat' dir='ltr'>consultius</span> <span class='ocrx_word' id='word_1_364' title='bbox 925 3621 988 3688; x_wconf 81' lang='lat' dir='ltr'>est,</span> <span class='ocrx_word' id='word_1_365' title='bbox 1005 3621 1041 3676; x_wconf 92' lang='lat' dir='ltr'>ut</span> <span class='ocrx_word' id='word_1_366' title='bbox 1053 3623 1158 3697; x_wconf 84' lang='lat' dir='ltr'>caput,</span> <span class='ocrx_word' id='word_1_367' title='bbox 1175 3637 1190 3680; x_wconf 91' lang='lat' dir='ltr'>e</span> <span class='ocrx_word' id='word_1_368' title='bbox 1207 3637 1267 3700; x_wconf 88' lang='lat' dir='ltr'>quo</span> <span class='ocrx_word' id='word_1_369' title='bbox 1282 3621 1423 3684; x_wconf 90' lang='lat' dir='ltr'>omnium</span> 
     </span>
     <span class='ocr_line' id='line_1_40' title="bbox 151 3703 1420 3792; baseline 0.007 -26"><span class='ocrx_word' id='word_1_370' title='bbox 151 3723 300 3768; x_wconf 83' lang='lat' dir='ltr'>sensuum</span> <span class='ocrx_word' id='word_1_371' title='bbox 323 3704 411 3768; x_wconf 86' lang='lat' dir='ltr'>nervi</span> <span class='ocrx_word' id='word_1_372' title='bbox 433 3703 635 3780; x_wconf 85' lang='lat' dir='ltr'>descendunt,</span> <span class='ocrx_word' id='word_1_373' title='bbox 650 3703 708 3767; x_wconf 87' lang='lat' dir='ltr'>snb</span> <span class='ocrx_word' id='word_1_374' title='bbox 730 3703 828 3768; x_wconf 87' lang='lat' dir='ltr'>forma</span> <span class='ocrx_word' id='word_1_375' title='bbox 844 3703 1012 3767; x_wconf 86' lang='lat' dir='ltr'>universali</span> <span class='ocrx_word' id='word_1_376' title='bbox 1031 3703 1086 3784; x_wconf 91' lang='lat' dir='ltr'>(do</span> <span class='ocrx_word' id='word_1_377' title='bbox 1106 3724 1167 3787; x_wconf 85' lang='lat' dir='ltr'>qua</span> <span class='ocrx_word' id='word_1_378' title='bbox 1188 3709 1276 3789; x_wconf 76' lang='lat' dir='ltr'>infra</span> <span class='ocrx_word' id='word_1_379' title='bbox 1289 3730 1320 3769; x_wconf 86' lang='lat' dir='ltr'>n.</span> <span class='ocrx_word' id='word_1_380' title='bbox 1335 3709 1420 3792; x_wconf 76' lang='grc'>683),</span> 
     </span>
     <span class='ocr_line' id='line_1_41' title="bbox 150 3793 330 3874; baseline 0.006 -20"><span class='ocrx_word' id='word_1_381' title='bbox 150 3793 330 3874; x_wconf 85' lang='lat' dir='ltr'>inungatur.</span> 
     </span>
    </p>

    <p class='ocr_par' dir='ltr' id='par_1_9' title="bbox 153 3881 1422 4054">
     <span class='ocr_line' id='line_1_42' title="bbox 191 3881 1422 3968; baseline 0.004 -23"><span class='ocrx_word' id='word_1_382' title='bbox 191 3886 261 3946; x_wconf 80' lang='lat'><strong>679.</strong></span> <span class='ocrx_word' id='word_1_383' title='bbox 277 3917 318 3928; x_wconf 92' lang='lat'><em>-</em></span> <span class='ocrx_word' id='word_1_384' title='bbox 337 3885 441 3958; x_wconf 76' lang='lat' dir='ltr'>Quen.</span> <span class='ocrx_word' id='word_1_385' title='bbox 466 3885 499 3944; x_wconf 76' lang='grc' dir='ltr'>6ο</span> <span class='ocrx_word' id='word_1_386' title='bbox 521 3881 572 3942; x_wconf 79' lang='lat' dir='ltr'>Aa</span> <span class='ocrx_word' id='word_1_387' title='bbox 593 3885 772 3964; x_wconf 78' lang='lat' dir='ltr'>requiretur</span> <span class='ocrx_word' id='word_1_388' title='bbox 790 3883 825 3946; x_wconf 87' lang='lat' dir='ltr'>de</span> <span class='ocrx_word' id='word_1_389' title='bbox 839 3887 1013 3945; x_wconf 83' lang='lat' dir='ltr'>necessitate</span> <span class='ocrx_word' id='word_1_390' title='bbox 1027 3883 1223 3947; x_wconf 81' lang='lat' dir='ltr'>Sacramenti</span> <span class='ocrx_word' id='word_1_391' title='bbox 1233 3889 1422 3968; x_wconf 75' lang='lat' dir='ltr'>qemincun-</span> 
     </span>
     <span class='ocr_line' id='line_1_43' title="bbox 153 3970 1347 4054; baseline 0.004 -22"><span class='ocrx_word' id='word_1_392' title='bbox 153 3973 214 4032; x_wconf 81' lang='lat' dir='ltr'>ctio</span> <span class='ocrx_word' id='word_1_393' title='bbox 228 3972 261 4031; x_wconf 81' lang='lat' dir='ltr'>in</span> <span class='ocrx_word' id='word_1_394' title='bbox 275 3971 407 4052; x_wconf 76' lang='lat' dir='ltr'>pemz&#39;m&#39;s</span> <span class='ocrx_word' id='word_1_395' title='bbox 419 3970 576 4050; x_wconf 82' lang='lat' dir='ltr'>pertidus,</span> <span class='ocrx_word' id='word_1_396' title='bbox 592 3991 621 4032; x_wconf 88' lang='lat' dir='ltr'>o.</span> <span class='ocrx_word' id='word_1_397' title='bbox 638 3991 700 4052; x_wconf 64' lang='lat' dir='ltr'>pt,</span> <span class='ocrx_word' id='word_1_398' title='bbox 717 3975 751 4032; x_wconf 81' lang='lat' dir='ltr'>in</span> <span class='ocrx_word' id='word_1_399' title='bbox 764 3981 892 4054; x_wconf 67' lang='lat' dir='ltr'>unoque</span> <span class='ocrx_word' id='word_1_400' title='bbox 906 3971 1003 4045; x_wconf 83' lang='lat' dir='ltr'>oculo,</span> <span class='ocrx_word' id='word_1_401' title='bbox 1019 3981 1148 4054; x_wconf 81' lang='lat' dir='ltr'>utroque</span> <span class='ocrx_word' id='word_1_402' title='bbox 1165 3993 1252 4044; x_wconf 81' lang='lat' dir='ltr'>aare,</span> <span class='ocrx_word' id='word_1_403' title='bbox 1272 3973 1347 4038; x_wconf 78' lang='lat' dir='ltr'>etc?</span> 
     </span>
    </p>

    <p class='ocr_par' dir='ltr' id='par_1_10' title="bbox 194 4058 1423 4142">
     <span class='ocr_line' id='line_1_44' title="bbox 194 4058 1423 4142; baseline 0.007 -23"><span class='ocrx_word' id='word_1_404' title='bbox 194 4059 283 4141; x_wconf 79' lang='lat' dir='ltr'>Besp.</span> <span class='ocrx_word' id='word_1_405' title='bbox 310 4059 400 4140; x_wconf 69' lang='lat' dir='ltr'>Nep„</span> <span class='ocrx_word' id='word_1_406' title='bbox 424 4058 498 4138; x_wconf 78' lang='lat' dir='ltr'>quia</span> <span class='ocrx_word' id='word_1_407' title='bbox 520 4076 629 4121; x_wconf 88' lang='lat' dir='ltr'>seusus</span> <span class='ocrx_word' id='word_1_408' title='bbox 651 4063 735 4122; x_wconf 86' lang='lat' dir='ltr'>totus</span> <span class='ocrx_word' id='word_1_409' title='bbox 757 4061 792 4122; x_wconf 89' lang='lat' dir='ltr'>iu</span> <span class='ocrx_word' id='word_1_410' title='bbox 814 4065 899 4142; x_wconf 89' lang='lat' dir='ltr'>parte</span> <span class='ocrx_word' id='word_1_411' title='bbox 924 4061 1015 4123; x_wconf 87' lang='lat' dir='ltr'>unica</span> <span class='ocrx_word' id='word_1_412' title='bbox 1035 4059 1175 4124; x_wconf 87' lang='lat' dir='ltr'>habetur.</span> <span class='ocrx_word' id='word_1_413' title='bbox 1204 4067 1298 4127; x_wconf 81' lang='lat' dir='ltr'>Extra</span> <span class='ocrx_word' id='word_1_414' title='bbox 1317 4083 1423 4130; x_wconf 90' lang='lat' dir='ltr'>casum</span> 
     </span>
    </p>
   </div>
   <div class='ocr_carea' id='block_1_3' title="bbox 152 4144 1424 4602">
    <p class='ocr_par' dir='ltr' id='par_1_11' title="bbox 152 4144 1422 4404">
     <span class='ocr_line' id='line_1_45' title="bbox 152 4144 1422 4250; baseline 0.004 -40"><span class='ocrx_word' id='word_1_415' title='bbox 152 4155 259 4250; x_wconf 80' lang='lat' dir='ltr'>tamen</span> <span class='ocrx_word' id='word_1_416' title='bbox 284 4144 473 4209; x_wconf 85' lang='lat' dir='ltr'>necessitatis</span> <span class='ocrx_word' id='word_1_417' title='bbox 498 4147 621 4225; x_wconf 88' lang='lat' dir='ltr'>gemine</span> <span class='ocrx_word' id='word_1_418' title='bbox 639 4149 742 4210; x_wconf 75' lang='lat' dir='ltr'>cinctio</span> <span class='ocrx_word' id='word_1_419' title='bbox 766 4149 915 4212; x_wconf 86' lang='lat' dir='ltr'>servanda</span> <span class='ocrx_word' id='word_1_420' title='bbox 934 4156 981 4212; x_wconf 89' lang='lat' dir='ltr'>est</span> <span class='ocrx_word' id='word_1_421' title='bbox 999 4149 1031 4214; x_wconf 81' lang='lat' dir='ltr'>vi</span> <span class='ocrx_word' id='word_1_422' title='bbox 1052 4153 1204 4232; x_wconf 74' lang='lat' dir='ltr'>praecepti.</span> <span class='ocrx_word' id='word_1_423' title='bbox 1222 4187 1261 4201; x_wconf 90' lang='lat'>-</span> <span class='ocrx_word' id='word_1_424' title='bbox 1276 4153 1311 4216; x_wconf 88' lang='lat' dir='ltr'>S.</span> <span class='ocrx_word' id='word_1_425' title='bbox 1338 4155 1422 4236; x_wconf 69' lang='lat' dir='ltr'>Lip,</span> 
     </span>
     <span class='ocr_line' id='line_1_46' title="bbox 153 4237 922 4404; baseline -0.003 -19"><span class='ocrx_word' id='word_1_426' title='bbox 153 4237 298 4399; x_wconf 56' lang='lat' dir='ltr'>tdtgm</span> <span class='ocrx_word' id='word_1_427' title='bbox 315 4329 347 4385; x_wconf 78' lang='lat'>7⁰</span> <span class='ocrx_word' id='word_1_428' title='bbox 362 4321 514 4398; x_wconf 76' lang='lat' dir='ltr'>Quomodo</span> <span class='ocrx_word' id='word_1_429' title='bbox 529 4323 680 4384; x_wconf 82' lang='lat' dir='ltr'>unctiones</span> <span class='ocrx_word' id='word_1_430' title='bbox 694 4323 765 4404; x_wconf 81' lang='lat' dir='ltr'>fieri</span> <span class='ocrx_word' id='word_1_431' title='bbox 778 4325 922 4387; x_wconf 80' lang='lat' dir='ltr'>debeant?</span> 
     </span>
    </p>

    <p class='ocr_par' dir='ltr' id='par_1_12' title="bbox 156 4409 1424 4602">
     <span class='ocr_line' id='line_1_47' title="bbox 195 4409 1424 4500; baseline 0.007 -26"><span class='ocrx_word' id='word_1_432' title='bbox 195 4413 287 4494; x_wconf 81' lang='lat' dir='ltr'>Rerp.</span> <span class='ocrx_word' id='word_1_433' title='bbox 304 4431 317 4474; x_wconf 92' lang='lat'>.·</span> <span class='ocrx_word' id='word_1_434' title='bbox 336 4410 500 4476; x_wconf 78' lang='lat' dir='ltr'>Unctiones</span> <span class='ocrx_word' id='word_1_435' title='bbox 526 4409 592 4473; x_wconf 86' lang='lat' dir='ltr'>fieri</span> <span class='ocrx_word' id='word_1_436' title='bbox 618 4411 732 4474; x_wconf 82' lang='lat' dir='ltr'>debent</span> <span class='ocrx_word' id='word_1_437' title='bbox 754 4412 859 4492; x_wconf 85' lang='lat' dir='ltr'>pollice</span> <span class='ocrx_word' id='word_1_438' title='bbox 879 4413 985 4476; x_wconf 80' lang='lat' dir='ltr'>dextro</span> <span class='ocrx_word' id='word_1_439' title='bbox 1006 4415 1189 4492; x_wconf 83' lang='lat' dir='ltr'>Sacerdotis,</span> <span class='ocrx_word' id='word_1_440' title='bbox 1215 4419 1270 4500; x_wconf 85' lang='lat' dir='ltr'>qui</span> <span class='ocrx_word' id='word_1_441' title='bbox 1295 4419 1424 4482; x_wconf 76' lang='lat' dir='ltr'>immam</span> 
     </span>
     <span class='ocr_line' id='line_1_48' title="bbox 156 4500 1424 4602; baseline 0.003 -35"><span class='ocrx_word' id='word_1_442' title='bbox 156 4503 251 4568; x_wconf 84' lang='lat' dir='ltr'>simul</span> <span class='ocrx_word' id='word_1_443' title='bbox 269 4500 401 4583; x_wconf 87' lang='lat' dir='ltr'>prolerre</span> <span class='ocrx_word' id='word_1_444' title='bbox 419 4500 526 4575; x_wconf 85' lang='lat' dir='ltr'>debet,</span> <span class='ocrx_word' id='word_1_445' title='bbox 543 4505 575 4564; x_wconf 88' lang='lat' dir='ltr'>et</span> <span class='ocrx_word' id='word_1_446' title='bbox 597 4517 651 4581; x_wconf 88' lang='lat' dir='ltr'>per</span> <span class='ocrx_word' id='word_1_447' title='bbox 672 4501 801 4602; x_wconf 86' lang='lat' dir='ltr'>modum</span> <span class='ocrx_word' id='word_1_448' title='bbox 820 4502 918 4565; x_wconf 86' lang='lat' dir='ltr'>crucis</span> <span class='ocrx_word' id='word_1_449' title='bbox 933 4501 1094 4568; x_wconf 78' lang='lat' dir='ltr'>infirmum</span> <span class='ocrx_word' id='word_1_450' title='bbox 1117 4507 1217 4588; x_wconf 85' lang='lat' dir='ltr'>ungit.</span> <span class='ocrx_word' id='word_1_451' title='bbox 1238 4507 1287 4570; x_wconf 87' lang='lat' dir='ltr'>Sic</span> <span class='ocrx_word' id='word_1_452' title='bbox 1304 4527 1343 4570; x_wconf 81' lang='lat' dir='ltr'>ex</span> <span class='ocrx_word' id='word_1_453' title='bbox 1360 4509 1424 4570; x_wconf 77' lang='lat' dir='ltr'>mr.</span> 
     </span>
    </p>
   </div>
   <div class='ocr_carea' id='block_1_4' title="bbox 0 0 1630 5044">
    <p class='ocr_par' dir='ltr' id='par_1_13' title="bbox 0 0 1630 5044">
     <span class='ocr_line' id='line_1_49' title="bbox 0 0 1630 5044; baseline 0 0"><span class='ocrx_word' id='word_1_454' title='bbox 0 0 1630 5044; x_wconf 95' lang='lat' dir='ltr'> </span> 
     </span>
    </p>
   </div>
  </div>
 </body>
</html>
