<?xml version="1.0" encoding="UTF-8"?>
<!DOCTYPE html PUBLIC "-//W3C//DTD XHTML 1.0 Transitional//EN"
    "http://www.w3.org/TR/xhtml1/DTD/xhtml1-transitional.dtd">
<html xmlns="http://www.w3.org/1999/xhtml" xml:lang="en" lang="en">
 <head>
  <title>
</title>
<meta http-equiv="Content-Type" content="text/html;charset=utf-8" />
  <meta name='ocr-system' content='tesseract 3.04.00' />
  <meta name='ocr-capabilities' content='ocr_page ocr_carea ocr_par ocr_line ocrx_word'/>
</head>
<body>
  <div class='ocr_page' id='page_1' title='image "./compendiumtheol03gurygoog_0432.png"; bbox 0 0 3206 5042; ppageno 0'>
   <div class='ocr_carea' id='block_1_1' title="bbox 622 248 1377 332">
    <p class='ocr_par' dir='ltr' id='par_1_1' title="bbox 622 248 1377 332">
     <span class='ocr_line' id='line_1_1' title="bbox 622 248 1377 332; baseline 0.054 -42"><span class='ocrx_word' id='word_1_1' title='bbox 622 248 665 292; x_wconf 85' lang='lat' dir='ltr'><strong>nn</strong></span> <span class='ocrx_word' id='word_1_2' title='bbox 686 250 859 301; x_wconf 78' lang='lat' dir='ltr'><strong>cussonis</strong></span> <span class='ocrx_word' id='word_1_3' title='bbox 1308 271 1377 332; x_wconf 78' lang='lat' dir='ltr'><strong>llo</strong></span> 
     </span>
    </p>
   </div>
   <div class='ocr_carea' id='block_1_2' title="bbox 90 336 1377 552">
    <p class='ocr_par' dir='ltr' id='par_1_2' title="bbox 90 336 1377 552">
     <span class='ocr_line' id='line_1_2' title="bbox 90 336 1377 457; baseline 0.048 -63"><span class='ocrx_word' id='word_1_4' title='bbox 90 336 242 402; x_wconf 82' lang='lat' dir='ltr'><strong>clausula</strong></span> <span class='ocrx_word' id='word_1_5' title='bbox 260 341 339 416; x_wconf 83' lang='lat' dir='ltr'><strong>hac,</strong></span> <span class='ocrx_word' id='word_1_6' title='bbox 361 347 520 426; x_wconf 74' lang='lat' dir='ltr'><strong>satisfacto</strong></span> <span class='ocrx_word' id='word_1_7' title='bbox 537 365 644 434; x_wconf 85' lang='lat' dir='ltr'><strong>parte,</strong></span> <span class='ocrx_word' id='word_1_8' title='bbox 664 370 837 439; x_wconf 88' lang='lat' dir='ltr'><strong>apponatur</strong></span> <span class='ocrx_word' id='word_1_9' title='bbox 855 385 973 450; x_wconf 81' lang='lat' dir='ltr'><strong>semper</strong></span> <span class='ocrx_word' id='word_1_10' title='bbox 995 380 1144 457; x_wconf 86' lang='lat' dir='ltr'><strong>tanquam</strong></span> <span class='ocrx_word' id='word_1_11' title='bbox 1164 389 1296 452; x_wconf 82' lang='lat' dir='ltr'><strong>conditio</strong></span> <span class='ocrx_word' id='word_1_12' title='bbox 1313 397 1377 457; x_wconf 80' lang='lat' dir='ltr'><strong>sine</strong></span> 
     </span>
     <span class='ocr_line' id='line_1_3' title="bbox 90 431 1343 552; baseline 0.049 -70"><span class='ocrx_word' id='word_1_13' title='bbox 90 443 158 504; x_wconf 87' lang='lat' dir='ltr'><strong>qua</strong></span> <span class='ocrx_word' id='word_1_14' title='bbox 175 446 258 508; x_wconf 85' lang='lat' dir='ltr'><strong>non,</strong></span> <span class='ocrx_word' id='word_1_15' title='bbox 273 431 470 511; x_wconf 68' lang='lat' dir='ltr'>probabiliter</span> <span class='ocrx_word' id='word_1_16' title='bbox 484 440 629 524; x_wconf 88' lang='lat' dir='ltr'><strong>utrinque</strong></span> <span class='ocrx_word' id='word_1_17' title='bbox 642 452 890 518; x_wconf 71' lang='lat' dir='ltr'><strong>controvertitur.</strong></span> <span class='ocrx_word' id='word_1_18' title='bbox 904 493 946 506; x_wconf 78' lang='lat'><em>—</em></span> <span class='ocrx_word' id='word_1_19' title='bbox 966 461 1030 526; x_wconf 87' lang='lat' dir='ltr'><strong>Vid.</strong></span> <span class='ocrx_word' id='word_1_20' title='bbox 1045 467 1081 530; x_wconf 80' lang='lat' dir='ltr'><strong>S.</strong></span> <span class='ocrx_word' id='word_1_21' title='bbox 1097 469 1209 552; x_wconf 72' lang='lat' dir='ltr'><strong>Atpt„</strong></span> <span class='ocrx_word' id='word_1_22' title='bbox 1227 498 1259 538; x_wconf 90' lang='lat' dir='ltr'><strong>n.</strong></span> <span class='ocrx_word' id='word_1_23' title='bbox 1275 484 1343 544; x_wconf 76' lang='lat' dir='ltr'><strong>lm.</strong></span> 
     </span>
    </p>
   </div>
   <div class='ocr_carea' id='block_1_3' title="bbox 622 682 865 766">
    <p class='ocr_par' dir='ltr' id='par_1_3' title="bbox 622 682 865 766">
     <span class='ocr_line' id='line_1_4' title="bbox 622 682 865 766; baseline 0.041 -10"><span class='ocrx_word' id='word_1_24' title='bbox 622 682 798 762; x_wconf 84' lang='lat' dir='ltr'><strong>CAPUT</strong></span> <span class='ocrx_word' id='word_1_25' title='bbox 826 691 865 766; x_wconf 93' lang='lat' dir='ltr'><strong>Il</strong></span> 
     </span>
    </p>
   </div>
   <div class='ocr_carea' id='block_1_4' title="bbox 142 839 1323 1050">
    <p class='ocr_par' dir='ltr' id='par_1_4' title="bbox 142 839 1323 1050">
     <span class='ocr_line' id='line_1_5' title="bbox 142 839 1323 970; baseline 0.05 -82"><span class='ocrx_word' id='word_1_26' title='bbox 142 839 193 890; x_wconf 84' lang='lat' dir='ltr'><strong>un</strong></span> <span class='ocrx_word' id='word_1_27' title='bbox 222 842 456 902; x_wconf 78' lang='lat' dir='ltr'><strong>censueram</strong></span> <span class='ocrx_word' id='word_1_28' title='bbox 483 855 622 926; x_wconf 76' lang='lat' dir='ltr'><strong>sercin,</strong></span> <span class='ocrx_word' id='word_1_29' title='bbox 652 861 774 916; x_wconf 77' lang='lat' dir='ltr'><strong>suurn</strong></span> <span class='ocrx_word' id='word_1_30' title='bbox 801 846 839 916; x_wconf 89' lang='lat' dir='ltr'><strong>l⁰</strong></span> <span class='ocrx_word' id='word_1_31' title='bbox 864 873 910 923; x_wconf 87' lang='lat' dir='ltr'><strong>nn</strong></span> <span class='ocrx_word' id='word_1_32' title='bbox 937 874 1323 970; x_wconf 77' lang='lat' dir='ltr'><strong>exconrnuurmrronu3</strong></span> 
     </span>
     <span class='ocr_line' id='line_1_6' title="bbox 353 939 1126 1050; baseline 0.052 -39"><span class='ocrx_word' id='word_1_33' title='bbox 353 939 392 1011; x_wconf 76' lang='lat'><strong>2⁰</strong></span> <span class='ocrx_word' id='word_1_34' title='bbox 417 966 462 1016; x_wconf 86' lang='lat' dir='ltr'><strong>on</strong></span> <span class='ocrx_word' id='word_1_35' title='bbox 489 969 750 1048; x_wconf 79' lang='lat' dir='ltr'><strong>susrnusronn;</strong></span> <span class='ocrx_word' id='word_1_36' title='bbox 780 957 818 1028; x_wconf 88' lang='lat'><strong>3⁰</strong></span> <span class='ocrx_word' id='word_1_37' title='bbox 843 983 889 1034; x_wconf 81' lang='lat' dir='ltr'><strong>nn</strong></span> <span class='ocrx_word' id='word_1_38' title='bbox 914 987 1126 1050; x_wconf 82' lang='lat' dir='ltr'><strong>rnrnnnrcro</strong></span> 
     </span>
    </p>
   </div>
   <div class='ocr_carea' id='block_1_5' title="bbox 558 1162 923 1360">
    <p class='ocr_par' dir='ltr' id='par_1_5' title="bbox 558 1162 923 1360">
     <span class='ocr_line' id='line_1_7' title="bbox 620 1162 866 1230; baseline 0.02 -7"><span class='ocrx_word' id='word_1_39' title='bbox 620 1162 833 1230; x_wconf 80' lang='lat' dir='ltr'>ARTIGULUS</span> <span class='ocrx_word' id='word_1_40' title='bbox 854 1171 866 1228; x_wconf 98' lang='lat' dir='ltr'><strong>l</strong></span> 
     </span>
     <span class='ocr_line' id='line_1_8' title="bbox 558 1301 923 1360; baseline 0.041 -15"><span class='ocrx_word' id='word_1_41' title='bbox 558 1301 596 1346; x_wconf 83' lang='lat' dir='ltr'><strong>nn</strong></span> <span class='ocrx_word' id='word_1_42' title='bbox 617 1305 923 1360; x_wconf 78' lang='lat' dir='ltr'><strong>mcouuusrcsrronu</strong></span> 
     </span>
    </p>
   </div>
   <div class='ocr_carea' id='block_1_6' title="bbox 89 1402 1376 1602">
    <p class='ocr_par' dir='ltr' id='par_1_6' title="bbox 89 1402 1376 1602">
     <span class='ocr_line' id='line_1_9' title="bbox 135 1402 1376 1532; baseline 0.055 -71"><span class='ocrx_word' id='word_1_43' title='bbox 135 1402 302 1484; x_wconf 77' lang='lat' dir='ltr'><strong>Apendum</strong></span> <span class='ocrx_word' id='word_1_44' title='bbox 317 1416 348 1474; x_wconf 86' lang='lat' dir='ltr'><strong>l⁰</strong></span> <span class='ocrx_word' id='word_1_45' title='bbox 358 1413 395 1476; x_wconf 88' lang='lat' dir='ltr'><strong>de</strong></span> <span class='ocrx_word' id='word_1_46' title='bbox 410 1418 475 1496; x_wconf 87' lang='lat' dir='ltr'><strong>ejus</strong></span> <span class='ocrx_word' id='word_1_47' title='bbox 489 1423 599 1486; x_wconf 87' lang='lat' dir='ltr'><strong>natura</strong></span> <span class='ocrx_word' id='word_1_48' title='bbox 611 1431 641 1486; x_wconf 90' lang='lat' dir='ltr'><strong>et</strong></span> <span class='ocrx_word' id='word_1_49' title='bbox 655 1427 820 1508; x_wconf 60' lang='lat' dir='ltr'><strong>divisione</strong></span> <span class='ocrx_word' id='word_1_50' title='bbox 833 1470 873 1479; x_wconf 88' lang='lat'>—</span> <span class='ocrx_word' id='word_1_51' title='bbox 885 1441 918 1500; x_wconf 64' lang='lat'><strong>2⁰</strong></span> <span class='ocrx_word' id='word_1_52' title='bbox 929 1439 965 1502; x_wconf 89' lang='lat' dir='ltr'><strong>dc</strong></span> <span class='ocrx_word' id='word_1_53' title='bbox 980 1445 1045 1522; x_wconf 85' lang='lat' dir='ltr'><strong>ejus</strong></span> <span class='ocrx_word' id='word_1_54' title='bbox 1057 1447 1230 1532; x_wconf 80' lang='lat' dir='ltr'><strong>effectibus3</strong></span> <span class='ocrx_word' id='word_1_55' title='bbox 1243 1493 1282 1506; x_wconf 86' lang='lat'><strong>-—</strong></span> <span class='ocrx_word' id='word_1_56' title='bbox 1294 1465 1327 1524; x_wconf 84' lang='lat'><strong>3⁰</strong></span> <span class='ocrx_word' id='word_1_57' title='bbox 1340 1465 1376 1526; x_wconf 83' lang='lat' dir='ltr'><strong>de</strong></span> 
     </span>
     <span class='ocr_line' id='line_1_10' title="bbox 89 1497 1039 1602; baseline 0.051 -54"><span class='ocrx_word' id='word_1_58' title='bbox 89 1497 475 1568; x_wconf 81' lang='lat' dir='ltr'><strong>excommunicationibus</strong></span> <span class='ocrx_word' id='word_1_59' title='bbox 490 1510 727 1580; x_wconf 81' lang='lat' dir='ltr'><strong>constitutionis</strong></span> <span class='ocrx_word' id='word_1_60' title='bbox 742 1517 925 1602; x_wconf 80' lang='lat' dir='ltr'><strong>Apostolica</strong></span> <span class='ocrx_word' id='word_1_61' title='bbox 939 1527 1039 1596; x_wconf 80' lang='lat' dir='ltr'><strong>Sedis</strong></span> 
     </span>
    </p>
   </div>
   <div class='ocr_carea' id='block_1_7' title="bbox 277 1682 1194 1796">
    <p class='ocr_par' dir='ltr' id='par_1_7' title="bbox 277 1682 1194 1796">
     <span class='ocr_line' id='line_1_11' title="bbox 277 1682 1194 1796; baseline 0.049 -45"><span class='ocrx_word' id='word_1_62' title='bbox 277 1682 294 1772; x_wconf 65' lang='grc' dir='ltr'><strong>ἓ</strong></span> <span class='ocrx_word' id='word_1_63' title='bbox 314 1685 339 1756; x_wconf 90' lang='grc' dir='ltr'><strong>Ι.</strong></span> <span class='ocrx_word' id='word_1_64' title='bbox 365 1691 413 1757; x_wconf 88' lang='lat' dir='ltr'><strong>De</strong></span> <span class='ocrx_word' id='word_1_65' title='bbox 430 1702 563 1765; x_wconf 82' lang='lat' dir='ltr'><strong>notura</strong></span> <span class='ocrx_word' id='word_1_66' title='bbox 580 1706 611 1766; x_wconf 88' lang='lat' dir='ltr'><strong>et</strong></span> <span class='ocrx_word' id='word_1_67' title='bbox 623 1702 797 1773; x_wconf 53' lang='lat' dir='ltr'><strong>&#39;divisione</strong></span> <span class='ocrx_word' id='word_1_68' title='bbox 815 1720 1194 1796; x_wconf 82' lang='lat' dir='ltr'><strong>eccommunicdtionis.</strong></span> 
     </span>
    </p>
   </div>
   <div class='ocr_carea' id='block_1_8' title="bbox 132 1843 1376 1972">
    <p class='ocr_par' dir='ltr' id='par_1_8' title="bbox 132 1843 1376 1972">
     <span class='ocr_line' id='line_1_12' title="bbox 132 1843 1376 1972; baseline 0.055 -74"><span class='ocrx_word' id='word_1_69' title='bbox 132 1843 210 1902; x_wconf 85' lang='grc'><strong>956.</strong></span> <span class='ocrx_word' id='word_1_70' title='bbox 227 1875 268 1885; x_wconf 95' lang='grc'>-</span> <span class='ocrx_word' id='word_1_71' title='bbox 281 1845 448 1911; x_wconf 84' lang='lat' dir='ltr'><strong>Durrmrro.</strong></span> <span class='ocrx_word' id='word_1_72' title='bbox 465 1853 750 1922; x_wconf 81' lang='lat' dir='ltr'><strong>Eccommunicctio</strong></span> <span class='ocrx_word' id='word_1_73' title='bbox 765 1871 811 1926; x_wconf 90' lang='lat' dir='ltr'><strong>cst</strong></span> <span class='ocrx_word' id='word_1_74' title='bbox 825 1885 967 1948; x_wconf 89' lang='lat' dir='ltr'><strong>censura,</strong></span> <span class='ocrx_word' id='word_1_75' title='bbox 978 1893 1033 1955; x_wconf 90' lang='lat' dir='ltr'><strong>per</strong></span> <span class='ocrx_word' id='word_1_76' title='bbox 1047 1898 1141 1960; x_wconf 90' lang='lat' dir='ltr'><strong>quam</strong></span> <span class='ocrx_word' id='word_1_77' title='bbox 1154 1887 1225 1966; x_wconf 87' lang='lat' dir='ltr'><strong>quis</strong></span> <span class='ocrx_word' id='word_1_78' title='bbox 1238 1892 1376 1972; x_wconf 88' lang='lat' dir='ltr'><strong>privatur</strong></span> 
     </span>
    </p>
   </div>
   <div class='ocr_carea' id='block_1_9' title="bbox 89 1929 1392 2326">
    <p class='ocr_par' dir='ltr' id='par_1_9' title="bbox 89 1929 1392 2326">
     <span class='ocr_line' id='line_1_13' title="bbox 89 1929 1376 2058; baseline 0.049 -71"><span class='ocrx_word' id='word_1_79' title='bbox 89 1929 317 1992; x_wconf 89' lang='lat' dir='ltr'><strong>communione</strong></span> <span class='ocrx_word' id='word_1_80' title='bbox 339 1936 492 2014; x_wconf 81' lang='lat' dir='ltr'><strong>Ecclesiae;</strong></span> <span class='ocrx_word' id='word_1_81' title='bbox 514 1960 569 2004; x_wconf 91' lang='lat' dir='ltr'><strong>scu</strong></span> <span class='ocrx_word' id='word_1_82' title='bbox 592 1963 734 2024; x_wconf 84' lang='lat' dir='ltr'><strong>censura,</strong></span> <span class='ocrx_word' id='word_1_83' title='bbox 757 1971 818 2032; x_wconf 91' lang='lat' dir='ltr'><strong>qua</strong></span> <span class='ocrx_word' id='word_1_84' title='bbox 840 1957 1033 2030; x_wconf 82' lang='lat' dir='ltr'><strong>Christianus</strong></span> <span class='ocrx_word' id='word_1_85' title='bbox 1055 1967 1144 2036; x_wconf 89' lang='lat' dir='ltr'><strong>bonis</strong></span> <span class='ocrx_word' id='word_1_86' title='bbox 1163 1975 1376 2058; x_wconf 82' lang='lat' dir='ltr'><strong>spiritualibus</strong></span> 
     </span>
     <span class='ocr_line' id='line_1_14' title="bbox 89 2016 1375 2138; baseline 0.051 -65"><span class='ocrx_word' id='word_1_87' title='bbox 89 2016 239 2078; x_wconf 77' lang='lat' dir='ltr'><strong>Ecclesia</strong></span> <span class='ocrx_word' id='word_1_88' title='bbox 259 2025 490 2104; x_wconf 87' lang='lat' dir='ltr'><strong>communibus,</strong></span> <span class='ocrx_word' id='word_1_89' title='bbox 508 2049 640 2111; x_wconf 90' lang='lat' dir='ltr'><strong>quorum</strong></span> <span class='ocrx_word' id='word_1_90' title='bbox 661 2038 840 2106; x_wconf 90' lang='lat' dir='ltr'><strong>distributio</strong></span> <span class='ocrx_word' id='word_1_91' title='bbox 855 2049 893 2109; x_wconf 89' lang='lat' dir='ltr'><strong>ad</strong></span> <span class='ocrx_word' id='word_1_92' title='bbox 907 2049 1007 2130; x_wconf 90' lang='lat' dir='ltr'><strong>ipsam</strong></span> <span class='ocrx_word' id='word_1_93' title='bbox 1021 2058 1168 2138; x_wconf 89' lang='lat' dir='ltr'><strong>pertinet,</strong></span> <span class='ocrx_word' id='word_1_94' title='bbox 1187 2068 1234 2128; x_wconf 89' lang='lat' dir='ltr'><strong>vel</strong></span> <span class='ocrx_word' id='word_1_95' title='bbox 1248 2072 1375 2138; x_wconf 91' lang='lat' dir='ltr'><strong>omnino</strong></span> 
     </span>
     <span class='ocr_line' id='line_1_15' title="bbox 89 2104 1392 2225; baseline 0.051 -64"><span class='ocrx_word' id='word_1_96' title='bbox 89 2104 141 2164; x_wconf 85' lang='lat' dir='ltr'><strong>vel</strong></span> <span class='ocrx_word' id='word_1_97' title='bbox 155 2123 196 2165; x_wconf 86' lang='lat' dir='ltr'><strong>ex</strong></span> <span class='ocrx_word' id='word_1_98' title='bbox 206 2111 291 2185; x_wconf 86' lang='lat' dir='ltr'><strong>parte</strong></span> <span class='ocrx_word' id='word_1_99' title='bbox 306 2110 455 2189; x_wconf 84' lang='lat' dir='ltr'><strong>privatur.</strong></span> <span class='ocrx_word' id='word_1_100' title='bbox 471 2122 595 2200; x_wconf 84' lang='lat' dir='ltr'><strong>Separat</strong></span> <span class='ocrx_word' id='word_1_101' title='bbox 611 2123 707 2204; x_wconf 80' lang='lat' dir='ltr'><strong>igitur</strong></span> <span class='ocrx_word' id='word_1_102' title='bbox 722 2137 1023 2205; x_wconf 87' lang='lat' dir='ltr'><strong>excommunicatum</strong></span> <span class='ocrx_word' id='word_1_103' title='bbox 1037 2164 1055 2206; x_wconf 91' lang='lat' dir='ltr'><strong>a</strong></span> <span class='ocrx_word' id='word_1_104' title='bbox 1070 2149 1213 2216; x_wconf 87' lang='lat' dir='ltr'><strong>societate</strong></span> <span class='ocrx_word' id='word_1_105' title='bbox 1227 2175 1281 2223; x_wconf 90' lang='lat' dir='ltr'><strong>seu</strong></span> <span class='ocrx_word' id='word_1_106' title='bbox 1294 2161 1392 2225; x_wconf 54' lang='lat' dir='ltr'><strong>com?</strong></span> 
     </span>
     <span class='ocr_line' id='line_1_16' title="bbox 89 2193 1338 2326; baseline 0.05 -76"><span class='ocrx_word' id='word_1_107' title='bbox 89 2193 248 2256; x_wconf 88' lang='lat' dir='ltr'><strong>munione</strong></span> <span class='ocrx_word' id='word_1_108' title='bbox 263 2196 379 2261; x_wconf 85' lang='lat' dir='ltr'><strong>visibili</strong></span> <span class='ocrx_word' id='word_1_109' title='bbox 394 2202 546 2284; x_wconf 85' lang='lat' dir='ltr'><strong>fidelium,</strong></span> <span class='ocrx_word' id='word_1_110' title='bbox 561 2216 592 2273; x_wconf 88' lang='lat' dir='ltr'><strong>et</strong></span> <span class='ocrx_word' id='word_1_111' title='bbox 606 2212 695 2276; x_wconf 89' lang='lat' dir='ltr'><strong>bonis</strong></span> <span class='ocrx_word' id='word_1_112' title='bbox 709 2235 778 2297; x_wconf 79' lang='lat' dir='ltr'><strong>qua</strong></span> <span class='ocrx_word' id='word_1_113' title='bbox 792 2239 873 2298; x_wconf 86' lang='lat' dir='ltr'><strong>cnm,</strong></span> <span class='ocrx_word' id='word_1_114' title='bbox 889 2233 925 2288; x_wconf 91' lang='lat' dir='ltr'><strong>ut</strong></span> <span class='ocrx_word' id='word_1_115' title='bbox 940 2230 1010 2292; x_wconf 87' lang='lat' dir='ltr'><strong>talis</strong></span> <span class='ocrx_word' id='word_1_116' title='bbox 1023 2241 1084 2310; x_wconf 88' lang='lat' dir='ltr'><strong>est,</strong></span> <span class='ocrx_word' id='word_1_117' title='bbox 1100 2253 1338 2326; x_wconf 86' lang='lat' dir='ltr'><strong>consequuntur.</strong></span> 
     </span>
    </p>
   </div>
   <div class='ocr_carea' id='block_1_10' title="bbox 131 2283 1371 2418">
    <p class='ocr_par' dir='ltr' id='par_1_10' title="bbox 131 2283 1371 2418">
     <span class='ocr_line' id='line_1_17' title="bbox 131 2283 1371 2418; baseline 0.052 -78"><span class='ocrx_word' id='word_1_118' title='bbox 131 2283 356 2350; x_wconf 81' lang='lat' dir='ltr'><strong>Drsrrucurrcn</strong></span> <span class='ocrx_word' id='word_1_119' title='bbox 369 2295 400 2352; x_wconf 83' lang='lat' dir='ltr'><strong>l⁰</strong></span> <span class='ocrx_word' id='word_1_120' title='bbox 412 2293 522 2376; x_wconf 79' lang='lat' dir='ltr'><strong>Major,</strong></span> <span class='ocrx_word' id='word_1_121' title='bbox 538 2317 606 2379; x_wconf 76' lang='lat' dir='ltr'><strong>quae</strong></span> <span class='ocrx_word' id='word_1_122' title='bbox 617 2301 720 2382; x_wconf 89' lang='lat' dir='ltr'><strong>privat</strong></span> <span class='ocrx_word' id='word_1_123' title='bbox 733 2310 877 2374; x_wconf 90' lang='lat' dir='ltr'><strong>omnibus</strong></span> <span class='ocrx_word' id='word_1_124' title='bbox 889 2313 977 2379; x_wconf 91' lang='lat' dir='ltr'><strong>bonis</strong></span> <span class='ocrx_word' id='word_1_125' title='bbox 990 2323 1128 2392; x_wconf 78' lang='lat' dir='ltr'><strong>Ecclesia</strong></span> <span class='ocrx_word' id='word_1_126' title='bbox 1137 2337 1371 2418; x_wconf 86' lang='lat' dir='ltr'><strong>communibus;</strong></span> 
     </span>
    </p>
   </div>
   <div class='ocr_carea' id='block_1_11' title="bbox 87 2369 1373 2586">
    <p class='ocr_par' dir='ltr' id='par_1_11' title="bbox 87 2369 1373 2586">
     <span class='ocr_line' id='line_1_18' title="bbox 88 2369 1373 2492; baseline 0.051 -65"><span class='ocrx_word' id='word_1_127' title='bbox 88 2371 124 2429; x_wconf 69' lang='lat'><strong>2⁰</strong></span> <span class='ocrx_word' id='word_1_128' title='bbox 140 2369 259 2450; x_wconf 86' lang='lat' dir='ltr'><strong>Minor,</strong></span> <span class='ocrx_word' id='word_1_129' title='bbox 277 2393 346 2454; x_wconf 80' lang='lat' dir='ltr'><strong>quae</strong></span> <span class='ocrx_word' id='word_1_130' title='bbox 362 2378 451 2444; x_wconf 89' lang='lat' dir='ltr'><strong>bonis</strong></span> <span class='ocrx_word' id='word_1_131' title='bbox 470 2384 625 2466; x_wconf 82' lang='lat' dir='ltr'><strong>aliquibus</strong></span> <span class='ocrx_word' id='word_1_132' title='bbox 643 2395 765 2455; x_wconf 90' lang='lat' dir='ltr'><strong>tantum</strong></span> <span class='ocrx_word' id='word_1_133' title='bbox 784 2397 894 2476; x_wconf 89' lang='lat' dir='ltr'><strong>privat.</strong></span> <span class='ocrx_word' id='word_1_134' title='bbox 909 2440 947 2449; x_wconf 96' lang='lat'><em>-</em></span> <span class='ocrx_word' id='word_1_135' title='bbox 963 2407 1069 2490; x_wconf 84' lang='lat' dir='ltr'><strong>Major</strong></span> <span class='ocrx_word' id='word_1_136' title='bbox 1087 2413 1120 2476; x_wconf 90' lang='lat' dir='ltr'><strong>in</strong></span> <span class='ocrx_word' id='word_1_137' title='bbox 1137 2421 1210 2482; x_wconf 87' lang='lat' dir='ltr'><strong>lure</strong></span> <span class='ocrx_word' id='word_1_138' title='bbox 1229 2442 1373 2492; x_wconf 86' lang='lat' dir='ltr'><strong>nonmm·</strong></span> 
     </span>
     <span class='ocr_line' id='line_1_19' title="bbox 87 2463 1372 2586; baseline 0.05 -70"><span class='ocrx_word' id='word_1_139' title='bbox 87 2475 189 2537; x_wconf 85' lang='lat' dir='ltr'><strong>quam</strong></span> <span class='ocrx_word' id='word_1_140' title='bbox 208 2463 367 2528; x_wconf 82' lang='lat' dir='ltr'><strong>cnntbcmc</strong></span> <span class='ocrx_word' id='word_1_141' title='bbox 385 2477 527 2550; x_wconf 68' lang='lat' dir='ltr'><strong>vocatum</strong></span> <span class='ocrx_word' id='word_1_142' title='bbox 545 2481 636 2556; x_wconf 87' lang='lat' dir='ltr'><strong>atque</strong></span> <span class='ocrx_word' id='word_1_143' title='bbox 656 2484 729 2544; x_wconf 89' lang='lat' dir='ltr'><strong>tunc</strong></span> <span class='ocrx_word' id='word_1_144' title='bbox 749 2489 935 2568; x_wconf 77' lang='lat' dir='ltr'><strong>praesertim,</strong></span> <span class='ocrx_word' id='word_1_145' title='bbox 953 2501 1076 2574; x_wconf 89' lang='lat' dir='ltr'><strong>quando</strong></span> <span class='ocrx_word' id='word_1_146' title='bbox 1093 2513 1215 2586; x_wconf 89' lang='lat' dir='ltr'><strong>propter</strong></span> <span class='ocrx_word' id='word_1_147' title='bbox 1231 2509 1372 2580; x_wconf 79' lang='lat' dir='ltr'><strong>haresim</strong></span> 
     </span>
    </p>
   </div>
   <div class='ocr_carea' id='block_1_12' title="bbox 88 2546 1371 2719">
    <p class='ocr_par' dir='ltr' id='par_1_12' title="bbox 88 2546 1371 2719">
     <span class='ocr_line' id='line_1_20' title="bbox 88 2546 1371 2672; baseline 0.047 -64"><span class='ocrx_word' id='word_1_148' title='bbox 88 2546 139 2608; x_wconf 73' lang='lat' dir='ltr'><strong>rel</strong></span> <span class='ocrx_word' id='word_1_149' title='bbox 160 2547 286 2614; x_wconf 84' lang='lat' dir='ltr'><strong>haeresis</strong></span> <span class='ocrx_word' id='word_1_150' title='bbox 303 2557 508 2636; x_wconf 88' lang='lat' dir='ltr'><strong>suspicionem</strong></span> <span class='ocrx_word' id='word_1_151' title='bbox 528 2563 693 2646; x_wconf 82' lang='lat' dir='ltr'><strong>infligitur,</strong></span> <span class='ocrx_word' id='word_1_152' title='bbox 715 2578 770 2634; x_wconf 91' lang='lat' dir='ltr'><strong>aut</strong></span> <span class='ocrx_word' id='word_1_153' title='bbox 788 2577 994 2655; x_wconf 83' lang='lat' dir='ltr'><strong>peculiaribus</strong></span> <span class='ocrx_word' id='word_1_154' title='bbox 1016 2588 1204 2668; x_wconf 86' lang='lat' dir='ltr'><strong>quibusdam</strong></span> <span class='ocrx_word' id='word_1_155' title='bbox 1224 2600 1371 2672; x_wconf 89' lang='lat' dir='ltr'><strong>adhibitis</strong></span> 
     </span>
     <span class='ocr_line' id='line_1_21' title="bbox 92 2639 695 2719; baseline 0.043 -25"><span class='ocrx_word' id='word_1_156' title='bbox 92 2639 288 2702; x_wconf 68' lang='lat' dir='ltr'><strong>ceremoniis</strong></span> <span class='ocrx_word' id='word_1_157' title='bbox 302 2644 470 2710; x_wconf 88' lang='lat' dir='ltr'><strong>solemnius</strong></span> <span class='ocrx_word' id='word_1_158' title='bbox 482 2651 695 2719; x_wconf 89' lang='lat' dir='ltr'><strong>denuntiatur.</strong></span> 
     </span>
    </p>
   </div>
   <div class='ocr_carea' id='block_1_13' title="bbox 83 2727 1371 4100">
    <p class='ocr_par' dir='ltr' id='par_1_13' title="bbox 83 2727 1371 4100">
     <span class='ocr_line' id='line_1_22' title="bbox 131 2727 1371 2858; baseline 0.048 -75"><span class='ocrx_word' id='word_1_159' title='bbox 131 2727 400 2793; x_wconf 82' lang='lat' dir='ltr'><strong>Excommunicali</strong></span> <span class='ocrx_word' id='word_1_160' title='bbox 416 2743 734 2806; x_wconf 80' lang='lat' dir='ltr'><strong>excommunicatione</strong></span> <span class='ocrx_word' id='word_1_161' title='bbox 751 2751 878 2830; x_wconf 78' lang='lat' dir='ltr'><strong>majori,</strong></span> <span class='ocrx_word' id='word_1_162' title='bbox 902 2757 956 2816; x_wconf 87' lang='lat' dir='ltr'><strong>ulii</strong></span> <span class='ocrx_word' id='word_1_163' title='bbox 975 2759 1122 2825; x_wconf 89' lang='lat' dir='ltr'><strong>dicuntur</strong></span> <span class='ocrx_word' id='word_1_164' title='bbox 1142 2771 1278 2854; x_wconf 79' lang='lat' dir='ltr'><strong>tolerati,</strong></span> <span class='ocrx_word' id='word_1_165' title='bbox 1295 2799 1371 2858; x_wconf 93' lang='lat' dir='ltr'><strong>quos</strong></span> 
     </span>
     <span class='ocr_line' id='line_1_23' title="bbox 88 2809 1370 2936; baseline 0.047 -66"><span class='ocrx_word' id='word_1_166' title='bbox 88 2809 197 2871; x_wconf 86' lang='lat' dir='ltr'><strong>fideles</strong></span> <span class='ocrx_word' id='word_1_167' title='bbox 220 2831 282 2872; x_wconf 88' lang='lat' dir='ltr'><strong>non</strong></span> <span class='ocrx_word' id='word_1_168' title='bbox 306 2821 452 2879; x_wconf 89' lang='lat' dir='ltr'><strong>tenentur</strong></span> <span class='ocrx_word' id='word_1_169' title='bbox 476 2825 588 2901; x_wconf 85' lang='lat' dir='ltr'><strong>vitara;</strong></span> <span class='ocrx_word' id='word_1_170' title='bbox 614 2829 667 2888; x_wconf 85' lang='lat' dir='ltr'><strong>alii</strong></span> <span class='ocrx_word' id='word_1_171' title='bbox 693 2852 753 2891; x_wconf 70' lang='lat' dir='ltr'><strong>reon</strong></span> <span class='ocrx_word' id='word_1_172' title='bbox 778 2837 902 2898; x_wconf 81' lang='lat' dir='ltr'><strong>tolerati</strong></span> <span class='ocrx_word' id='word_1_173' title='bbox 922 2859 975 2903; x_wconf 90' lang='lat' dir='ltr'><strong>seu</strong></span> <span class='ocrx_word' id='word_1_174' title='bbox 1004 2849 1138 2932; x_wconf 82' lang='lat' dir='ltr'><strong>vitandi,</strong></span> <span class='ocrx_word' id='word_1_175' title='bbox 1167 2875 1244 2936; x_wconf 91' lang='lat' dir='ltr'><strong>quos</strong></span> <span class='ocrx_word' id='word_1_176' title='bbox 1269 2863 1370 2930; x_wconf 85' lang='lat' dir='ltr'><strong>fideles</strong></span> 
     </span>
     <span class='ocr_line' id='line_1_24' title="bbox 89 2896 1370 3034; baseline 0.048 -77"><span class='ocrx_word' id='word_1_177' title='bbox 89 2896 192 2957; x_wconf 85' lang='lat' dir='ltr'><strong>vitare</strong></span> <span class='ocrx_word' id='word_1_178' title='bbox 214 2897 335 2960; x_wconf 89' lang='lat' dir='ltr'><strong>debent.</strong></span> <span class='ocrx_word' id='word_1_179' title='bbox 356 2937 396 2950; x_wconf 88' lang='lat'><em>-</em></span> <span class='ocrx_word' id='word_1_180' title='bbox 418 2907 464 2968; x_wconf 91' lang='lat' dir='ltr'><strong>lta</strong></span> <span class='ocrx_word' id='word_1_181' title='bbox 487 2927 525 2970; x_wconf 82' lang='lat' dir='ltr'><strong>es</strong></span> <span class='ocrx_word' id='word_1_182' title='bbox 545 2911 676 2974; x_wconf 83' lang='lat' dir='ltr'><strong>Martini</strong></span> <span class='ocrx_word' id='word_1_183' title='bbox 699 2918 824 2984; x_wconf 77' lang='lat' dir='ltr'><strong>Vllulla</strong></span> <span class='ocrx_word' id='word_1_184' title='bbox 842 2924 876 2986; x_wconf 93' lang='lat' dir='ltr'><strong>in</strong></span> <span class='ocrx_word' id='word_1_185' title='bbox 898 2931 1019 3010; x_wconf 76' lang='lat' dir='ltr'><strong>synodo</strong></span> <span class='ocrx_word' id='word_1_186' title='bbox 1044 2940 1287 3026; x_wconf 79' lang='lat' dir='ltr'><strong>constantiensi,</strong></span> <span class='ocrx_word' id='word_1_187' title='bbox 1309 2973 1370 3034; x_wconf 91' lang='lat' dir='ltr'><strong>qua</strong></span> 
     </span>
     <span class='ocr_line' id='line_1_25' title="bbox 89 2989 1367 3106; baseline 0.048 -61"><span class='ocrx_word' id='word_1_188' title='bbox 89 2989 285 3063; x_wconf 88' lang='lat' dir='ltr'><strong>temperatus</strong></span> <span class='ocrx_word' id='word_1_189' title='bbox 300 2993 346 3050; x_wconf 89' lang='lat' dir='ltr'><strong>est</strong></span> <span class='ocrx_word' id='word_1_190' title='bbox 361 2991 443 3070; x_wconf 82' lang='lat' dir='ltr'><strong>rigor</strong></span> <span class='ocrx_word' id='word_1_191' title='bbox 456 2996 592 3078; x_wconf 79' lang='lat' dir='ltr'><strong>antiqua</strong></span> <span class='ocrx_word' id='word_1_192' title='bbox 610 3000 779 3083; x_wconf 82' lang='lat' dir='ltr'><strong>disciplima</strong></span> <span class='ocrx_word' id='word_1_193' title='bbox 792 3009 883 3089; x_wconf 84' lang='lat' dir='ltr'><strong>(nam</strong></span> <span class='ocrx_word' id='word_1_194' title='bbox 901 3017 974 3078; x_wconf 90' lang='lat' dir='ltr'><strong>olim</strong></span> <span class='ocrx_word' id='word_1_195' title='bbox 990 3040 1095 3089; x_wconf 87' lang='lat' dir='ltr'><strong>omnes</strong></span> <span class='ocrx_word' id='word_1_196' title='bbox 1114 3041 1367 3106; x_wconf 80' lang='lat' dir='ltr'><strong>excommunicat</strong></span> 
     </span>
     <span class='ocr_line' id='line_1_26' title="bbox 87 3074 1370 3193; baseline 0.049 -62"><span class='ocrx_word' id='word_1_197' title='bbox 87 3074 406 3142; x_wconf 80' lang='lat' dir='ltr'><strong>excommunicatione</strong></span> <span class='ocrx_word' id='word_1_198' title='bbox 426 3085 537 3164; x_wconf 89' lang='lat' dir='ltr'><strong>majori</strong></span> <span class='ocrx_word' id='word_1_199' title='bbox 555 3087 675 3152; x_wconf 84' lang='lat' dir='ltr'><strong>vitandi</strong></span> <span class='ocrx_word' id='word_1_200' title='bbox 693 3097 813 3179; x_wconf 85' lang='lat' dir='ltr'><strong>erant),</strong></span> <span class='ocrx_word' id='word_1_201' title='bbox 830 3105 860 3162; x_wconf 91' lang='lat' dir='ltr'><strong>et</strong></span> <span class='ocrx_word' id='word_1_202' title='bbox 878 3121 946 3184; x_wconf 79' lang='lat' dir='ltr'><strong>quae</strong></span> <span class='ocrx_word' id='word_1_203' title='bbox 967 3108 1009 3170; x_wconf 90' lang='lat' dir='ltr'><strong>sic</strong></span> <span class='ocrx_word' id='word_1_204' title='bbox 1023 3113 1114 3179; x_wconf 88' lang='lat' dir='ltr'><strong>habet</strong></span> <span class='ocrx_word' id='word_1_205' title='bbox 1129 3139 1136 3180; x_wconf 75' lang='grc' dir='ltr'><strong><em>ε</em></strong></span> <span class='ocrx_word' id='word_1_206' title='bbox 1152 3123 1206 3184; x_wconf 88' lang='lat' dir='ltr'><strong>Ad</strong></span> <span class='ocrx_word' id='word_1_207' title='bbox 1226 3131 1370 3193; x_wconf 80' lang='lat' dir='ltr'><strong>evitanda</strong></span> 
     </span>
     <span class='ocr_line' id='line_1_27' title="bbox 86 3161 1368 3293; baseline 0.048 -73"><span class='ocrx_word' id='word_1_208' title='bbox 86 3161 236 3223; x_wconf 85' lang='lat' dir='ltr'><strong>scandolo</strong></span> <span class='ocrx_word' id='word_1_209' title='bbox 251 3174 280 3224; x_wconf 94' lang='lat' dir='ltr'><strong>et</strong></span> <span class='ocrx_word' id='word_1_210' title='bbox 294 3165 391 3229; x_wconf 85' lang='lat' dir='ltr'><strong>multa</strong></span> <span class='ocrx_word' id='word_1_211' title='bbox 401 3174 555 3252; x_wconf 77' lang='lat' dir='ltr'><strong>pericula,</strong></span> <span class='ocrx_word' id='word_1_212' title='bbox 573 3179 859 3270; x_wconf 78' lang='lat' dir='ltr'><strong>subveniendumque</strong></span> <span class='ocrx_word' id='word_1_213' title='bbox 873 3199 1062 3260; x_wconf 82' lang='lat' dir='ltr'><strong>conscientiis</strong></span> <span class='ocrx_word' id='word_1_214' title='bbox 1078 3207 1250 3293; x_wconf 83' lang='lat' dir='ltr'><strong>timoratis,</strong></span> <span class='ocrx_word' id='word_1_215' title='bbox 1270 3223 1368 3280; x_wconf 88' lang='lat' dir='ltr'><strong>omni-</strong></span> 
     </span>
     <span class='ocr_line' id='line_1_28' title="bbox 89 3249 1371 3388; baseline 0.049 -79"><span class='ocrx_word' id='word_1_216' title='bbox 89 3249 145 3310; x_wconf 82' lang='lat' dir='ltr'><strong>bns</strong></span> <span class='ocrx_word' id='word_1_217' title='bbox 166 3249 285 3315; x_wconf 75' lang='lat' dir='ltr'><strong>Christi</strong></span> <span class='ocrx_word' id='word_1_218' title='bbox 303 3256 446 3336; x_wconf 76' lang='lat' dir='ltr'><strong>fidelibus</strong></span> <span class='ocrx_word' id='word_1_219' title='bbox 465 3271 568 3326; x_wconf 86' lang='lat' dir='ltr'><strong>tenore</strong></span> <span class='ocrx_word' id='word_1_220' title='bbox 587 3275 784 3348; x_wconf 67' lang='lat' dir='ltr'><strong>praesentium</strong></span> <span class='ocrx_word' id='word_1_221' title='bbox 803 3281 1040 3348; x_wconf 84' lang='lat' dir='ltr'><strong>misericorditer</strong></span> <span class='ocrx_word' id='word_1_222' title='bbox 1058 3294 1264 3382; x_wconf 78' lang='lat' dir='ltr'><strong>indulpemus‚</strong></span> <span class='ocrx_word' id='word_1_223' title='bbox 1288 3311 1371 3388; x_wconf 84' lang='lat' dir='ltr'><strong>quod</strong></span> 
     </span>
     <span class='ocr_line' id='line_1_29' title="bbox 88 3341 1370 3459; baseline 0.048 -61"><span class='ocrx_word' id='word_1_224' title='bbox 88 3358 177 3398; x_wconf 87' lang='lat' dir='ltr'><strong>nemo</strong></span> <span class='ocrx_word' id='word_1_225' title='bbox 189 3341 327 3426; x_wconf 76' lang='lat' dir='ltr'><strong>deinceps</strong></span> <span class='ocrx_word' id='word_1_226' title='bbox 337 3365 356 3406; x_wconf 88' lang='grc' dir='ltr'><em>α</em></span> <span class='ocrx_word' id='word_1_227' title='bbox 367 3353 571 3416; x_wconf 77' lang='lat' dir='ltr'><strong>comrrlnnione</strong></span> <span class='ocrx_word' id='word_1_228' title='bbox 584 3355 716 3438; x_wconf 85' lang='lat' dir='ltr'><strong>alicujus</strong></span> <span class='ocrx_word' id='word_1_229' title='bbox 730 3364 761 3422; x_wconf 87' lang='lat' dir='ltr'><strong>in</strong></span> <span class='ocrx_word' id='word_1_230' title='bbox 773 3364 1039 3438; x_wconf 82' lang='lat' dir='ltr'><strong>Socrumcnloruni</strong></span> <span class='ocrx_word' id='word_1_231' title='bbox 1049 3381 1310 3457; x_wconf 81' lang='lat' dir='ltr'><strong>administratione</strong></span> <span class='ocrx_word' id='word_1_232' title='bbox 1322 3399 1370 3459; x_wconf 89' lang='lat' dir='ltr'><strong>uel</strong></span> 
     </span>
     <span class='ocr_line' id='line_1_30' title="bbox 86 3431 1368 3566; baseline 0.051 -81"><span class='ocrx_word' id='word_1_233' title='bbox 86 3431 277 3511; x_wconf 81' lang='lat' dir='ltr'><strong>receptione,</strong></span> <span class='ocrx_word' id='word_1_234' title='bbox 295 3446 347 3496; x_wconf 85' lang='lat' dir='ltr'><strong>out</strong></span> <span class='ocrx_word' id='word_1_235' title='bbox 362 3435 433 3498; x_wconf 83' lang='lat' dir='ltr'><strong>aliis</strong></span> <span class='ocrx_word' id='word_1_236' title='bbox 448 3441 681 3528; x_wconf 82' lang='lat' dir='ltr'><strong>quibuscumque</strong></span> <span class='ocrx_word' id='word_1_237' title='bbox 691 3449 804 3514; x_wconf 81' lang='lat' dir='ltr'><strong>diuinis</strong></span> <span class='ocrx_word' id='word_1_238' title='bbox 819 3458 867 3518; x_wconf 84' lang='lat' dir='ltr'><strong>cel</strong></span> <span class='ocrx_word' id='word_1_239' title='bbox 877 3471 980 3542; x_wconf 78' lang='lat' dir='ltr'><strong>entre,</strong></span> <span class='ocrx_word' id='word_1_240' title='bbox 990 3479 1146 3545; x_wconf 84' lang='lat' dir='ltr'><strong>proeteoctu</strong></span> <span class='ocrx_word' id='word_1_241' title='bbox 1155 3479 1368 3566; x_wconf 84' lang='lat' dir='ltr'><strong>cujuscumque</strong></span> 
     </span>
     <span class='ocr_line' id='line_1_31' title="bbox 86 3523 1366 3656; baseline 0.048 -81"><span class='ocrx_word' id='word_1_242' title='bbox 86 3523 247 3582; x_wconf 84' lang='lat' dir='ltr'><strong>sententiae</strong></span> <span class='ocrx_word' id='word_1_243' title='bbox 266 3533 322 3582; x_wconf 86' lang='lat' dir='ltr'><strong>aut</strong></span> <span class='ocrx_word' id='word_1_244' title='bbox 341 3543 470 3590; x_wconf 74' lang='lat' dir='ltr'><strong>censure</strong></span> <span class='ocrx_word' id='word_1_245' title='bbox 489 3533 693 3601; x_wconf 74' lang='lat' dir='ltr'><strong>ecclesiastices</strong></span> <span class='ocrx_word' id='word_1_246' title='bbox 709 3559 729 3601; x_wconf 87' lang='lat' dir='ltr'><strong>c</strong></span> <span class='ocrx_word' id='word_1_247' title='bbox 743 3542 814 3622; x_wconf 81' lang='lat' dir='ltr'><strong>jore</strong></span> <span class='ocrx_word' id='word_1_248' title='bbox 832 3547 879 3607; x_wconf 84' lang='lat' dir='ltr'><strong>nel</strong></span> <span class='ocrx_word' id='word_1_249' title='bbox 896 3551 935 3610; x_wconf 83' lang='lat' dir='ltr'><strong>ab</strong></span> <span class='ocrx_word' id='word_1_250' title='bbox 956 3553 1075 3618; x_wconf 79' lang='lat' dir='ltr'><strong>homine</strong></span> <span class='ocrx_word' id='word_1_251' title='bbox 1093 3569 1279 3641; x_wconf 78' lang='lat' dir='ltr'><strong>peneraliter</strong></span> <span class='ocrx_word' id='word_1_252' title='bbox 1293 3594 1366 3656; x_wconf 87' lang='lat' dir='ltr'><strong>pro-</strong></span> 
     </span>
     <span class='ocr_line' id='line_1_32' title="bbox 83 3602 1366 3724; baseline 0.05 -61"><span class='ocrx_word' id='word_1_253' title='bbox 83 3602 245 3684; x_wconf 78' lang='lat' dir='ltr'><strong>mulpctoe,</strong></span> <span class='ocrx_word' id='word_1_254' title='bbox 264 3618 427 3676; x_wconf 81' lang='lat' dir='ltr'><strong>teneantur</strong></span> <span class='ocrx_word' id='word_1_255' title='bbox 443 3619 607 3698; x_wconf 84' lang='lat' dir='ltr'><strong>obstinere,</strong></span> <span class='ocrx_word' id='word_1_256' title='bbox 622 3625 670 3688; x_wconf 88' lang='lat' dir='ltr'><strong>uel</strong></span> <span class='ocrx_word' id='word_1_257' title='bbox 682 3629 814 3709; x_wconf 84' lang='lat' dir='ltr'><strong>aliquem</strong></span> <span class='ocrx_word' id='word_1_258' title='bbox 831 3639 928 3698; x_wconf 86' lang='lat' dir='ltr'><strong>uitare</strong></span> <span class='ocrx_word' id='word_1_259' title='bbox 943 3653 997 3702; x_wconf 87' lang='lat' dir='ltr'><strong>aut</strong></span> <span class='ocrx_word' id='word_1_260' title='bbox 1015 3645 1208 3718; x_wconf 78' lang='lat' dir='ltr'><strong>interdictum</strong></span> <span class='ocrx_word' id='word_1_261' title='bbox 1225 3660 1366 3724; x_wconf 87' lang='lat' dir='ltr'><strong>ecclesio-</strong></span> 
     </span>
     <span class='ocr_line' id='line_1_33' title="bbox 84 3692 1369 3830; baseline 0.049 -77"><span class='ocrx_word' id='word_1_262' title='bbox 84 3692 195 3756; x_wconf 86' lang='lat' dir='ltr'><strong>sticum</strong></span> <span class='ocrx_word' id='word_1_263' title='bbox 207 3696 370 3779; x_wconf 70' lang='lat' dir='ltr'><strong>ouercam,</strong></span> <span class='ocrx_word' id='word_1_264' title='bbox 384 3708 613 3790; x_wconf 60' lang='lat' dir='ltr'><strong>ciricsceatte,</strong></span> <span class='ocrx_word' id='word_1_265' title='bbox 622 3718 805 3800; x_wconf 67' lang='lat' dir='ltr'><strong>prolubium</strong></span> <span class='ocrx_word' id='word_1_266' title='bbox 818 3731 978 3807; x_wconf 75' lang='lat' dir='ltr'><strong>susperuio,</strong></span> <span class='ocrx_word' id='word_1_267' title='bbox 991 3735 1041 3796; x_wconf 81' lang='lat' dir='ltr'><strong>ael</strong></span> <span class='ocrx_word' id='word_1_268' title='bbox 1049 3757 1179 3806; x_wconf 81' lang='lat' dir='ltr'><strong>censura</strong></span> <span class='ocrx_word' id='word_1_269' title='bbox 1191 3746 1369 3830; x_wconf 80' lang='lat' dir='ltr'><strong>hujusmodi</strong></span> 
     </span>
     <span class='ocr_line' id='line_1_34' title="bbox 84 3781 1366 3918; baseline 0.053 -79"><span class='ocrx_word' id='word_1_270' title='bbox 84 3781 234 3859; x_wconf 79' lang='lat' dir='ltr'><strong>fueritin</strong></span> <span class='ocrx_word' id='word_1_271' title='bbox 254 3787 302 3848; x_wconf 89' lang='lat' dir='ltr'><strong>uel</strong></span> <span class='ocrx_word' id='word_1_272' title='bbox 318 3803 422 3856; x_wconf 84' lang='lat' dir='ltr'><strong>contra</strong></span> <span class='ocrx_word' id='word_1_273' title='bbox 436 3817 616 3878; x_wconf 81' lang='lat' dir='ltr'><strong>personam,</strong></span> <span class='ocrx_word' id='word_1_274' title='bbox 636 3805 811 3889; x_wconf 71' lang='lat' dir='ltr'><strong>collapsum,</strong></span> <span class='ocrx_word' id='word_1_275' title='bbox 836 3817 1082 3904; x_wconf 72' lang='lat' dir='ltr'><strong>uniuersitatem,</strong></span> <span class='ocrx_word' id='word_1_276' title='bbox 1103 3831 1289 3918; x_wconf 79' lang='lat' dir='ltr'><strong>Ecclesiam,</strong></span> <span class='ocrx_word' id='word_1_277' title='bbox 1311 3853 1366 3906; x_wconf 81' lang='lat' dir='ltr'><strong>aut</strong></span> 
     </span>
     <span class='ocr_line' id='line_1_35' title="bbox 87 3867 1364 4005; baseline 0.051 -75"><span class='ocrx_word' id='word_1_278' title='bbox 87 3867 183 3930; x_wconf 88' lang='lat' dir='ltr'><strong>locum</strong></span> <span class='ocrx_word' id='word_1_279' title='bbox 190 3917 200 3948; x_wconf 90' lang='lat'><em>,</em></span> <span class='ocrx_word' id='word_1_280' title='bbox 216 3885 345 3959; x_wconf 86' lang='lat' dir='ltr'><strong>certum,</strong></span> <span class='ocrx_word' id='word_1_281' title='bbox 363 3893 417 3944; x_wconf 85' lang='lat' dir='ltr'><strong>ant</strong></span> <span class='ocrx_word' id='word_1_282' title='bbox 431 3897 557 3968; x_wconf 79' lang='lat' dir='ltr'><strong>certem,</strong></span> <span class='ocrx_word' id='word_1_283' title='bbox 572 3911 591 3952; x_wconf 86' lang='grc' dir='ltr'><em>α</em></span> <span class='ocrx_word' id='word_1_284' title='bbox 597 3893 705 3973; x_wconf 83' lang='lat' dir='ltr'><strong>judice</strong></span> <span class='ocrx_word' id='word_1_285' title='bbox 716 3899 891 3980; x_wconf 85' lang='lat' dir='ltr'><strong>publicata,</strong></span> <span class='ocrx_word' id='word_1_286' title='bbox 903 3908 951 3970; x_wconf 85' lang='lat' dir='ltr'><strong>vel</strong></span> <span class='ocrx_word' id='word_1_287' title='bbox 961 3911 1137 3982; x_wconf 79' lang='lat' dir='ltr'><strong>denumicta</strong></span> <span class='ocrx_word' id='word_1_288' title='bbox 1149 3926 1324 4005; x_wconf 81' lang='lat' dir='ltr'><strong>specialiter</strong></span> <span class='ocrx_word' id='word_1_289' title='bbox 1335 3945 1364 3994; x_wconf 88' lang='lat' dir='ltr'><strong>et</strong></span> 
     </span>
     <span class='ocr_line' id='line_1_36' title="bbox 85 3963 1358 4100; baseline 0.053 -82"><span class='ocrx_word' id='word_1_290' title='bbox 85 3975 231 4038; x_wconf 76' lang='lat' dir='ltr'><strong>expresse.</strong></span> <span class='ocrx_word' id='word_1_291' title='bbox 240 3963 303 4026; x_wconf 88' lang='lat' dir='ltr'><strong>Per</strong></span> <span class='ocrx_word' id='word_1_292' title='bbox 316 3967 370 4030; x_wconf 83' lang='lat' dir='ltr'><strong>icc</strong></span> <span class='ocrx_word' id='word_1_293' title='bbox 386 3981 485 4036; x_wconf 85' lang='lat' dir='ltr'><strong>tamen</strong></span> <span class='ocrx_word' id='word_1_294' title='bbox 500 3977 673 4059; x_wconf 73' lang='lat' dir='ltr'><strong>hujusmodi</strong></span> <span class='ocrx_word' id='word_1_295' title='bbox 689 3997 969 4071; x_wconf 72' lang='lat' dir='ltr'><strong>excommunicatos,</strong></span> <span class='ocrx_word' id='word_1_296' title='bbox 986 4022 1152 4086; x_wconf 86' lang='lat' dir='ltr'><strong>suspensos,</strong></span> <span class='ocrx_word' id='word_1_297' title='bbox 1170 4016 1358 4100; x_wconf 86' lang='lat' dir='ltr'><strong>interdictos,</strong></span> 
     </span>
    </p>
   </div>
   <div class='ocr_carea' id='block_1_14' title="bbox 84 4050 1360 4218">
    <p class='ocr_par' dir='ltr' id='par_1_14' title="bbox 84 4050 1360 4218">
     <span class='ocr_line' id='line_1_37' title="bbox 85 4050 1360 4184; baseline 0.056 -81"><span class='ocrx_word' id='word_1_298' title='bbox 85 4064 135 4104; x_wconf 88' lang='lat' dir='ltr'><strong>seu</strong></span> <span class='ocrx_word' id='word_1_299' title='bbox 147 4050 330 4134; x_wconf 74' lang='lat' dir='ltr'><strong>prohibitos,</strong></span> <span class='ocrx_word' id='word_1_300' title='bbox 348 4078 408 4119; x_wconf 91' lang='lat' dir='ltr'><strong>non</strong></span> <span class='ocrx_word' id='word_1_301' title='bbox 423 4063 609 4130; x_wconf 84' lang='lat' dir='ltr'><strong>intendimus</strong></span> <span class='ocrx_word' id='word_1_302' title='bbox 628 4071 659 4132; x_wconf 85' lang='lat' dir='ltr'><strong>in</strong></span> <span class='ocrx_word' id='word_1_303' title='bbox 677 4074 780 4156; x_wconf 83' lang='lat' dir='ltr'><strong>aliquo</strong></span> <span class='ocrx_word' id='word_1_304' title='bbox 798 4081 945 4165; x_wconf 83' lang='lat' dir='ltr'><strong>relevare,</strong></span> <span class='ocrx_word' id='word_1_305' title='bbox 967 4110 1062 4173; x_wconf 87' lang='lat' dir='ltr'><strong>neque</strong></span> <span class='ocrx_word' id='word_1_306' title='bbox 1082 4102 1125 4159; x_wconf 84' lang='lat' dir='ltr'><strong>cis</strong></span> <span class='ocrx_word' id='word_1_307' title='bbox 1144 4107 1360 4184; x_wconf 84' lang='lat' dir='ltr'><strong>quomodolibet</strong></span> 
     </span>
     <span class='ocr_line' id='line_1_38' title="bbox 84 4135 264 4218; baseline 0.056 -27"><span class='ocrx_word' id='word_1_308' title='bbox 84 4135 264 4218; x_wconf 76' lang='lat' dir='ltr'><strong>suffroani.</strong></span> 
     </span>
    </p>
   </div>
   <div class='ocr_carea' id='block_1_15' title="bbox 397 4409 1358 4567">
    <p class='ocr_par' dir='ltr' id='par_1_15' title="bbox 397 4409 1358 4567">
     <span class='ocr_line' id='line_1_39' title="bbox 435 4409 1358 4564; baseline 0.059 -94"><span class='ocrx_word' id='word_1_309' title='bbox 435 4409 503 4484; x_wconf 82' lang='lat' dir='ltr'><strong>An,</strong></span> <span class='ocrx_word' id='word_1_310' title='bbox 520 4421 555 4564; x_wconf 78' lang='lat' dir='ltr'><strong>qt</strong></span> <span class='ocrx_word' id='word_1_311' title='bbox 573 4415 669 4552; x_wconf 65' lang='lat' dir='ltr'><strong>pilari</strong></span> <span class='ocrx_word' id='word_1_312' title='bbox 691 4422 795 4490; x_wconf 76' lang='lat' dir='ltr'><strong>deletu</strong></span> <span class='ocrx_word' id='word_1_313' title='bbox 807 4437 1088 4514; x_wconf 79' lang='lat' dir='ltr'><strong>cameremunicatus,</strong></span> <span class='ocrx_word' id='word_1_314' title='bbox 1112 4449 1249 4530; x_wconf 69' lang='lat' dir='ltr'><strong>suspicent</strong></span> <span class='ocrx_word' id='word_1_315' title='bbox 1265 4467 1300 4519; x_wconf 86' lang='lat' dir='ltr'><strong>nt</strong></span> <span class='ocrx_word' id='word_1_316' title='bbox 1316 4463 1358 4522; x_wconf 83' lang='lat' dir='ltr'><strong>eit</strong></span> 
     </span>
     <span class='ocr_line' id='line_1_40' title="bbox 397 4505 577 4567; baseline 0.056 -10"><span class='ocrx_word' id='word_1_317' title='bbox 397 4505 481 4560; x_wconf 87' lang='lat' dir='ltr'><strong>tenus</strong></span> <span class='ocrx_word' id='word_1_318' title='bbox 496 4509 527 4562; x_wconf 87' lang='lat' dir='ltr'><strong>tn</strong></span> <span class='ocrx_word' id='word_1_319' title='bbox 542 4508 577 4567; x_wconf 87' lang='lat' dir='ltr'><strong>is.</strong></span> 
     </span>
    </p>
   </div>
   <div class='ocr_carea' id='block_1_16' title="bbox 0 0 1608 5042">
    <p class='ocr_par' dir='ltr' id='par_1_16' title="bbox 0 0 1608 5042">
     <span class='ocr_line' id='line_1_41' title="bbox 0 0 1608 5042; baseline 0 3"><span class='ocrx_word' id='word_1_320' title='bbox 0 0 1608 5042; x_wconf 95' lang='lat' dir='ltr'><strong> </strong></span> 
     </span>
    </p>
   </div>
  </div>
 </body>
</html>
