3180 5040
184 167 252 226 488
714 177 923 226 rancrarus

222 296 256 355 10
270 289 351 358 Moti
368 296 425 354 aut
447 289 664 370 balbutientes,
686 289 740 371 qui
763 289 854 353 verba
875 290 995 372 integra
1016 294 1215 374 pronuntiare
1236 316 1317 362 non
1339 314 1496 382 possunt,

184 385 241 480 aut
252 379 377 442 nonnisi
391 397 462 442 cum
479 399 592 462 magna
610 379 802 454 difficultate,
819 379 864 444 ita
878 385 914 442 ut
931 382 1033 444 risum
1047 388 1104 446 aut
1117 390 1354 468 contemptum
1371 393 1496 458 meran.

184 471 265 621 mutel?
273 474 473 638 gamem
487 558 553 620 sine
564 558 671 622 baculo
688 560 726 622 ad
738 559 833 621 altare
847 575 878 620 se
893 557 1001 624 sistere
1010 577 1073 644 non
1088 562 1203 625 valent.

223 649 257 710 6⁰
271 645 415 709 carenos
430 666 519 724 noso,
538 653 592 710 ant
611 647 779 710 enormiter
792 647 975 722 distortum,
994 648 1186 728 demissum,
1205 661 1268 754 aut
1290 659 1492 738 productum

183 733 468 902 haiililtleosdstruost
485 843 514 886 v.
534 843 593 903 gr,
607 824 757 889 habentes
773 824 902 904 gibbum
919 842 1092 903 enormem,
1108 829 1163 910 qui
1178 849 1343 914 magnam
1359 838 1491 905 inducat

183 911 419 1068 dlcipffiaitatex,
427 913 619 1062 ‘elic-Vide
629 913 663 976 S.
681 914 764 996 Lep,
781 934 812 977 ιι.
829 919 887 978 tot
903 923 1003 998 etseq.
1016 951 1055 962 -
1069 916 1145 980 Vide
1160 920 1243 984 dieto
1257 925 1305 986 de
1321 927 1485 1010 Eucbor,

209 1050 215 1063 .
299 1049 307 1077 ‚
327 1021 362 1060 ιιι
407 1021 424 1062 o
461 1049 468 1064 .

309 1130 506 1206 Quaesitae.

225 1262 314 1323 1072.
331 1295 370 1304 ——
384 1262 485 1334 Quen.
503 1266 535 1322 10
547 1260 598 1321 Αιι
612 1263 652 1321 eit
668 1261 863 1342 erogatoris,
877 1265 931 1344 qoi
945 1282 1005 1324 ono
1020 1263 1107 1327 oculo
1118 1271 1223 1331 corel?
1576 1331 1577 1336 ,

221 1347 311 1429 Respo.
334 1353 367 1412 10
382 1347 474 1430 Nep,
495 1349 522 1410 si
541 1353 621 1412 caret
642 1355 765 1412 tantum
785 1351 869 1413 oculo
891 1352 1027 1428 dextero,
1049 1353 1123 1434 quia
1146 1357 1251 1422 minus
1274 1366 1477 1428 necessarius

183 1441 230 1498 est
248 1437 286 1498 ad
304 1436 402 1500 Missae
422 1437 668 1513 celebrationem,
685 1439 775 1502 modo
790 1439 936 1502 notabilis
951 1440 1023 1505 inde
1035 1459 1099 1504 non
1115 1454 1258 1509 nascatur
1270 1450 1484 1518 deformitas?

221 1523 309 1607 Hesp.
326 1528 359 1586 2⁰
371 1524 511 1606 Affirne,
527 1525 553 1587 si
568 1532 650 1588 caret
663 1527 749 1589 oculo
768 1527 894 1592 sinistro
909 1529 964 1609 qui
981 1528 1097 1593 dicitnr
1111 1532 1216 1596 Oculus
1228 1543 1362 1616 canones,
1382 1542 1466 1621 quia

181 1612 369 1676 necessarius
386 1620 432 1675 est
446 1615 484 1677 ad
503 1633 651 1678 canonem
672 1615 771 1679 Missae
791 1617 966 1696 legendum.
989 1619 1117 1701 Excipe,
1133 1623 1191 1685 nisi
1206 1642 1345 1690 canonem
1364 1630 1463 1692 oculo
1576 1613 1577 1682 i

182 1701 305 1764 dextero
321 1701 387 1764 siue
407 1701 597 1764 deformitate
611 1705 712 1784 legere
730 1704 835 1783 possit.
861 1710 922 1769 Hoc
942 1711 1047 1770 antem
1067 1711 1182 1789 jndicio
1200 1713 1336 1796 Episcopi
1355 1717 1466 1799 subji·

183 1787 326 1853 ciendum
340 1797 397 1853 est.
415 1825 455 1836 —
470 1791 519 1852 lto
531 1797 729 1854 communiter
741 1811 812 1856 curn
828 1794 864 1856 S.
882 1795 964 1876 Lip,
980 1817 1012 1856 ιι.
1026 1802 1098 1862 101.
1576 1809 1577 1864 l

225 1881 326 1954 Quna.
342 1882 375 1941 2⁰
394 1878 443 1940 An
459 1884 559 1961 possit
573 1881 736 1960 celebrere,
754 1892 783 1944 et
800 1883 1028 1948 Eucharistiom
1049 1888 1241 1966 ministrate,
1257 1894 1325 1976 qui,
1338 1895 1411 1976 jone
1429 1898 1473 1958 od
1576 1903 1577 1916 ¹

181 1965 391 2029 Sacerdotium
400 1979 573 2050 promotus,
591 1969 678 2031 babet
685 1971 826 2052 pollicem
841 1972 889 2034 cel
901 1974 1030 2037 indicem
1045 1978 1241 2060 impeditum?

223 2057 311 2138 desp.
320 2062 353 2119 1ο
364 2077 370 2118 :
383 2059 563 2137 Negandum
575 2058 698 2122 videtur
707 2059 843 2124 absolute
861 2063 961 2142 quoad
974 2063 1075 2128 Missae
1090 2066 1340 2148 celebrationem,
1353 2075 1466 2138 saltem

181 2143 369 2224 probabilius
377 2148 468 2227 juxta
483 2165 678 2210 communem
692 2149 1059 2232 sententiam—Sliq,
1072 2174 1102 2215 ιι.
1117 2160 1192 2230 108;
1207 2167 1237 2218 et
1250 2159 1332 2236 tv1,
1345 2183 1375 2222 ιι.
1387 2167 1462 2226 nit.
1576 2159 1577 2186 ³

223 2232 313 2315 Resp.
330 2237 363 2295 2⁰
380 2233 457 2316 Nep.
479 2236 571 2298 etiam
586 2256 647 2317 per
664 2257 693 2298 ee
713 2237 812 2318 quoad
826 2238 1025 2303 Eucharistiae
1039 2243 1360 2325 administrationem,
1376 2269 1464 2314 exce·
1576 2261 1577 2332 p

185 2322 245 2402 plis
259 2328 362 2386 tamur
377 2324 497 2387 casibus
510 2325 715 2402 necessitatis,
732 2326 894 2408 inquibus
908 2327 976 2391 aliis
991 2328 1094 2410 digitis
1109 2333 1155 2394 uti
1165 2339 1277 2414 potest.

544 2479 606 2543 lll.
619 2513 663 2528 -
681 2481 738 2546 lie
757 2479 886 2566 defectu
904 2485 1085 2552 oetatem.

223 2611 314 2670 1073.
325 2643 365 2652 -
376 2607 513 2672 Deiectus
528 2610 681 2675 natalium
691 2614 812 2679 inducit
825 2618 1083 2700 irregrdaritatem.
1097 2622 1218 2682 Constet
1228 2640 1265 2683 ex
1280 2622 1439 2688 Decretol.
1445 2676 1457 2706 ,

183 2695 203 2758 l.
220 2702 254 2772 1,
273 2698 320 2758 tit.
335 2702 385 2762 l8.

223 2785 301 2849 Hinc
314 2792 346 2849 10
356 2787 538 2868 irregulares
550 2798 624 2855 sunt
634 2793 789 2874 illegitimi
800 2796 894 2859 etiam
909 2798 1032 2873 occulti,
1045 2817 1098 2862 sen
1108 2797 1294 2880 quicumque
1303 2801 1371 2864 nati
1384 2813 1466 2868 sunt
1576 2883 1577 2892 ἵ

182 2893 220 2936 cx
241 2874 453 2954 fornicatione,
479 2881 643 2957 adulterio,
665 2884 713 2945 rel
736 2885 870 2962 incestu;
892 2891 924 2948 10
947 2887 1002 2968 qui
1021 2887 1085 2950 nati
1106 2893 1178 2950 sunt
1200 2905 1239 2949 ex
1261 2889 1464 2955 Matriuronio
1576 2915 1577 2920 ¹

182 2963 384 3038 clandestino,
401 2969 430 3026 et
443 2965 475 3027 in
492 2969 587 3045 gradu
599 2971 771 3049 prohibite,
788 2973 883 3036 etiarn
899 2975 1071 3056 incognito;
1089 2982 1120 3040 30
1133 2994 1194 3039 non
1209 2996 1280 3040 vero
1296 2987 1370 3042 sunt
1384 2980 1461 3043 irre-

181 3053 299 3130 gulares
307 3053 460 3131 illegitimi
473 3061 607 3136 ternpore
620 3077 683 3122 sne
695 3063 900 3142 conceptionis
914 3065 961 3128 vel
973 3065 1162 3140 nativitatis,
1174 3083 1308 3147 quorum
1320 3075 1463 3148 parentes
1576 3093 1577 3096 ¹

180 3143 254 3202 tunc
270 3140 415 3220 temporis
428 3142 545 3207 habiles
560 3155 648 3211 crant
662 3150 700 3211 ad
713 3151 958 3215 contrahendum
967 3153 1218 3230 Matrimonium,
1232 3159 1263 3218 et
1276 3162 1378 3236 postea
1389 3177 1463 3220 con·
1576 3197 1577 3206 ι

182 3233 359 3305 traxerunt,
383 3232 456 3311 quia
477 3251 530 3313 per
551 3236 783 3301 Matrimonium
811 3239 1001 3322 subsequens
1027 3242 1191 3324 legitimati
1214 3250 1299 3308 sunt.
1320 3281 1359 3291 -
1389 3246 1463 3308 Vide
1576 3245 1577 3324 Ϊ

180 3313 215 3377 S.
231 3317 315 3398 Lep,
332 3341 363 3381 ιι.
378 3324 438 3384 lit)
454 3331 482 3382 et
499 3343 559 3404 seq.

221 3407 288 3466 Non
303 3414 377 3470 sunt
391 3409 571 3489 irregulares
585 3411 745 3494 illegitime
758 3417 826 3480 nati
841 3436 879 3480 cx
894 3417 1088 3484 Matrimonio
1104 3421 1241 3501 publico,
1257 3422 1306 3485 sed
1320 3421 1458 3484 invalido
1576 3461 1577 3464 =

182 3491 219 3554 ob
234 3491 493 3574 impedimentum
507 3499 545 3562 ab
560 3518 622 3564 uno
635 3503 742 3566 saltem
756 3505 943 3584 ignoratum.
957 3541 998 3552 —
1010 3507 1046 3569 S.
1068 3508 1153 3591 Lig,
1173 3511 1247 3573 ibid.
1282 3575 1284 3578 ,
1576 3521 1577 3528 ’

221 3583 321 3656 Quae.
338 3585 489 3660 Quomodo
503 3589 633 3652 tollatur
644 3593 859 3674 irregularitas
872 3616 909 3657 ee
922 3595 1039 3678 desecto
1054 3597 1226 3660 natalium?
1576 3667 1577 3680 ,

221 3670 309 3754 Reep.
329 3675 486 3738 :Tollitur
506 3684 538 3740 10
557 3698 611 3760 per
628 3682 803 3762 legitimum
824 3685 1013 3766 subsequens
1029 3686 1262 3750 Matrimonium
1276 3694 1458 3767 parentum,
1576 3697 1577 3774 l

181 3764 216 3820 nt
230 3763 320 3824 modo
333 3762 451 3827 dictum
468 3772 529 3844 est;
547 3771 579 3830 2⁰
593 3787 646 3849 per
661 3771 879 3850 professionem
894 3774 1081 3854 religiosam;
1097 3779 1130 3838 30
1146 3794 1200 3856 per
1213 3775 1385 3857 legitimam
1396 3776 1459 3840 dis·
1576 3791 1577 3796 ’

178 3850 401 3926 pensationem.

571 3963 631 4032 lV.
647 4001 693 4016 -
711 3968 767 4033 Ee
784 3967 914 4057 defectu
932 3968 1053 4037 ectctis.

221 4093 309 4154 1071.
323 4125 363 4139 ·-
376 4101 408 4158 10
421 4097 602 4179 irregulares
615 4101 780 4180 habentur,
797 4107 851 4188 qui
864 4113 985 4170 etatem
1001 4107 1180 4171 canonicam
1196 4125 1258 4169 non
1275 4107 1458 4188 attigerunt.

179 4179 236 4242 Sed
251 4188 372 4246 nonest
385 4183 595 4266 irregularitas
610 4191 732 4268 stricta,
750 4213 821 4258 cum
836 4203 945 4272 cesset,
962 4197 1110 4278 completa
1122 4195 1273 4277 requisitu
1287 4200 1388 4260 atate.

220 4273 252 4330 2⁰
264 4269 322 4345 Qui
334 4271 465 4336 scienter
477 4277 603 4342 Ordines
616 4281 790 4363 suscipiunt
809 4290 879 4347 ante
897 4287 1074 4350 canonicam
1092 4291 1230 4358 amem,
1249 4291 1379 4366 peccant
1397 4303 1464 4365 gra·
1576 4333 1577 4346 ι

175 4355 265 4505 Hilotae
291 4362 438 4513 erielnam
459 4384 530 4430 rero
549 4385 604 4448 pro
626 4369 757 4451 singulis
780 4372 945 4438 Ordinibus
966 4381 1041 4439 aetas
1060 4372 1249 4456 requiratur,
1275 4373 1346 4438 cide
1368 4391 1462 4454 supra
1576 4385 1577 4474 l

196 4461 222 4504 rc
271 4453 335 4510 ur
381 4497 387 4512 .
