3206 5042
1551 1 1563 105 r·

182 275 357 426 ἱςιιῑοτῖῃὶξὶα
369 290 469 335 crassa
488 272 535 334 vel
552 271 678 351 supina,
696 288 763 344 seu,
780 275 816 332 ut
829 269 920 332 habet
937 267 1090 331 sententia
1108 273 1318 348 communior,
1334 277 1484 356 graviter
1551 226 1566 443 ι
1586 364 1587 376 ¹

183 383 270 445 cupa
292 383 303 426 1
328 382 353 425 s.
1586 381 1587 384 ’

183 155 252 214 aab
711 158 919 204 vaacravus

505 550 747 594 nxeuuutnrcarro
766 549 854 591 sxrun
872 549 995 591 onulnsn
1014 549 1141 592 subnuba

224 731 294 790 99⁴2.
309 761 349 771 -
363 729 417 788 Per
431 722 690 786 constitutionem
702 722 856 782 Romanas
870 719 1029 800 Pontifex,
1043 721 1155 801 quinto
1169 723 1320 788 kalendas
1333 729 1477 808 Septem·
1567 758 1572 769 ·

184 815 249 878 bris
274 833 353 876 anno
378 817 456 876 1873
477 813 595 885 datam,
615 807 930 872 excommunicatione
954 809 1024 872 latae
1046 811 1207 874 sententiae
1231 814 1354 894 speciali
1378 817 1474 880 modo

185 908 273 984 Papa
287 908 440 965 reservata
453 900 638 979 plectuntur.

222 1049 247 1104 t.
265 1046 401 1104 Canonici
420 1061 453 1101 ac
468 1043 629 1116 Dignitates
644 1043 857 1102 cathedralium
871 1043 1064 1100 Ecclesiarum
1079 1045 1244 1104 vacantium
1263 1049 1312 1120 qui
1326 1053 1393 1107 ausi
1407 1051 1474 1108 fue-

187 1129 245 1185 rint
258 1127 414 1183 concedere
427 1127 455 1180 et
469 1126 623 1180 transferre
635 1123 770 1180 Ecclesiae
785 1123 913 1180 vacantis
928 1139 1040 1191 curam,
1054 1125 1184 1194 regimen
1199 1128 1229 1182 et
1242 1127 1472 1186 admiuistratio-

188 1225 253 1264 nem
273 1207 327 1263 sub
346 1206 446 1278 quovis
462 1205 559 1272 titulo,
577 1205 706 1271 nomme,
719 1204 840 1276 quaesito
852 1201 960 1272 colore,
977 1203 1007 1258 in
1022 1203 1204 1262 uomInatum
1219 1209 1248 1264 et
1262 1212 1469 1282 presentatum

188 1305 205 1344 a
223 1287 298 1344 laica
321 1287 463 1361 potestate
482 1301 517 1340 cx
534 1287 563 1342 S.
584 1284 668 1340 Sedis
689 1283 875 1340 concessione
895 1299 946 1340 seu
966 1283 1132 1356 privilegio,
1153 1285 1199 1342 vel
1216 1287 1265 1343 ubi
1288 1291 1469 1347 cousuetudo

188 1368 281 1439 viget,
296 1383 313 1422 a
330 1363 542 1438 capitularibus
556 1364 629 1436 ipsis
641 1364 765 1420 electum
779 1363 816 1418 ad
830 1363 960 1420 eamdem
972 1365 1120 1420 vacantem
1135 1366 1299 1424 Ecclesiam.

224 1446 250 1502 b.
265 1445 407 1502 Nominati
422 1446 451 1500 et
461 1444 625 1517 praesentati
640 1443 685 1500 vel
700 1445 731 1499 ut
747 1459 833 1516 supra
847 1442 931 1498 electi
941 1443 976 1499 ad
991 1447 1127 1502 vacantes
1137 1447 1287 1514 Ecclesias,
1300 1449 1347 1518 qui
1359 1464 1463 1503 earum

189 1542 301 1594 curam,
318 1526 444 1594 regimen
463 1526 492 1580 et
510 1524 789 1580 administrationem
808 1522 956 1596 suscipere
970 1524 1078 1580 audent
1093 1525 1146 1582 sub
1160 1527 1266 1581 neruiue
1280 1527 1460 1594 Provisoris,

189 1605 296 1666 Vicarii
310 1605 453 1675 generalis
468 1604 560 1660 aliove
578 1603 707 1671 nomina,
723 1619 759 1660 ex
775 1604 961 1660 concessione
976 1606 1005 1660 et
1018 1605 1198 1661 translatione
1212 1605 1240 1660 in
1254 1605 1295 1660 uls
1310 1607 1464 1677 peractam

190 1703 207 1742 a
220 1685 416 1756 Dignitatibus
429 1685 458 1740 et
472 1684 623 1740 Canonicis
632 1729 638 1753 ,
648 1683 773 1755 aliisque
782 1683 847 1755 qul,
858 1683 1060 1741 deficientibus
1072 1683 1219 1758 Capitulis,
1228 1684 1354 1742 Xicarlcs
1365 1684 1468 1758 depu-

191 1769 252 1822 tant
265 1767 316 1821 aut
331 1767 466 1821 vacantes
480 1765 623 1820 EcclesIas
638 1763 766 1834 legitime
779 1763 993 1820 administrant.

227 1845 252 1902 3.
270 1846 293 1901 li
311 1861 411 1902 omnes
429 1845 478 1917 qui
500 1845 659 1919 premissis
674 1844 836 1917 paruerim,
857 1843 903 1901 vol
922 1844 1078 1914 auxilium,
1099 1845 1253 1903 consillum
1270 1846 1319 1901 aut
1340 1845 1468 1901 favorem

191 1926 393 1998 praestiterInt,
409 1928 615 1998 cujuscumque
634 1925 739 1992 status,
755 1923 941 1994 conditionis,
960 1925 1185 1998 praeeminentias
1201 1927 1230 1982 et
1244 1925 1393 1997 dignitatis
1408 1927 1470 1982 lue-

191 2007 260 2063 rint.

232 2125 353 2188 Praefati
372 2132 476 2190 auum
490 2125 634 2190 canonici
646 2129 676 2188 et
689 2123 858 2205 Dignitates
874 2125 1064 2188 mulctantur
1075 2125 1169 2188 etiam
1181 2145 1272 2208 prena
1285 2126 1467 2208 privationis

192 2213 350 2276 fructuum
365 2215 634 2278 ecclesiasticormn
654 2213 870 2276 beneficiorum
884 2231 1168 2295 quormnoumque,
1185 2215 1378 2296 aliorumque
1391 2213 1471 2276 redi-

194 2308 286 2366 tuum
301 2302 571 2366 eoclesiasticorum
590 2322 643 2383 per
662 2322 711 2366 eos
730 2301 894 2383 respective
910 2301 1118 2378 obtentorum,
1135 2321 1203 2384 quae
1216 2322 1308 2384 poena
1322 2305 1389 2385 ipso
1400 2305 1470 2382 jure

194 2391 373 2466 incurritur,
389 2399 419 2453 ct
433 2411 451 2452 a
465 2397 601 2454 Romano
615 2391 759 2454 Pontifioc
773 2410 826 2471 pro
841 2395 976 2472 tempore
989 2390 1151 2454 exsistente
1169 2393 1335 2459 dumtaxat
1351 2389 1471 2454 absolvi

195 2495 248 2538 seu
263 2479 391 2539 relaxari
405 2483 514 2556 potest.

234 2563 391 2626 Nominati
406 2563 531 2645 insuper
545 2573 575 2628 et
587 2568 773 2645 presentati,
786 2571 863 2649 jure,
875 2571 957 2650 quod
969 2569 1009 2632 eis
1021 2586 1073 2648 per
1083 2566 1323 2629 nominationem
1339 2574 1371 2628 et
1382 2587 1471 2646 prae-

196 2650 398 2715 sentationem
413 2653 489 2716 forte
503 2654 689 2736 acqntsitum
703 2655 777 2730 fuit,
794 2657 909 2736 privati
923 2658 1113 2720 declarantur.

736 2885 876 2929 PUNCTUII
893 2886 929 2930 III

373 2993 414 3047 De
427 2993 771 3051 excommunicationibus
788 2994 854 3052 latia
871 2996 1022 3052 sentiendas
1035 2997 1159 3052 Romano
1172 2991 1302 3050 Pontifici

643 3074 845 3148 (straminum)
859 3077 1024 3133 reservatis.

236 3251 306 3310 993.
320 3283 361 3292 -
375 3249 711 3312 Exoommunicationes
732 3257 893 3314 reservate
912 3255 1035 3314 tantum
1049 3255 1185 3316 Romano
1200 3249 1338 3312 Pontifici
1353 3268 1471 3311 nouem-

197 3335 290 3397 (lecim
314 3343 530 3414 numerantur,
550 3357 683 3418 quarum
703 3373 741 3384 -
762 3339 973 3422 septendecim
997 3357 1060 3403 una
1084 3339 1160 3403 serie
1187 3338 1221 3401 iu
1245 3336 1471 3400 Constitutione

197 3423 416 3500 enuntiantur;
432 3461 472 3472 —
486 3445 548 3487 uno
564 3425 599 3488 in
613 3426 673 3491 dno
685 3427 868 3491 recensionis
882 3428 1080 3510 precedentis
1094 3427 1225 3490 hahetur
1237 3431 1335 3488 contra
1346 3422 1470 3488 Confes-

198 3513 315 3576 sarium
328 3513 400 3589 lata,
413 3514 467 3595 qui
482 3513 548 3577 sine
561 3513 705 3579 facultate
719 3537 737 3579 a
752 3517 873 3580 casibus
888 3521 975 3598 Papa
986 3517 1108 3598 speciali
1121 3518 1210 3579 modo
1222 3513 1383 3578 reservatis
1394 3531 1472 3594 prm-

198 3603 293 3664 sumit
314 3603 483 3678 absolvcre;
503 3639 544 3650 -
560 3603 669 3666 ultimo
688 3606 868 3668 Tridentina
887 3612 948 3681 est,
970 3613 1001 3668 et
1016 3605 1115 3668 fertur
1131 3625 1201 3668 sesa.
1219 3605 1315 3676 XXII,
1332 3623 1358 3664 c.
1373 3621 1421 3676 an,
1438 3599 1472 3662 da

200 3689 281 3770 fles„
298 3689 332 3753 in
347 3697 529 3771 usurpantes
544 3692 623 3755 bona
637 3695 684 3756 vel
692 3697 763 3776 jura
778 3693 987 3758 ecclesiastica.

237 3779 316 3840 Huic
329 3779 636 3843 excommunicationi
651 3784 701 3844 SS.
716 3785 750 3845 D.
767 3787 800 3846 P.
815 3783 887 3846 Pius
902 3785 942 3848 LX
957 3783 1112 3865 subjacere
1126 3780 1309 3845 declaravit:

826 3986 839 4040 1

235 4107 373 4162 Docentes
387 4109 432 4164 vel
445 4109 629 4168 defendentes
642 4111 704 4168 siva
718 4111 846 4184 publice,
861 4111 924 4169 sivo
935 4111 1069 4187 privatim
1080 4109 1290 4184 propositiones
1305 4111 1343 4166 ab
1358 4109 1478 4184 Aposto-

198 4185 255 4242 lica
271 4183 344 4241 Sede
358 4184 507 4246 damnatas
517 4191 571 4248 sub
585 4192 887 4250 excommunicationis
903 4209 986 4267 posna
1002 4194 1068 4249 latua
1083 4191 1234 4249 sententie
1248 4190 1477 4247 :itemdocentas

198 4267 244 4323 vel
265 4265 449 4324 defendentes
467 4271 612 4344 tamquam
626 4271 736 4329 lleitam
752 4273 863 4346 praxim
885 4273 1051 4348 inquirendi
1070 4289 1088 4329 a
1106 4271 1264 4345 poenitente
1278 4286 1384 4328 nomen
1399 4285 1479 4325 com-

199 4345 297 4418 plicis,
314 4348 409 4423 prouti
428 4348 562 4408 damnata
575 4353 620 4408 est
633 4369 651 4408 a
665 4353 816 4410 benedicto
832 4355 895 4412 XIV
914 4355 945 4410 iu
965 4355 1062 4412 Consi.
1085 4351 1247 4424 Supremo,
1265 4351 1281 4406 7
1299 4349 1372 4408 tulii
1391 4347 1478 4415 Πῶς

187 4422 260 4480 'Ubi
272 4443 423 4498 ptumum,
437 4429 535 4488 ttulit
549 4430 635 4502 trrt;
649 4433 699 4491 Ad
710 4433 943 4504 eradicandum,
956 4433 991 4492 28
1003 4432 1179 4507 Septembris
1192 4431 1272 4488 1746.
