<?xml version="1.0" encoding="UTF-8"?>
<!DOCTYPE html PUBLIC "-//W3C//DTD XHTML 1.0 Transitional//EN"
    "http://www.w3.org/TR/xhtml1/DTD/xhtml1-transitional.dtd">
<html xmlns="http://www.w3.org/1999/xhtml" xml:lang="en" lang="en">
 <head>
  <title>
</title>
<meta http-equiv="Content-Type" content="text/html;charset=utf-8" />
  <meta name='ocr-system' content='tesseract 3.04.00' />
  <meta name='ocr-capabilities' content='ocr_page ocr_carea ocr_par ocr_line ocrx_word'/>
</head>
<body>
  <div class='ocr_page' id='page_1' title='image "./compendiumtheol03gurygoog_0192.png"; bbox 0 0 3220 5042; ppageno 0'>
   <div class='ocr_carea' id='block_1_1' title="bbox 568 282 1364 344">
    <p class='ocr_par' dir='ltr' id='par_1_1' title="bbox 568 282 1364 344">
     <span class='ocr_line' id='line_1_1' title="bbox 568 282 1364 344; baseline 0.006 -8"><span class='ocrx_word' id='word_1_1' title='bbox 568 293 610 336; x_wconf 85' lang='lat' dir='ltr'>ue</span> <span class='ocrx_word' id='word_1_2' title='bbox 628 291 875 337; x_wconf 77' lang='lat' dir='ltr'>accusarem</span> <span class='ocrx_word' id='word_1_3' title='bbox 1294 282 1364 344; x_wconf 75' lang='lat' dir='ltr'>aas</span> 
     </span>
    </p>
   </div>
   <div class='ocr_carea' id='block_1_2' title="bbox 91 401 1364 573">
    <p class='ocr_par' dir='ltr' id='par_1_2' title="bbox 91 401 1364 573">
     <span class='ocr_line' id='line_1_2' title="bbox 91 401 1364 486; baseline 0 -15"><span class='ocrx_word' id='word_1_4' title='bbox 91 404 233 486; x_wconf 75' lang='lat' dir='ltr'>Episcopi</span> <span class='ocrx_word' id='word_1_5' title='bbox 245 403 409 477; x_wconf 88' lang='lat' dir='ltr'>celebrant,</span> <span class='ocrx_word' id='word_1_6' title='bbox 417 407 474 464; x_wconf 89' lang='lat' dir='ltr'>aut</span> <span class='ocrx_word' id='word_1_7' title='bbox 484 403 607 482; x_wconf 86' lang='lat' dir='ltr'>quaudo</span> <span class='ocrx_word' id='word_1_8' title='bbox 615 401 691 482; x_wconf 89' lang='lat' dir='ltr'>ipsis</span> <span class='ocrx_word' id='word_1_9' title='bbox 706 401 892 480; x_wconf 83' lang='lat' dir='ltr'>suffragatur</span> <span class='ocrx_word' id='word_1_10' title='bbox 900 401 1157 466; x_wconf 86' lang='lat' dir='ltr'>immemorabilis</span> <span class='ocrx_word' id='word_1_11' title='bbox 1166 410 1364 471; x_wconf 69' lang='lat' dir='ltr'><strong>consuetudo.</strong></span> 
     </span>
     <span class='ocr_line' id='line_1_3' title="bbox 91 490 555 573; baseline -0.015 -16"><span class='ocrx_word' id='word_1_12' title='bbox 91 494 198 557; x_wconf 69' lang='lat' dir='ltr'>ses.</span> <span class='ocrx_word' id='word_1_13' title='bbox 216 492 330 573; x_wconf 75' lang='lat' dir='ltr'>Conpr.</span> <span class='ocrx_word' id='word_1_14' title='bbox 347 491 412 554; x_wconf 78' lang='lat' dir='ltr'>Ru.</span> <span class='ocrx_word' id='word_1_15' title='bbox 429 490 555 571; x_wconf 84' lang='lat' dir='ltr'>pluries.</span> 
     </span>
    </p>
   </div>
   <div class='ocr_carea' id='block_1_3' title="bbox 216 677 427 742">
    <p class='ocr_par' dir='ltr' id='par_1_3' title="bbox 216 677 427 742">
     <span class='ocr_line' id='line_1_4' title="bbox 216 677 427 742; baseline -0.009 0"><span class='ocrx_word' id='word_1_16' title='bbox 216 677 427 742; x_wconf 76' lang='lat' dir='ltr'>Resolves</span> 
     </span>
    </p>
   </div>
   <div class='ocr_carea' id='block_1_4' title="bbox 92 837 1376 3574">
    <p class='ocr_par' dir='ltr' id='par_1_4' title="bbox 92 837 1373 1715">
     <span class='ocr_line' id='line_1_5' title="bbox 137 837 1370 919; baseline 0.001 -14"><span class='ocrx_word' id='word_1_17' title='bbox 137 848 169 905; x_wconf 79' lang='lat' dir='ltr'>l⁰</span> <span class='ocrx_word' id='word_1_18' title='bbox 185 841 331 904; x_wconf 89' lang='lat' dir='ltr'>lllicitum</span> <span class='ocrx_word' id='word_1_19' title='bbox 345 845 392 902; x_wconf 90' lang='lat' dir='ltr'>est</span> <span class='ocrx_word' id='word_1_20' title='bbox 407 839 557 902; x_wconf 83' lang='lat' dir='ltr'>celebrare</span> <span class='ocrx_word' id='word_1_21' title='bbox 578 837 676 918; x_wconf 79' lang='lat' dir='ltr'>capite</span> <span class='ocrx_word' id='word_1_22' title='bbox 691 845 839 919; x_wconf 82' lang='lat' dir='ltr'>cooperto.</span> <span class='ocrx_word' id='word_1_23' title='bbox 852 842 979 901; x_wconf 80' lang='lat' dir='ltr'>Constet</span> <span class='ocrx_word' id='word_1_24' title='bbox 994 857 1032 902; x_wconf 82' lang='lat' dir='ltr'>ex</span> <span class='ocrx_word' id='word_1_25' title='bbox 1045 858 1071 902; x_wconf 89' lang='lat' dir='ltr'>c.</span> <span class='ocrx_word' id='word_1_26' title='bbox 1089 839 1215 918; x_wconf 81' lang='lat' dir='ltr'>Nullus,</span> <span class='ocrx_word' id='word_1_27' title='bbox 1231 841 1266 903; x_wconf 87' lang='lat' dir='ltr'>de</span> <span class='ocrx_word' id='word_1_28' title='bbox 1280 842 1370 906; x_wconf 81' lang='lat' dir='ltr'>Cous.</span> 
     </span>
     <span class='ocr_line' id='line_1_6' title="bbox 95 927 1371 1010; baseline 0.001 -16"><span class='ocrx_word' id='word_1_29' title='bbox 95 931 169 994; x_wconf 74' lang='lat' dir='ltr'>diat.</span> <span class='ocrx_word' id='word_1_30' title='bbox 194 936 225 994; x_wconf 88' lang='lat' dir='ltr'>t.</span> <span class='ocrx_word' id='word_1_31' title='bbox 252 933 293 992; x_wconf 87' lang='lat' dir='ltr'>Et</span> <span class='ocrx_word' id='word_1_32' title='bbox 315 929 441 1010; x_wconf 86' lang='lat' dir='ltr'>quidem</span> <span class='ocrx_word' id='word_1_33' title='bbox 458 929 551 1008; x_wconf 86' lang='lat' dir='ltr'>juxta</span> <span class='ocrx_word' id='word_1_34' title='bbox 572 927 758 990; x_wconf 83' lang='lat' dir='ltr'>sententiam</span> <span class='ocrx_word' id='word_1_35' title='bbox 778 943 974 990; x_wconf 85' lang='lat' dir='ltr'>communem</span> <span class='ocrx_word' id='word_1_36' title='bbox 999 928 1129 990; x_wconf 85' lang='lat' dir='ltr'>mortale</span> <span class='ocrx_word' id='word_1_37' title='bbox 1152 937 1199 992; x_wconf 87' lang='lat' dir='ltr'>est</span> <span class='ocrx_word' id='word_1_38' title='bbox 1223 932 1371 996; x_wconf 82' lang='lat' dir='ltr'>celebrare</span> 
     </span>
     <span class='ocr_line' id='line_1_7' title="bbox 93 1014 1372 1100; baseline 0.002 -19"><span class='ocrx_word' id='word_1_39' title='bbox 93 1025 196 1084; x_wconf 65' lang='lat' dir='ltr'>mam</span> <span class='ocrx_word' id='word_1_40' title='bbox 206 1017 332 1084; x_wconf 69' lang='lat' dir='ltr'>maun</span> <span class='ocrx_word' id='word_1_41' title='bbox 343 1016 444 1097; x_wconf 82' lang='lat' dir='ltr'>capita</span> <span class='ocrx_word' id='word_1_42' title='bbox 456 1020 609 1096; x_wconf 85' lang='lat' dir='ltr'>cooperto;</span> <span class='ocrx_word' id='word_1_43' title='bbox 626 1014 774 1078; x_wconf 85' lang='lat' dir='ltr'>celebrare</span> <span class='ocrx_word' id='word_1_44' title='bbox 782 1033 852 1078; x_wconf 83' lang='lat' dir='ltr'>rere</span> <span class='ocrx_word' id='word_1_45' title='bbox 864 1033 935 1078; x_wconf 90' lang='lat' dir='ltr'>cnm</span> <span class='ocrx_word' id='word_1_46' title='bbox 948 1015 1056 1096; x_wconf 89' lang='lat' dir='ltr'>pileolo</span> <span class='ocrx_word' id='word_1_47' title='bbox 1067 1016 1207 1100; x_wconf 83' lang='lat' dir='ltr'>(eulotte)</span> <span class='ocrx_word' id='word_1_48' title='bbox 1221 1039 1318 1100; x_wconf 88' lang='lat' dir='ltr'>usque</span> <span class='ocrx_word' id='word_1_49' title='bbox 1333 1023 1372 1086; x_wconf 86' lang='lat' dir='ltr'>ad</span> 
     </span>
     <span class='ocr_line' id='line_1_8' title="bbox 96 1103 1372 1188; baseline 0.002 -17"><span class='ocrx_word' id='word_1_50' title='bbox 96 1111 272 1182; x_wconf 77' lang='lat' dir='ltr'>canonem,</span> <span class='ocrx_word' id='word_1_51' title='bbox 289 1106 404 1170; x_wconf 89' lang='lat' dir='ltr'>secluso</span> <span class='ocrx_word' id='word_1_52' title='bbox 415 1111 594 1183; x_wconf 89' lang='lat' dir='ltr'>contemptu</span> <span class='ocrx_word' id='word_1_53' title='bbox 606 1111 639 1168; x_wconf 92' lang='lat' dir='ltr'>et</span> <span class='ocrx_word' id='word_1_54' title='bbox 648 1105 800 1180; x_wconf 85' lang='lat' dir='ltr'>scandalo,</span> <span class='ocrx_word' id='word_1_55' title='bbox 813 1105 914 1168; x_wconf 90' lang='lat' dir='ltr'>solum</span> <span class='ocrx_word' id='word_1_56' title='bbox 926 1103 1044 1168; x_wconf 73' lang='lat' dir='ltr'>umiale</span> <span class='ocrx_word' id='word_1_57' title='bbox 1056 1115 1117 1181; x_wconf 79' lang='lat' dir='ltr'>est3</span> <span class='ocrx_word' id='word_1_58' title='bbox 1131 1107 1194 1170; x_wconf 87' lang='lat' dir='ltr'>ime</span> <span class='ocrx_word' id='word_1_59' title='bbox 1208 1109 1372 1188; x_wconf 88' lang='lat' dir='ltr'>probabili·</span> 
     </span>
     <span class='ocr_line' id='line_1_9' title="bbox 93 1191 1372 1276; baseline -0.002 -14"><span class='ocrx_word' id='word_1_60' title='bbox 93 1205 146 1262; x_wconf 72' lang='lat' dir='ltr'>tn</span> <span class='ocrx_word' id='word_1_61' title='bbox 159 1194 272 1260; x_wconf 74' lang='lat' dir='ltr'>veniad</span> <span class='ocrx_word' id='word_1_62' title='bbox 285 1195 376 1274; x_wconf 87' lang='lat' dir='ltr'>culpe</span> <span class='ocrx_word' id='word_1_63' title='bbox 389 1200 486 1267; x_wconf 89' lang='lat' dir='ltr'>earet,</span> <span class='ocrx_word' id='word_1_64' title='bbox 503 1192 530 1254; x_wconf 86' lang='lat' dir='ltr'>si</span> <span class='ocrx_word' id='word_1_65' title='bbox 548 1192 643 1256; x_wconf 88' lang='lat' dir='ltr'>etiam</span> <span class='ocrx_word' id='word_1_66' title='bbox 662 1191 728 1256; x_wconf 90' lang='lat' dir='ltr'>sine</span> <span class='ocrx_word' id='word_1_67' title='bbox 741 1193 967 1273; x_wconf 89' lang='lat' dir='ltr'>dispensatione</span> <span class='ocrx_word' id='word_1_68' title='bbox 986 1194 1039 1256; x_wconf 89' lang='lat' dir='ltr'>liat</span> <span class='ocrx_word' id='word_1_69' title='bbox 1055 1213 1153 1276; x_wconf 75' lang='lat' dir='ltr'>mune</span> <span class='ocrx_word' id='word_1_70' title='bbox 1166 1197 1205 1258; x_wconf 87' lang='lat' dir='ltr'>ad</span> <span class='ocrx_word' id='word_1_71' title='bbox 1218 1199 1372 1260; x_wconf 73' lang='lat' dir='ltr'>Canem</span> 
     </span>
     <span class='ocr_line' id='line_1_10' title="bbox 92 1281 1373 1366; baseline 0.002 -18"><span class='ocrx_word' id='word_1_72' title='bbox 92 1291 224 1349; x_wconf 78' lang='lat' dir='ltr'>tantum</span> <span class='ocrx_word' id='word_1_73' title='bbox 238 1301 276 1346; x_wconf 83' lang='lat' dir='ltr'>ex</span> <span class='ocrx_word' id='word_1_74' title='bbox 290 1281 465 1346; x_wconf 72' lang='lat' dir='ltr'>rationabili</span> <span class='ocrx_word' id='word_1_75' title='bbox 478 1299 571 1344; x_wconf 81' lang='lat' dir='ltr'>cama</span> <span class='ocrx_word' id='word_1_76' title='bbox 583 1286 614 1344; x_wconf 88' lang='lat' dir='ltr'>et</span> <span class='ocrx_word' id='word_1_77' title='bbox 628 1281 663 1344; x_wconf 90' lang='lat' dir='ltr'>in</span> <span class='ocrx_word' id='word_1_78' title='bbox 677 1283 739 1344; x_wconf 92' lang='lat' dir='ltr'>loco</span> <span class='ocrx_word' id='word_1_79' title='bbox 751 1282 885 1362; x_wconf 86' lang='lat' dir='ltr'>privato,</span> <span class='ocrx_word' id='word_1_80' title='bbox 903 1283 949 1346; x_wconf 86' lang='lat' dir='ltr'>vel</span> <span class='ocrx_word' id='word_1_81' title='bbox 965 1282 1059 1346; x_wconf 87' lang='lat' dir='ltr'>etiam</span> <span class='ocrx_word' id='word_1_82' title='bbox 1074 1283 1108 1348; x_wconf 91' lang='lat' dir='ltr'>in</span> <span class='ocrx_word' id='word_1_83' title='bbox 1123 1285 1184 1348; x_wconf 90' lang='lat' dir='ltr'>loco</span> <span class='ocrx_word' id='word_1_84' title='bbox 1195 1286 1332 1366; x_wconf 85' lang='lat' dir='ltr'>publico,</span> <span class='ocrx_word' id='word_1_85' title='bbox 1346 1285 1373 1350; x_wconf 89' lang='lat' dir='ltr'>si</span> 
     </span>
     <span class='ocr_line' id='line_1_11' title="bbox 92 1369 1373 1454; baseline 0.001 -17"><span class='ocrx_word' id='word_1_86' title='bbox 92 1374 176 1437; x_wconf 88' lang='lat' dir='ltr'>ratio</span> <span class='ocrx_word' id='word_1_87' title='bbox 190 1372 387 1436; x_wconf 78' lang='lat' dir='ltr'>adstantibus</span> <span class='ocrx_word' id='word_1_88' title='bbox 401 1369 564 1434; x_wconf 83' lang='lat' dir='ltr'>manifesta</span> <span class='ocrx_word' id='word_1_89' title='bbox 578 1371 633 1445; x_wconf 89' lang='lat' dir='ltr'>sit,</span> <span class='ocrx_word' id='word_1_90' title='bbox 650 1378 681 1434; x_wconf 93' lang='lat' dir='ltr'>et</span> <span class='ocrx_word' id='word_1_91' title='bbox 700 1371 842 1436; x_wconf 80' lang='lat' dir='ltr'>Sacerdos</span> <span class='ocrx_word' id='word_1_92' title='bbox 855 1371 1006 1436; x_wconf 85' lang='lat' dir='ltr'>celebrare</span> <span class='ocrx_word' id='word_1_93' title='bbox 1020 1390 1082 1436; x_wconf 91' lang='lat' dir='ltr'>non</span> <span class='ocrx_word' id='word_1_94' title='bbox 1096 1373 1191 1454; x_wconf 86' lang='lat' dir='ltr'>possit</span> <span class='ocrx_word' id='word_1_95' title='bbox 1204 1373 1271 1438; x_wconf 90' lang='lat' dir='ltr'>sine</span> <span class='ocrx_word' id='word_1_96' title='bbox 1287 1383 1373 1438; x_wconf 67' lang='lat' dir='ltr'>notae</span> 
     </span>
     <span class='ocr_line' id='line_1_12' title="bbox 94 1459 1373 1544; baseline 0.001 -19"><span class='ocrx_word' id='word_1_97' title='bbox 94 1461 155 1526; x_wconf 78' lang='lat' dir='ltr'>bili</span> <span class='ocrx_word' id='word_1_98' title='bbox 170 1461 376 1525; x_wconf 86' lang='lat' dir='ltr'>incommodo.</span> <span class='ocrx_word' id='word_1_99' title='bbox 393 1459 539 1524; x_wconf 87' lang='lat' dir='ltr'>illicitum</span> <span class='ocrx_word' id='word_1_100' title='bbox 553 1466 600 1522; x_wconf 86' lang='lat' dir='ltr'>est</span> <span class='ocrx_word' id='word_1_101' title='bbox 618 1463 721 1524; x_wconf 68' lang='lat' dir='ltr'>umen</span> <span class='ocrx_word' id='word_1_102' title='bbox 739 1459 887 1522; x_wconf 86' lang='lat' dir='ltr'>celebrare</span> <span class='ocrx_word' id='word_1_103' title='bbox 903 1459 1058 1542; x_wconf 77' lang='lat' dir='ltr'>integram</span> <span class='ocrx_word' id='word_1_104' title='bbox 1073 1463 1199 1528; x_wconf 78' lang='lat' dir='ltr'>Missam</span> <span class='ocrx_word' id='word_1_105' title='bbox 1219 1464 1373 1544; x_wconf 77' lang='lat' dir='ltr'>capite-sic</span> 
     </span>
     <span class='ocr_line' id='line_1_13' title="bbox 94 1547 1373 1634; baseline 0.002 -20"><span class='ocrx_word' id='word_1_106' title='bbox 94 1558 237 1632; x_wconf 83' lang='lat' dir='ltr'>cooperto</span> <span class='ocrx_word' id='word_1_107' title='bbox 251 1551 369 1630; x_wconf 81' lang='lat' dir='ltr'>absque</span> <span class='ocrx_word' id='word_1_108' title='bbox 383 1547 506 1612; x_wconf 87' lang='lat' dir='ltr'>licentia</span> <span class='ocrx_word' id='word_1_109' title='bbox 519 1549 691 1629; x_wconf 85' lang='lat' dir='ltr'>apostolica.</span> <span class='ocrx_word' id='word_1_110' title='bbox 708 1547 758 1614; x_wconf 86' lang='lat' dir='ltr'>Sic</span> <span class='ocrx_word' id='word_1_111' title='bbox 771 1567 910 1629; x_wconf 78' lang='lat' dir='ltr'>expresse</span> <span class='ocrx_word' id='word_1_112' title='bbox 925 1549 962 1612; x_wconf 88' lang='lat' dir='ltr'>S.</span> <span class='ocrx_word' id='word_1_113' title='bbox 975 1550 1059 1632; x_wconf 65' lang='lat' dir='ltr'>Lip„</span> <span class='ocrx_word' id='word_1_114' title='bbox 1075 1571 1107 1614; x_wconf 79' lang='lat' dir='ltr'>o.</span> <span class='ocrx_word' id='word_1_115' title='bbox 1124 1556 1193 1627; x_wconf 83' lang='lat'>397,</span> <span class='ocrx_word' id='word_1_116' title='bbox 1206 1557 1274 1634; x_wconf 90' lang='lat' dir='ltr'>post</span> <span class='ocrx_word' id='word_1_117' title='bbox 1286 1553 1373 1616; x_wconf 84' lang='lat' dir='ltr'>ulios.</span> 
     </span>
     <span class='ocr_line' id='line_1_14' title="bbox 93 1636 930 1715; baseline -0.007 -13"><span class='ocrx_word' id='word_1_118' title='bbox 93 1673 135 1686; x_wconf 86' lang='lat'>-—</span> <span class='ocrx_word' id='word_1_119' title='bbox 154 1638 313 1715; x_wconf 79' lang='lat' dir='ltr'>Creisscn,</span> <span class='ocrx_word' id='word_1_120' title='bbox 329 1637 473 1700; x_wconf 77' lang='lat' dir='ltr'>Manuale</span> <span class='ocrx_word' id='word_1_121' title='bbox 486 1636 571 1698; x_wconf 78' lang='lat' dir='ltr'>luris</span> <span class='ocrx_word' id='word_1_122' title='bbox 586 1657 665 1712; x_wconf 72' lang='lat' dir='ltr'>con,</span> <span class='ocrx_word' id='word_1_123' title='bbox 682 1647 704 1700; x_wconf 83' lang='lat' dir='ltr'>t.</span> <span class='ocrx_word' id='word_1_124' title='bbox 719 1639 775 1712; x_wconf 88' lang='lat'>111,</span> <span class='ocrx_word' id='word_1_125' title='bbox 791 1658 821 1698; x_wconf 85' lang='lat' dir='ltr'>u.</span> <span class='ocrx_word' id='word_1_126' title='bbox 839 1641 930 1702; x_wconf 85' lang='grc'><strong>3688.</strong></span> 
     </span>
    </p>

    <p class='ocr_par' dir='ltr' id='par_1_5' title="bbox 93 1723 1375 2320">
     <span class='ocr_line' id='line_1_15' title="bbox 137 1723 1375 1811; baseline 0.002 -20"><span class='ocrx_word' id='word_1_127' title='bbox 137 1733 174 1791; x_wconf 71' lang='lat'>2⁰</span> <span class='ocrx_word' id='word_1_128' title='bbox 189 1726 337 1790; x_wconf 82' lang='lat' dir='ltr'>illicitum</span> <span class='ocrx_word' id='word_1_129' title='bbox 358 1733 405 1790; x_wconf 89' lang='lat' dir='ltr'>est</span> <span class='ocrx_word' id='word_1_130' title='bbox 422 1727 544 1805; x_wconf 85' lang='lat' dir='ltr'>dejure</span> <span class='ocrx_word' id='word_1_131' title='bbox 562 1725 720 1790; x_wconf 87' lang='lat' dir='ltr'>communi</span> <span class='ocrx_word' id='word_1_132' title='bbox 739 1723 887 1787; x_wconf 84' lang='lat' dir='ltr'>celcbrare</span> <span class='ocrx_word' id='word_1_133' title='bbox 910 1743 981 1788; x_wconf 89' lang='lat' dir='ltr'>cum</span> <span class='ocrx_word' id='word_1_134' title='bbox 1004 1725 1181 1806; x_wconf 80' lang='lat' dir='ltr'>capillatura</span> <span class='ocrx_word' id='word_1_135' title='bbox 1199 1729 1269 1792; x_wconf 85' lang='lat' dir='ltr'>licta</span> <span class='ocrx_word' id='word_1_136' title='bbox 1289 1730 1375 1811; x_wconf 63' lang='lat' dir='ltr'>iper-</span> 
     </span>
     <span class='ocr_line' id='line_1_16' title="bbox 94 1811 1375 1897; baseline 0.005 -22"><span class='ocrx_word' id='word_1_137' title='bbox 94 1815 227 1897; x_wconf 82' lang='lat' dir='ltr'>ruque);</span> <span class='ocrx_word' id='word_1_138' title='bbox 250 1815 342 1894; x_wconf 85' lang='lat' dir='ltr'>idque</span> <span class='ocrx_word' id='word_1_139' title='bbox 363 1814 420 1876; x_wconf 92' lang='lat' dir='ltr'>sub</span> <span class='ocrx_word' id='word_1_140' title='bbox 441 1831 533 1892; x_wconf 86' lang='lat' dir='ltr'>poena</span> <span class='ocrx_word' id='word_1_141' title='bbox 556 1813 765 1892; x_wconf 82' lang='lat' dir='ltr'>suspensionis</span> <span class='ocrx_word' id='word_1_142' title='bbox 787 1831 805 1872; x_wconf 89' lang='lat' dir='ltr'>a</span> <span class='ocrx_word' id='word_1_143' title='bbox 825 1811 940 1874; x_wconf 90' lang='lat' dir='ltr'>divinis</span> <span class='ocrx_word' id='word_1_144' title='bbox 958 1811 1081 1878; x_wconf 85' lang='lat' dir='ltr'>Officiis.</span> <span class='ocrx_word' id='word_1_145' title='bbox 1095 1817 1143 1878; x_wconf 88' lang='lat' dir='ltr'>Ita</span> <span class='ocrx_word' id='word_1_146' title='bbox 1163 1819 1375 1881; x_wconf 75' lang='lat' dir='ltr'>animaelli</span> 
     </span>
     <span class='ocr_line' id='line_1_17' title="bbox 94 1899 1375 1982; baseline 0.001 -15"><span class='ocrx_word' id='word_1_147' title='bbox 94 1909 235 1976; x_wconf 84' lang='lat' dir='ltr'>Decreta,</span> <span class='ocrx_word' id='word_1_148' title='bbox 250 1901 285 1963; x_wconf 91' lang='lat' dir='ltr'>in</span> <span class='ocrx_word' id='word_1_149' title='bbox 299 1919 360 1981; x_wconf 88' lang='lat' dir='ltr'>quo</span> <span class='ocrx_word' id='word_1_150' title='bbox 372 1901 499 1980; x_wconf 88' lang='lat' dir='ltr'>insuper</span> <span class='ocrx_word' id='word_1_151' title='bbox 512 1900 691 1981; x_wconf 92' lang='lat' dir='ltr'>prohibetur</span> <span class='ocrx_word' id='word_1_152' title='bbox 704 1899 859 1980; x_wconf 89' lang='lat' dir='ltr'>Episcopis</span> <span class='ocrx_word' id='word_1_153' title='bbox 868 1904 900 1961; x_wconf 88' lang='lat' dir='ltr'>et</span> <span class='ocrx_word' id='word_1_154' title='bbox 910 1900 1036 1964; x_wconf 89' lang='lat' dir='ltr'>Nuntiis</span> <span class='ocrx_word' id='word_1_155' title='bbox 1051 1903 1231 1982; x_wconf 86' lang='lat' dir='ltr'>apostolicis,</span> <span class='ocrx_word' id='word_1_156' title='bbox 1246 1924 1284 1966; x_wconf 91' lang='lat' dir='ltr'>ne</span> <span class='ocrx_word' id='word_1_157' title='bbox 1295 1906 1375 1968; x_wconf 89' lang='lat' dir='ltr'>hanc</span> 
     </span>
     <span class='ocr_line' id='line_1_18' title="bbox 93 1987 1375 2070; baseline 0.001 -15"><span class='ocrx_word' id='word_1_158' title='bbox 93 1991 268 2055; x_wconf 83' lang='lat' dir='ltr'>concedunt</span> <span class='ocrx_word' id='word_1_159' title='bbox 294 1987 463 2051; x_wconf 77' lang='lat' dir='ltr'>licentiam.</span> <span class='ocrx_word' id='word_1_160' title='bbox 481 2023 522 2034; x_wconf 79' lang='lat'>-</span> <span class='ocrx_word' id='word_1_161' title='bbox 541 1988 576 2049; x_wconf 90' lang='lat' dir='ltr'>S.</span> <span class='ocrx_word' id='word_1_162' title='bbox 598 1989 669 2070; x_wconf 73' lang='lat' dir='ltr'>Lip.</span> <span class='ocrx_word' id='word_1_163' title='bbox 689 2009 719 2049; x_wconf 85' lang='lat' dir='ltr'>n.</span> <span class='ocrx_word' id='word_1_164' title='bbox 741 1991 812 2050; x_wconf 85' lang='grc'><strong>386.</strong></span> <span class='ocrx_word' id='word_1_165' title='bbox 832 1989 948 2050; x_wconf 88' lang='lat' dir='ltr'>-Sed</span> <span class='ocrx_word' id='word_1_166' title='bbox 967 1988 1033 2052; x_wconf 77' lang='lat' dir='ltr'>bec</span> <span class='ocrx_word' id='word_1_167' title='bbox 1052 1990 1220 2070; x_wconf 90' lang='lat' dir='ltr'>probibitio</span> <span class='ocrx_word' id='word_1_168' title='bbox 1240 1992 1318 2056; x_wconf 87' lang='lat' dir='ltr'>abiit</span> <span class='ocrx_word' id='word_1_169' title='bbox 1340 1995 1375 2056; x_wconf 93' lang='lat' dir='ltr'>in</span> 
     </span>
     <span class='ocr_line' id='line_1_19' title="bbox 95 2074 1375 2158; baseline 0.002 -15"><span class='ocrx_word' id='word_1_170' title='bbox 95 2077 338 2143; x_wconf 87' lang='lat' dir='ltr'>desuetudinem</span> <span class='ocrx_word' id='word_1_171' title='bbox 361 2074 502 2157; x_wconf 73' lang='lat' dir='ltr'>pluribus</span> <span class='ocrx_word' id='word_1_172' title='bbox 523 2077 558 2139; x_wconf 95' lang='lat' dir='ltr'>in</span> <span class='ocrx_word' id='word_1_173' title='bbox 578 2075 666 2152; x_wconf 81' lang='lat' dir='ltr'>lucie,</span> <span class='ocrx_word' id='word_1_174' title='bbox 687 2076 779 2140; x_wconf 90' lang='lat' dir='ltr'>utin</span> <span class='ocrx_word' id='word_1_175' title='bbox 800 2075 914 2151; x_wconf 81' lang='lat' dir='ltr'>Galba,</span> <span class='ocrx_word' id='word_1_176' title='bbox 936 2084 972 2139; x_wconf 95' lang='lat' dir='ltr'>ut</span> <span class='ocrx_word' id='word_1_177' title='bbox 989 2084 1076 2158; x_wconf 86' lang='lat' dir='ltr'>patet</span> <span class='ocrx_word' id='word_1_178' title='bbox 1099 2097 1136 2142; x_wconf 81' lang='lat' dir='ltr'>ex</span> <span class='ocrx_word' id='word_1_179' title='bbox 1155 2081 1375 2145; x_wconf 86' lang='lat' dir='ltr'>consuetudine</span> 
     </span>
     <span class='ocr_line' id='line_1_20' title="bbox 94 2165 1374 2248; baseline 0.001 -17"><span class='ocrx_word' id='word_1_180' title='bbox 94 2166 263 2232; x_wconf 81' lang='lat' dir='ltr'>contraria.</span> <span class='ocrx_word' id='word_1_181' title='bbox 281 2202 320 2210; x_wconf 95' lang='lat'><em>-</em></span> <span class='ocrx_word' id='word_1_182' title='bbox 341 2165 482 2234; x_wconf 83' lang='lat' dir='ltr'>Bouuier,</span> <span class='ocrx_word' id='word_1_183' title='bbox 506 2165 541 2228; x_wconf 82' lang='lat' dir='ltr'>de</span> <span class='ocrx_word' id='word_1_184' title='bbox 564 2165 727 2248; x_wconf 74' lang='lat' dir='ltr'>Sacrificio</span> <span class='ocrx_word' id='word_1_185' title='bbox 751 2166 866 2236; x_wconf 76' lang='lat' dir='ltr'>Mose,</span> <span class='ocrx_word' id='word_1_186' title='bbox 890 2185 917 2229; x_wconf 85' lang='lat' dir='ltr'>c.</span> <span class='ocrx_word' id='word_1_187' title='bbox 938 2185 999 2242; x_wconf 82' lang='lat' dir='ltr'>vn,</span> <span class='ocrx_word' id='word_1_188' title='bbox 1022 2176 1081 2228; x_wconf 85' lang='lat' dir='ltr'>art.</span> <span class='ocrx_word' id='word_1_189' title='bbox 1102 2173 1133 2230; x_wconf 80' lang='lat'>7.</span> <span class='ocrx_word' id='word_1_190' title='bbox 1153 2205 1194 2214; x_wconf 93' lang='lat'><em>-</em></span> <span class='ocrx_word' id='word_1_191' title='bbox 1218 2169 1374 2248; x_wconf 83' lang='lat' dir='ltr'>Cruisson,</span> 
     </span>
     <span class='ocr_line' id='line_1_21' title="bbox 94 2259 238 2320; baseline -0.014 -2"><span class='ocrx_word' id='word_1_192' title='bbox 94 2278 125 2318; x_wconf 85' lang='lat' dir='ltr'>u.</span> <span class='ocrx_word' id='word_1_193' title='bbox 141 2259 238 2320; x_wconf 71' lang='lat'><strong>3692.</strong></span> 
     </span>
    </p>

    <p class='ocr_par' dir='ltr' id='par_1_6' title="bbox 95 2341 1374 2688">
     <span class='ocr_line' id='line_1_22' title="bbox 137 2341 1374 2422; baseline 0.001 -13"><span class='ocrx_word' id='word_1_194' title='bbox 137 2351 176 2410; x_wconf 81' lang='grc' dir='ltr'>3ο</span> <span class='ocrx_word' id='word_1_195' title='bbox 190 2345 256 2406; x_wconf 90' lang='lat' dir='ltr'>Non</span> <span class='ocrx_word' id='word_1_196' title='bbox 269 2348 463 2405; x_wconf 83' lang='lat' dir='ltr'>excusatura</span> <span class='ocrx_word' id='word_1_197' title='bbox 476 2341 588 2406; x_wconf 83' lang='lat' dir='ltr'>veniali</span> <span class='ocrx_word' id='word_1_198' title='bbox 601 2342 743 2406; x_wconf 87' lang='lat' dir='ltr'>Sacerdos</span> <span class='ocrx_word' id='word_1_199' title='bbox 752 2342 807 2422; x_wconf 91' lang='lat' dir='ltr'>qui</span> <span class='ocrx_word' id='word_1_200' title='bbox 819 2342 937 2404; x_wconf 89' lang='lat' dir='ltr'>omittit</span> <span class='ocrx_word' id='word_1_201' title='bbox 949 2341 1186 2420; x_wconf 85' lang='lat' dir='ltr'>benedictiones,</span> <span class='ocrx_word' id='word_1_202' title='bbox 1203 2346 1374 2411; x_wconf 85' lang='lat' dir='ltr'>inclinatio-</span> 
     </span>
     <span class='ocr_line' id='line_1_23' title="bbox 95 2429 1374 2514; baseline 0.003 -20"><span class='ocrx_word' id='word_1_203' title='bbox 95 2453 173 2508; x_wconf 87' lang='lat' dir='ltr'>nes,</span> <span class='ocrx_word' id='word_1_204' title='bbox 190 2431 434 2512; x_wconf 81' lang='lat' dir='ltr'>genuflectiones,</span> <span class='ocrx_word' id='word_1_205' title='bbox 448 2436 505 2494; x_wconf 88' lang='lat' dir='ltr'>etc.</span> <span class='ocrx_word' id='word_1_206' title='bbox 520 2431 602 2492; x_wconf 88' lang='lat' dir='ltr'>Idem</span> <span class='ocrx_word' id='word_1_207' title='bbox 619 2429 713 2492; x_wconf 89' lang='lat' dir='ltr'>dicito</span> <span class='ocrx_word' id='word_1_208' title='bbox 736 2431 772 2493; x_wconf 90' lang='lat' dir='ltr'>de</span> <span class='ocrx_word' id='word_1_209' title='bbox 793 2449 827 2492; x_wconf 91' lang='lat' dir='ltr'>eo</span> <span class='ocrx_word' id='word_1_210' title='bbox 846 2430 900 2510; x_wconf 90' lang='lat' dir='ltr'>qui</span> <span class='ocrx_word' id='word_1_211' title='bbox 915 2432 1107 2496; x_wconf 74' lang='lat' dir='ltr'>advertentes</span> <span class='ocrx_word' id='word_1_212' title='bbox 1122 2452 1184 2496; x_wconf 92' lang='lat' dir='ltr'>non</span> <span class='ocrx_word' id='word_1_213' title='bbox 1199 2435 1374 2514; x_wconf 80' lang='lat' dir='ltr'>genuflectit</span> 
     </span>
     <span class='ocr_line' id='line_1_24' title="bbox 97 2518 1372 2600; baseline 0.001 -14"><span class='ocrx_word' id='word_1_214' title='bbox 97 2525 135 2586; x_wconf 90' lang='lat' dir='ltr'>ad</span> <span class='ocrx_word' id='word_1_215' title='bbox 147 2528 282 2588; x_wconf 85' lang='lat' dir='ltr'>terram,</span> <span class='ocrx_word' id='word_1_216' title='bbox 297 2520 344 2582; x_wconf 93' lang='lat' dir='ltr'>vel</span> <span class='ocrx_word' id='word_1_217' title='bbox 358 2527 464 2582; x_wconf 87' lang='lat' dir='ltr'>eontra</span> <span class='ocrx_word' id='word_1_218' title='bbox 477 2518 618 2583; x_wconf 76' lang='lat' dir='ltr'>nunnae</span> <span class='ocrx_word' id='word_1_219' title='bbox 631 2518 806 2599; x_wconf 80' lang='lat' dir='ltr'>prescripta</span> <span class='ocrx_word' id='word_1_220' title='bbox 827 2524 931 2582; x_wconf 88' lang='lat' dir='ltr'>mutat</span> <span class='ocrx_word' id='word_1_221' title='bbox 948 2520 1088 2584; x_wconf 89' lang='lat' dir='ltr'>ordinem</span> <span class='ocrx_word' id='word_1_222' title='bbox 1107 2522 1372 2600; x_wconf 89' lang='lat' dir='ltr'>benedictionum,</span> 
     </span>
     <span class='ocr_line' id='line_1_25' title="bbox 96 2607 924 2688; baseline -0.005 -14"><span class='ocrx_word' id='word_1_223' title='bbox 96 2616 151 2674; x_wconf 87' lang='lat' dir='ltr'>aut</span> <span class='ocrx_word' id='word_1_224' title='bbox 169 2609 233 2672; x_wconf 74' lang='lat' dir='ltr'>haec</span> <span class='ocrx_word' id='word_1_225' title='bbox 247 2608 343 2671; x_wconf 89' lang='lat' dir='ltr'>nimis</span> <span class='ocrx_word' id='word_1_226' title='bbox 357 2608 493 2672; x_wconf 88' lang='lat' dir='ltr'>celeriter</span> <span class='ocrx_word' id='word_1_227' title='bbox 506 2607 633 2688; x_wconf 83' lang='lat' dir='ltr'>peragit.</span> <span class='ocrx_word' id='word_1_228' title='bbox 649 2644 688 2652; x_wconf 90' lang='lat'><strong>—</strong></span> <span class='ocrx_word' id='word_1_229' title='bbox 701 2607 845 2677; x_wconf 66' lang='lat' dir='ltr'>Meroen,</span> <span class='ocrx_word' id='word_1_230' title='bbox 866 2614 924 2670; x_wconf 90' lang='lat' dir='ltr'>etc.</span> 
     </span>
    </p>

    <p class='ocr_par' dir='ltr' id='par_1_7' title="bbox 97 2695 1374 3220">
     <span class='ocr_line' id='line_1_26' title="bbox 136 2695 1373 2780; baseline 0.002 -20"><span class='ocrx_word' id='word_1_231' title='bbox 136 2705 174 2762; x_wconf 71' lang='lat'>4⁰</span> <span class='ocrx_word' id='word_1_232' title='bbox 194 2701 251 2759; x_wconf 87' lang='lat' dir='ltr'>Est</span> <span class='ocrx_word' id='word_1_233' title='bbox 269 2703 426 2777; x_wconf 87' lang='lat' dir='ltr'>peccatum</span> <span class='ocrx_word' id='word_1_234' title='bbox 448 2714 554 2777; x_wconf 81' lang='lat' dir='ltr'>grave,</span> <span class='ocrx_word' id='word_1_235' title='bbox 575 2695 637 2758; x_wconf 88' lang='lat' dir='ltr'>nisi</span> <span class='ocrx_word' id='word_1_236' title='bbox 658 2696 767 2758; x_wconf 86' lang='lat' dir='ltr'>levitas</span> <span class='ocrx_word' id='word_1_237' title='bbox 790 2696 928 2758; x_wconf 84' lang='lat' dir='ltr'>materiae</span> <span class='ocrx_word' id='word_1_238' title='bbox 950 2703 1088 2773; x_wconf 87' lang='lat' dir='ltr'>excuset,</span> <span class='ocrx_word' id='word_1_239' title='bbox 1105 2699 1247 2762; x_wconf 90' lang='lat' dir='ltr'>omittere</span> <span class='ocrx_word' id='word_1_240' title='bbox 1273 2707 1373 2780; x_wconf 86' lang='lat' dir='ltr'>partes</span> 
     </span>
     <span class='ocr_line' id='line_1_27' title="bbox 97 2783 1371 2867; baseline -0.002 -16"><span class='ocrx_word' id='word_1_241' title='bbox 97 2787 199 2851; x_wconf 78' lang='lat' dir='ltr'>blissae</span> <span class='ocrx_word' id='word_1_242' title='bbox 222 2803 291 2866; x_wconf 79' lang='lat' dir='ltr'>quae</span> <span class='ocrx_word' id='word_1_243' title='bbox 310 2785 457 2848; x_wconf 91' lang='lat' dir='ltr'>dicuntur</span> <span class='ocrx_word' id='word_1_244' title='bbox 473 2783 650 2858; x_wconf 73' lang='lat' dir='ltr'>ordinariae,</span> <span class='ocrx_word' id='word_1_245' title='bbox 674 2803 729 2847; x_wconf 87' lang='lat' dir='ltr'>seu</span> <span class='ocrx_word' id='word_1_246' title='bbox 747 2803 815 2865; x_wconf 81' lang='lat' dir='ltr'>quaa</span> <span class='ocrx_word' id='word_1_247' title='bbox 836 2803 956 2865; x_wconf 89' lang='lat' dir='ltr'>semper</span> <span class='ocrx_word' id='word_1_248' title='bbox 974 2786 1144 2849; x_wconf 86' lang='lat' dir='ltr'>recitantur</span> <span class='ocrx_word' id='word_1_249' title='bbox 1158 2789 1205 2850; x_wconf 84' lang='lat' dir='ltr'>vel</span> <span class='ocrx_word' id='word_1_250' title='bbox 1225 2795 1371 2867; x_wconf 81' lang='lat' dir='ltr'>aguntur.</span> 
     </span>
     <span class='ocr_line' id='line_1_28' title="bbox 98 2871 1374 2960; baseline -0.003 -19"><span class='ocrx_word' id='word_1_251' title='bbox 98 2877 188 2941; x_wconf 88' lang='lat' dir='ltr'>Unde</span> <span class='ocrx_word' id='word_1_252' title='bbox 211 2873 417 2937; x_wconf 82' lang='lat' dir='ltr'>communiter</span> <span class='ocrx_word' id='word_1_253' title='bbox 440 2871 549 2960; x_wconf 83' lang='lat' dir='ltr'>dicunt</span> <span class='ocrx_word' id='word_1_254' title='bbox 570 2875 727 2947; x_wconf 88' lang='lat' dir='ltr'>Doctores,</span> <span class='ocrx_word' id='word_1_255' title='bbox 753 2890 818 2935; x_wconf 88' lang='lat' dir='ltr'>esse</span> <span class='ocrx_word' id='word_1_256' title='bbox 845 2874 972 2936; x_wconf 87' lang='lat' dir='ltr'>mortale</span> <span class='ocrx_word' id='word_1_257' title='bbox 992 2873 1136 2936; x_wconf 86' lang='lat' dir='ltr'>omittere</span> <span class='ocrx_word' id='word_1_258' title='bbox 1157 2875 1374 2939; x_wconf 85' lang='lat' dir='ltr'>confessionem</span> 
     </span>
     <span class='ocr_line' id='line_1_29' title="bbox 101 2960 1374 3044; baseline -0.002 -17"><span class='ocrx_word' id='word_1_259' title='bbox 101 2981 173 3027; x_wconf 87' lang='lat' dir='ltr'>cum</span> <span class='ocrx_word' id='word_1_260' title='bbox 194 2962 263 3026; x_wconf 89' lang='lat' dir='ltr'>aliis</span> <span class='ocrx_word' id='word_1_261' title='bbox 286 2961 319 3024; x_wconf 90' lang='lat' dir='ltr'>in</span> <span class='ocrx_word' id='word_1_262' title='bbox 339 2960 488 3042; x_wconf 91' lang='lat' dir='ltr'>principio</span> <span class='ocrx_word' id='word_1_263' title='bbox 508 2961 623 3034; x_wconf 84' lang='lat' dir='ltr'>blissae,</span> <span class='ocrx_word' id='word_1_264' title='bbox 646 2960 828 3040; x_wconf 85' lang='lat' dir='ltr'>Epistulam,</span> <span class='ocrx_word' id='word_1_265' title='bbox 854 2961 1070 3042; x_wconf 66' lang='lat' dir='ltr'>Evangelium</span> <span class='ocrx_word' id='word_1_266' title='bbox 1095 2964 1239 3026; x_wconf 82' lang='lat' dir='ltr'>Collectas</span> <span class='ocrx_word' id='word_1_267' title='bbox 1261 2962 1374 3044; x_wconf 90' lang='lat' dir='ltr'>princi-</span> 
     </span>
     <span class='ocr_line' id='line_1_30' title="bbox 101 3047 1373 3133; baseline -0.002 -17"><span class='ocrx_word' id='word_1_268' title='bbox 101 3053 198 3133; x_wconf 88' lang='lat' dir='ltr'>pales,</span> <span class='ocrx_word' id='word_1_269' title='bbox 224 3049 434 3125; x_wconf 66' lang='lat' dir='ltr'>Offerloricm</span> <span class='ocrx_word' id='word_1_270' title='bbox 460 3047 639 3111; x_wconf 83' lang='lat' dir='ltr'>fractionem</span> <span class='ocrx_word' id='word_1_271' title='bbox 663 3048 795 3126; x_wconf 75' lang='lat' dir='ltr'>Hostis,</span> <span class='ocrx_word' id='word_1_272' title='bbox 820 3055 851 3112; x_wconf 86' lang='lat' dir='ltr'>ct</span> <span class='ocrx_word' id='word_1_273' title='bbox 882 3049 966 3112; x_wconf 93' lang='lat' dir='ltr'>illius</span> <span class='ocrx_word' id='word_1_274' title='bbox 993 3050 1174 3114; x_wconf 80' lang='lat' dir='ltr'>mixtionem</span> <span class='ocrx_word' id='word_1_275' title='bbox 1199 3070 1271 3114; x_wconf 89' lang='lat' dir='ltr'>cum</span> <span class='ocrx_word' id='word_1_276' title='bbox 1295 3054 1373 3114; x_wconf 86' lang='lat' dir='ltr'>San-</span> 
     </span>
     <span class='ocr_line' id='line_1_31' title="bbox 102 3157 205 3220; baseline -0.01 -16"><span class='ocrx_word' id='word_1_277' title='bbox 102 3157 205 3220; x_wconf 81' lang='lat' dir='ltr'>gurne.</span> 
     </span>
    </p>

    <p class='ocr_par' dir='ltr' id='par_1_8' title="bbox 99 3224 1376 3574">
     <span class='ocr_line' id='line_1_32' title="bbox 141 3224 1375 3310; baseline -0.002 -16"><span class='ocrx_word' id='word_1_278' title='bbox 141 3233 177 3294; x_wconf 79' lang='lat'>5⁰</span> <span class='ocrx_word' id='word_1_279' title='bbox 188 3229 314 3295; x_wconf 82' lang='lat' dir='ltr'>Mortale</span> <span class='ocrx_word' id='word_1_280' title='bbox 328 3233 375 3291; x_wconf 91' lang='lat' dir='ltr'>est</span> <span class='ocrx_word' id='word_1_281' title='bbox 392 3227 534 3289; x_wconf 89' lang='lat' dir='ltr'>omittere</span> <span class='ocrx_word' id='word_1_282' title='bbox 551 3225 587 3287; x_wconf 92' lang='lat' dir='ltr'>in</span> <span class='ocrx_word' id='word_1_283' title='bbox 602 3229 722 3288; x_wconf 82' lang='lat' dir='ltr'>canone</span> <span class='ocrx_word' id='word_1_284' title='bbox 739 3224 839 3289; x_wconf 73' lang='lat' dir='ltr'>Missae</span> <span class='ocrx_word' id='word_1_285' title='bbox 861 3225 1031 3306; x_wconf 86' lang='lat' dir='ltr'>quamlibet</span> <span class='ocrx_word' id='word_1_286' title='bbox 1047 3228 1231 3302; x_wconf 85' lang='lat' dir='ltr'>orationem,</span> <span class='ocrx_word' id='word_1_287' title='bbox 1249 3229 1296 3291; x_wconf 88' lang='lat' dir='ltr'>vel</span> <span class='ocrx_word' id='word_1_288' title='bbox 1309 3230 1375 3310; x_wconf 84' lang='lat' dir='ltr'>ejus</span> 
     </span>
     <span class='ocr_line' id='line_1_33' title="bbox 103 3313 1375 3397; baseline -0.002 -17"><span class='ocrx_word' id='word_1_289' title='bbox 103 3319 197 3382; x_wconf 75' lang='lat' dir='ltr'>verba</span> <span class='ocrx_word' id='word_1_290' title='bbox 210 3317 256 3380; x_wconf 90' lang='lat' dir='ltr'>ita</span> <span class='ocrx_word' id='word_1_291' title='bbox 272 3323 411 3390; x_wconf 83' lang='lat' dir='ltr'>mutare,</span> <span class='ocrx_word' id='word_1_292' title='bbox 428 3321 467 3377; x_wconf 91' lang='lat' dir='ltr'>ut</span> <span class='ocrx_word' id='word_1_293' title='bbox 488 3332 596 3376; x_wconf 86' lang='lat' dir='ltr'>sensus</span> <span class='ocrx_word' id='word_1_294' title='bbox 610 3313 757 3388; x_wconf 83' lang='lat' dir='ltr'>varietur,</span> <span class='ocrx_word' id='word_1_295' title='bbox 775 3315 823 3376; x_wconf 90' lang='lat' dir='ltr'>vel</span> <span class='ocrx_word' id='word_1_296' title='bbox 846 3315 969 3394; x_wconf 84' lang='lat' dir='ltr'>aliquod</span> <span class='ocrx_word' id='word_1_297' title='bbox 991 3317 1121 3379; x_wconf 79' lang='lat' dir='ltr'>verbum</span> <span class='ocrx_word' id='word_1_298' title='bbox 1141 3317 1295 3392; x_wconf 89' lang='lat' dir='ltr'>omittere,</span> <span class='ocrx_word' id='word_1_299' title='bbox 1314 3335 1375 3397; x_wconf 87' lang='lat' dir='ltr'>quo</span> 
     </span>
     <span class='ocr_line' id='line_1_34' title="bbox 104 3401 1375 3487; baseline -0.002 -20"><span class='ocrx_word' id='word_1_300' title='bbox 104 3407 224 3470; x_wconf 89' lang='lat' dir='ltr'>sublate</span> <span class='ocrx_word' id='word_1_301' title='bbox 235 3406 354 3487; x_wconf 88' lang='lat' dir='ltr'>reliqua</span> <span class='ocrx_word' id='word_1_302' title='bbox 367 3403 460 3468; x_wconf 84' lang='lat' dir='ltr'>verbe</span> <span class='ocrx_word' id='word_1_303' title='bbox 473 3420 598 3466; x_wconf 88' lang='lat' dir='ltr'>sensum</span> <span class='ocrx_word' id='word_1_304' title='bbox 615 3419 677 3464; x_wconf 90' lang='lat' dir='ltr'>non</span> <span class='ocrx_word' id='word_1_305' title='bbox 690 3401 813 3464; x_wconf 79' lang='lat' dir='ltr'>faciant.</span> <span class='ocrx_word' id='word_1_306' title='bbox 830 3437 869 3446; x_wconf 93' lang='lat'><em>-</em></span> <span class='ocrx_word' id='word_1_307' title='bbox 882 3403 965 3465; x_wconf 91' lang='lat' dir='ltr'>Idem</span> <span class='ocrx_word' id='word_1_308' title='bbox 979 3403 1154 3481; x_wconf 88' lang='lat' dir='ltr'>dicendum,</span> <span class='ocrx_word' id='word_1_309' title='bbox 1170 3405 1197 3468; x_wconf 91' lang='lat' dir='ltr'>si</span> <span class='ocrx_word' id='word_1_310' title='bbox 1211 3405 1375 3468; x_wconf 91' lang='lat' dir='ltr'>omittatur</span> 
     </span>
     <span class='ocr_line' id='line_1_35' title="bbox 99 3489 1376 3574; baseline 0 -20"><span class='ocrx_word' id='word_1_311' title='bbox 99 3493 192 3556; x_wconf 82' lang='lat' dir='ltr'>Pater</span> <span class='ocrx_word' id='word_1_312' title='bbox 205 3504 306 3556; x_wconf 83' lang='lat' dir='ltr'>noster</span> <span class='ocrx_word' id='word_1_313' title='bbox 320 3492 368 3557; x_wconf 83' lang='lat' dir='ltr'>vel</span> <span class='ocrx_word' id='word_1_314' title='bbox 382 3491 485 3574; x_wconf 81' lang='lat' dir='ltr'>Apuus</span> <span class='ocrx_word' id='word_1_315' title='bbox 502 3491 574 3570; x_wconf 82' lang='lat' dir='ltr'>Dei;</span> <span class='ocrx_word' id='word_1_316' title='bbox 590 3491 674 3554; x_wconf 92' lang='lat' dir='ltr'>idem</span> <span class='ocrx_word' id='word_1_317' title='bbox 690 3491 727 3552; x_wconf 89' lang='lat' dir='ltr'>de</span> <span class='ocrx_word' id='word_1_318' title='bbox 744 3490 857 3551; x_wconf 84' lang='lat' dir='ltr'>Libero</span> <span class='ocrx_word' id='word_1_319' title='bbox 868 3509 938 3568; x_wconf 84' lang='lat' dir='ltr'>ucs;</span> <span class='ocrx_word' id='word_1_320' title='bbox 956 3489 1088 3570; x_wconf 82' lang='lat' dir='ltr'>Domine,</span> <span class='ocrx_word' id='word_1_321' title='bbox 1099 3515 1158 3553; x_wconf 86' lang='lat' dir='ltr'>nou</span> <span class='ocrx_word' id='word_1_322' title='bbox 1171 3513 1237 3554; x_wconf 86' lang='lat' dir='ltr'>sum</span> <span class='ocrx_word' id='word_1_323' title='bbox 1251 3493 1376 3574; x_wconf 69' lang='lat' dir='ltr'>atquae,</span> 
     </span>
    </p>
   </div>
   <div class='ocr_carea' id='block_1_5' title="bbox 29 3578 1373 3662">
    <p class='ocr_par' dir='ltr' id='par_1_9' title="bbox 29 3578 1373 3662">
     <span class='ocr_line' id='line_1_36' title="bbox 29 3578 1373 3662; baseline -0.005 -14"><span class='ocrx_word' id='word_1_324' title='bbox 29 3631 31 3648; x_wconf 90' lang='lat'>.</span> <span class='ocrx_word' id='word_1_325' title='bbox 103 3588 131 3645; x_wconf 88' lang='lat' dir='ltr'>et</span> <span class='ocrx_word' id='word_1_326' title='bbox 141 3583 415 3660; x_wconf 58' lang='lat' dir='ltr'>Quadretribuum</span> <span class='ocrx_word' id='word_1_327' title='bbox 427 3579 509 3643; x_wconf 90' lang='lat' dir='ltr'>idem</span> <span class='ocrx_word' id='word_1_328' title='bbox 521 3580 558 3642; x_wconf 92' lang='lat' dir='ltr'>de</span> <span class='ocrx_word' id='word_1_329' title='bbox 568 3578 781 3662; x_wconf 76' lang='lat' dir='ltr'>purificatione</span> <span class='ocrx_word' id='word_1_330' title='bbox 789 3583 906 3660; x_wconf 76' lang='lat' dir='ltr'>patenae</span> <span class='ocrx_word' id='word_1_331' title='bbox 919 3585 950 3641; x_wconf 88' lang='lat' dir='ltr'>ct</span> <span class='ocrx_word' id='word_1_332' title='bbox 958 3579 1059 3642; x_wconf 88' lang='lat' dir='ltr'>calicis</span> <span class='ocrx_word' id='word_1_333' title='bbox 1072 3587 1142 3661; x_wconf 92' lang='lat' dir='ltr'>post</span> <span class='ocrx_word' id='word_1_334' title='bbox 1154 3581 1373 3662; x_wconf 89' lang='lat' dir='ltr'>sumptionem.</span> 
     </span>
    </p>
   </div>
   <div class='ocr_carea' id='block_1_6' title="bbox 102 3667 1377 4638">
    <p class='ocr_par' dir='ltr' id='par_1_10' title="bbox 102 3667 640 3754">
     <span class='ocr_line' id='line_1_37' title="bbox 102 3667 640 3754; baseline -0.011 -19"><span class='ocrx_word' id='word_1_335' title='bbox 102 3706 138 3717; x_wconf 83' lang='lat'><em>-</em></span> <span class='ocrx_word' id='word_1_336' title='bbox 150 3671 187 3734; x_wconf 88' lang='lat' dir='ltr'>S.</span> <span class='ocrx_word' id='word_1_337' title='bbox 203 3671 287 3754; x_wconf 73' lang='lat' dir='ltr'>Lip,</span> <span class='ocrx_word' id='word_1_338' title='bbox 304 3693 334 3733; x_wconf 85' lang='lat' dir='ltr'>u.</span> <span class='ocrx_word' id='word_1_339' title='bbox 351 3673 421 3734; x_wconf 74' lang='lat' dir='ltr'>illd.</span> <span class='ocrx_word' id='word_1_340' title='bbox 433 3706 474 3743; x_wconf 77' lang='grc'>-,</span> <span class='ocrx_word' id='word_1_341' title='bbox 486 3667 640 3731; x_wconf 84' lang='lat' dir='ltr'>Salmant.</span> 
     </span>
    </p>

    <p class='ocr_par' dir='ltr' id='par_1_11' title="bbox 104 3756 1376 4194">
     <span class='ocr_line' id='line_1_38' title="bbox 139 3756 1376 3839; baseline -0.003 -15"><span class='ocrx_word' id='word_1_342' title='bbox 139 3765 211 3825; x_wconf 82' lang='lat' dir='ltr'>tto.</span> <span class='ocrx_word' id='word_1_343' title='bbox 226 3797 265 3806; x_wconf 90' lang='lat'>—</span> <span class='ocrx_word' id='word_1_344' title='bbox 280 3764 312 3823; x_wconf 85' lang='lat'>6⁰</span> <span class='ocrx_word' id='word_1_345' title='bbox 327 3759 451 3822; x_wconf 82' lang='lat' dir='ltr'>veniale</span> <span class='ocrx_word' id='word_1_346' title='bbox 464 3764 510 3820; x_wconf 90' lang='lat' dir='ltr'>est</span> <span class='ocrx_word' id='word_1_347' title='bbox 522 3758 664 3820; x_wconf 89' lang='lat' dir='ltr'>omittere</span> <span class='ocrx_word' id='word_1_348' title='bbox 676 3775 771 3820; x_wconf 86' lang='lat' dir='ltr'>unam</span> <span class='ocrx_word' id='word_1_349' title='bbox 785 3777 823 3820; x_wconf 85' lang='lat' dir='ltr'>ex</span> <span class='ocrx_word' id='word_1_350' title='bbox 837 3756 937 3821; x_wconf 89' lang='lat' dir='ltr'>tribus</span> <span class='ocrx_word' id='word_1_351' title='bbox 950 3757 1087 3822; x_wconf 76' lang='lat' dir='ltr'>collectis</span> <span class='ocrx_word' id='word_1_352' title='bbox 1099 3758 1332 3839; x_wconf 85' lang='lat' dir='ltr'>principalibus,</span> <span class='ocrx_word' id='word_1_353' title='bbox 1345 3765 1376 3820; x_wconf 89' lang='lat' dir='ltr'>et</span> 
     </span>
     <span class='ocr_line' id='line_1_39' title="bbox 106 3845 1376 3929; baseline -0.001 -19"><span class='ocrx_word' id='word_1_354' title='bbox 106 3850 232 3912; x_wconf 87' lang='lat' dir='ltr'>mortale</span> <span class='ocrx_word' id='word_1_355' title='bbox 253 3848 396 3911; x_wconf 90' lang='lat' dir='ltr'>omittere</span> <span class='ocrx_word' id='word_1_356' title='bbox 416 3848 509 3924; x_wconf 87' lang='lat' dir='ltr'>duas,</span> <span class='ocrx_word' id='word_1_357' title='bbox 523 3849 614 3929; x_wconf 78' lang='lat' dir='ltr'>juxta</span> <span class='ocrx_word' id='word_1_358' title='bbox 635 3847 671 3909; x_wconf 89' lang='lat' dir='ltr'>S.</span> <span class='ocrx_word' id='word_1_359' title='bbox 693 3845 802 3928; x_wconf 73' lang='lat' dir='ltr'>Alpa„</span> <span class='ocrx_word' id='word_1_360' title='bbox 822 3845 954 3926; x_wconf 78' lang='lat' dir='ltr'>Saurea,</span> <span class='ocrx_word' id='word_1_361' title='bbox 977 3847 1115 3922; x_wconf 84' lang='lat' dir='ltr'>elalius,</span> <span class='ocrx_word' id='word_1_362' title='bbox 1137 3847 1250 3928; x_wconf 70' lang='lat' dir='ltr'>mribus</span> <span class='ocrx_word' id='word_1_363' title='bbox 1273 3853 1376 3909; x_wconf 88' lang='lat' dir='ltr'>tamen</span> 
     </span>
     <span class='ocr_line' id='line_1_40' title="bbox 106 3934 1375 4015; baseline 0.001 -17"><span class='ocrx_word' id='word_1_364' title='bbox 106 3937 248 3999; x_wconf 74' lang='lat' dir='ltr'>lumbar.</span> <span class='ocrx_word' id='word_1_365' title='bbox 263 3936 454 4000; x_wconf 88' lang='lat' dir='ltr'>contradicit.</span> <span class='ocrx_word' id='word_1_366' title='bbox 471 3935 503 4000; x_wconf 91' lang='lat' dir='ltr'>Si</span> <span class='ocrx_word' id='word_1_367' title='bbox 515 3936 629 3998; x_wconf 87' lang='lat' dir='ltr'>emissa</span> <span class='ocrx_word' id='word_1_368' title='bbox 641 3934 682 3997; x_wconf 91' lang='lat' dir='ltr'>sit</span> <span class='ocrx_word' id='word_1_369' title='bbox 695 3935 807 4015; x_wconf 88' lang='lat' dir='ltr'>prima,</span> <span class='ocrx_word' id='word_1_370' title='bbox 822 3934 888 4015; x_wconf 88' lang='lat' dir='ltr'>ipsa</span> <span class='ocrx_word' id='word_1_371' title='bbox 901 3953 973 3998; x_wconf 91' lang='lat' dir='ltr'>cum</span> <span class='ocrx_word' id='word_1_372' title='bbox 985 3939 1116 4009; x_wconf 83' lang='lat' dir='ltr'>Secreta,</span> <span class='ocrx_word' id='word_1_373' title='bbox 1132 3943 1168 3999; x_wconf 92' lang='lat' dir='ltr'>nt</span> <span class='ocrx_word' id='word_1_374' title='bbox 1182 3935 1313 4010; x_wconf 88' lang='lat' dir='ltr'>videtur,</span> <span class='ocrx_word' id='word_1_375' title='bbox 1328 3943 1375 3999; x_wconf 88' lang='lat' dir='ltr'>est</span> 
     </span>
     <span class='ocr_line' id='line_1_41' title="bbox 105 4023 1374 4106; baseline -0.002 -18"><span class='ocrx_word' id='word_1_376' title='bbox 105 4027 273 4101; x_wconf 85' lang='lat' dir='ltr'>1ecitandn,</span> <span class='ocrx_word' id='word_1_377' title='bbox 292 4043 353 4088; x_wconf 92' lang='lat' dir='ltr'>non</span> <span class='ocrx_word' id='word_1_378' title='bbox 371 4029 482 4106; x_wconf 87' lang='lat' dir='ltr'>postea.</span> <span class='ocrx_word' id='word_1_379' title='bbox 498 4025 624 4088; x_wconf 87' lang='lat' dir='ltr'>Mortale</span> <span class='ocrx_word' id='word_1_380' title='bbox 638 4041 709 4087; x_wconf 85' lang='lat' dir='ltr'>vero</span> <span class='ocrx_word' id='word_1_381' title='bbox 722 4041 785 4086; x_wconf 92' lang='lat' dir='ltr'>non</span> <span class='ocrx_word' id='word_1_382' title='bbox 799 4025 858 4086; x_wconf 83' lang='lat' dir='ltr'>erit</span> <span class='ocrx_word' id='word_1_383' title='bbox 872 4024 1014 4088; x_wconf 89' lang='lat' dir='ltr'>omittere</span> <span class='ocrx_word' id='word_1_384' title='bbox 1030 4023 1106 4088; x_wconf 85' lang='lat' dir='ltr'>alias</span> <span class='ocrx_word' id='word_1_385' title='bbox 1125 4024 1374 4104; x_wconf 64' lang='lat' dir='ltr'>orationesque</span> 
     </span>
     <span class='ocr_line' id='line_1_42' title="bbox 104 4111 954 4194; baseline -0.007 -14"><span class='ocrx_word' id='word_1_386' title='bbox 104 4119 210 4192; x_wconf 78' lang='lat' dir='ltr'>peter</span> <span class='ocrx_word' id='word_1_387' title='bbox 223 4133 291 4177; x_wconf 85' lang='lat' dir='ltr'>eam</span> <span class='ocrx_word' id='word_1_388' title='bbox 307 4113 342 4176; x_wconf 92' lang='lat' dir='ltr'>in</span> <span class='ocrx_word' id='word_1_389' title='bbox 356 4113 450 4176; x_wconf 89' lang='lat' dir='ltr'>blissa</span> <span class='ocrx_word' id='word_1_390' title='bbox 465 4112 631 4174; x_wconf 88' lang='lat' dir='ltr'>adduntur.</span> <span class='ocrx_word' id='word_1_391' title='bbox 650 4147 687 4158; x_wconf 90' lang='lat'><em>-</em></span> <span class='ocrx_word' id='word_1_392' title='bbox 704 4111 738 4174; x_wconf 90' lang='lat' dir='ltr'>S.</span> <span class='ocrx_word' id='word_1_393' title='bbox 752 4112 821 4194; x_wconf 77' lang='lat' dir='ltr'>Lip.</span> <span class='ocrx_word' id='word_1_394' title='bbox 837 4134 869 4174; x_wconf 89' lang='lat' dir='ltr'>u.</span> <span class='ocrx_word' id='word_1_395' title='bbox 883 4118 954 4177; x_wconf 81' lang='lat' dir='ltr'>loc.</span> 
     </span>
    </p>

    <p class='ocr_par' dir='ltr' id='par_1_12' title="bbox 105 4199 1376 4372">
     <span class='ocr_line' id='line_1_43' title="bbox 140 4199 1376 4284; baseline -0.002 -18"><span class='ocrx_word' id='word_1_396' title='bbox 140 4209 175 4266; x_wconf 78' lang='lat'>7⁰</span> <span class='ocrx_word' id='word_1_397' title='bbox 189 4203 330 4284; x_wconf 29' lang='lat' dir='ltr'>idn-tilare</span> <span class='ocrx_word' id='word_1_398' title='bbox 345 4201 436 4266; x_wconf 84' lang='lat' dir='ltr'>verba</span> <span class='ocrx_word' id='word_1_399' title='bbox 449 4206 505 4263; x_wconf 88' lang='lat' dir='ltr'>aut</span> <span class='ocrx_word' id='word_1_400' title='bbox 518 4218 648 4282; x_wconf 73' lang='lat' dir='ltr'>syncope</span> <span class='ocrx_word' id='word_1_401' title='bbox 663 4199 893 4276; x_wconf 72' lang='lat' dir='ltr'>intermediam,</span> <span class='ocrx_word' id='word_1_402' title='bbox 911 4201 994 4264; x_wconf 86' lang='lat' dir='ltr'>selvo</span> <span class='ocrx_word' id='word_1_403' title='bbox 1007 4219 1101 4265; x_wconf 89' lang='lat' dir='ltr'>sensu</span> <span class='ocrx_word' id='word_1_404' title='bbox 1116 4207 1148 4264; x_wconf 89' lang='lat' dir='ltr'>et</span> <span class='ocrx_word' id='word_1_405' title='bbox 1161 4201 1275 4265; x_wconf 89' lang='lat' dir='ltr'>secluso</span> <span class='ocrx_word' id='word_1_406' title='bbox 1289 4219 1376 4264; x_wconf 86' lang='lat' dir='ltr'>scan-</span> 
     </span>
     <span class='ocr_line' id='line_1_44' title="bbox 105 4288 969 4372; baseline -0.003 -18"><span class='ocrx_word' id='word_1_407' title='bbox 105 4290 183 4368; x_wconf 85' lang='lat' dir='ltr'>dale,</span> <span class='ocrx_word' id='word_1_408' title='bbox 200 4309 263 4354; x_wconf 91' lang='lat' dir='ltr'>non</span> <span class='ocrx_word' id='word_1_409' title='bbox 278 4297 324 4354; x_wconf 90' lang='lat' dir='ltr'>est</span> <span class='ocrx_word' id='word_1_410' title='bbox 335 4291 405 4372; x_wconf 93' lang='lat' dir='ltr'>plus</span> <span class='ocrx_word' id='word_1_411' title='bbox 416 4305 510 4372; x_wconf 89' lang='lat' dir='ltr'>quam</span> <span class='ocrx_word' id='word_1_412' title='bbox 522 4289 649 4352; x_wconf 83' lang='lat' dir='ltr'>veniale.</span> <span class='ocrx_word' id='word_1_413' title='bbox 665 4322 704 4335; x_wconf 96' lang='lat'>-</span> <span class='ocrx_word' id='word_1_414' title='bbox 718 4288 751 4351; x_wconf 90' lang='lat' dir='ltr'>S.</span> <span class='ocrx_word' id='word_1_415' title='bbox 766 4290 836 4368; x_wconf 80' lang='lat' dir='ltr'>Lc‘p.</span> <span class='ocrx_word' id='word_1_416' title='bbox 851 4310 883 4349; x_wconf 90' lang='lat' dir='ltr'>u.</span> <span class='ocrx_word' id='word_1_417' title='bbox 897 4293 969 4353; x_wconf 82' lang='lat' dir='ltr'>to&#39;l.</span> 
     </span>
    </p>

    <p class='ocr_par' dir='ltr' id='par_1_13' title="bbox 108 4376 1377 4638">
     <span class='ocr_line' id='line_1_45' title="bbox 145 4376 1377 4459; baseline -0.005 -15"><span class='ocrx_word' id='word_1_418' title='bbox 145 4384 176 4444; x_wconf 82' lang='lat'>8⁰</span> <span class='ocrx_word' id='word_1_419' title='bbox 188 4381 338 4444; x_wconf 88' lang='lat' dir='ltr'>Omittere</span> <span class='ocrx_word' id='word_1_420' title='bbox 353 4383 453 4459; x_wconf 85' lang='lat' dir='ltr'>partes</span> <span class='ocrx_word' id='word_1_421' title='bbox 467 4376 738 4452; x_wconf 83' lang='lat' dir='ltr'>extraordinarias,</span> <span class='ocrx_word' id='word_1_422' title='bbox 755 4377 870 4440; x_wconf 88' lang='lat' dir='ltr'>scilicet</span> <span class='ocrx_word' id='word_1_423' title='bbox 889 4395 958 4458; x_wconf 75' lang='lat' dir='ltr'>quen</span> <span class='ocrx_word' id='word_1_424' title='bbox 978 4396 1041 4440; x_wconf 90' lang='lat' dir='ltr'>non</span> <span class='ocrx_word' id='word_1_425' title='bbox 1064 4378 1099 4442; x_wconf 92' lang='lat' dir='ltr'>in</span> <span class='ocrx_word' id='word_1_426' title='bbox 1118 4380 1203 4442; x_wconf 91' lang='lat' dir='ltr'>omui</span> <span class='ocrx_word' id='word_1_427' title='bbox 1222 4379 1315 4442; x_wconf 83' lang='lat' dir='ltr'>Missa</span> <span class='ocrx_word' id='word_1_428' title='bbox 1328 4378 1377 4440; x_wconf 93' lang='lat' dir='ltr'>di-</span> 
     </span>
     <span class='ocr_line' id='line_1_46' title="bbox 108 4463 1377 4548; baseline -0.001 -22"><span class='ocrx_word' id='word_1_429' title='bbox 108 4475 230 4544; x_wconf 84' lang='lat' dir='ltr'>cuntur,</span> <span class='ocrx_word' id='word_1_430' title='bbox 253 4487 316 4531; x_wconf 90' lang='lat' dir='ltr'>nen</span> <span class='ocrx_word' id='word_1_431' title='bbox 337 4473 384 4530; x_wconf 87' lang='lat' dir='ltr'>est</span> <span class='ocrx_word' id='word_1_432' title='bbox 406 4464 468 4528; x_wconf 89' lang='lat' dir='ltr'>nisi</span> <span class='ocrx_word' id='word_1_433' title='bbox 488 4463 616 4528; x_wconf 78' lang='lat' dir='ltr'>veniale.</span> <span class='ocrx_word' id='word_1_434' title='bbox 638 4500 677 4510; x_wconf 94' lang='lat'><em>-</em></span> <span class='ocrx_word' id='word_1_435' title='bbox 699 4465 751 4527; x_wconf 84' lang='lat' dir='ltr'>ltu</span> <span class='ocrx_word' id='word_1_436' title='bbox 771 4469 975 4545; x_wconf 82' lang='lat' dir='ltr'>communiter,</span> <span class='ocrx_word' id='word_1_437' title='bbox 999 4465 1062 4528; x_wconf 87' lang='lat' dir='ltr'>nisi</span> <span class='ocrx_word' id='word_1_438' title='bbox 1086 4473 1133 4531; x_wconf 91' lang='lat' dir='ltr'>tot</span> <span class='ocrx_word' id='word_1_439' title='bbox 1160 4475 1260 4548; x_wconf 85' lang='lat' dir='ltr'>partes</span> <span class='ocrx_word' id='word_1_440' title='bbox 1283 4464 1377 4529; x_wconf 87' lang='lat' dir='ltr'>ornit-</span> 
     </span>
     <span class='ocr_line' id='line_1_47' title="bbox 109 4551 1376 4638; baseline -0.006 -18"><span class='ocrx_word' id='word_1_441' title='bbox 109 4559 224 4633; x_wconf 75' lang='lat' dir='ltr'>untur,</span> <span class='ocrx_word' id='word_1_442' title='bbox 251 4575 320 4638; x_wconf 72' lang='lat' dir='ltr'>qliae</span> <span class='ocrx_word' id='word_1_443' title='bbox 343 4553 438 4620; x_wconf 73' lang='lat' dir='ltr'>sinim</span> <span class='ocrx_word' id='word_1_444' title='bbox 461 4559 591 4633; x_wconf 75' lang='lat' dir='ltr'>sumpte</span> <span class='ocrx_word' id='word_1_445' title='bbox 621 4553 788 4617; x_wconf 86' lang='lat' dir='ltr'>notabilem</span> <span class='ocrx_word' id='word_1_446' title='bbox 814 4553 976 4618; x_wconf 86' lang='lat' dir='ltr'>materiam</span> <span class='ocrx_word' id='word_1_447' title='bbox 1003 4555 1203 4620; x_wconf 90' lang='lat' dir='ltr'>constituant.</span> <span class='ocrx_word' id='word_1_448' title='bbox 1232 4551 1376 4618; x_wconf 89' lang='lat' dir='ltr'>-Unde</span> 
     </span>
    </p>
   </div>
   <div class='ocr_carea' id='block_1_7' title="bbox 0 0 1623 5042">
    <p class='ocr_par' dir='ltr' id='par_1_14' title="bbox 0 0 1623 5042">
     <span class='ocr_line' id='line_1_48' title="bbox 0 0 1623 5042; baseline 0 0"><span class='ocrx_word' id='word_1_449' title='bbox 0 0 1623 5042; x_wconf 95' lang='lat' dir='ltr'> </span> 
     </span>
    </p>
   </div>
  </div>
 </body>
</html>
