3198 5034
168 225 213 286 ab
705 236 911 282 rcacrurus

167 349 249 410 mm,
265 367 305 423 11,
318 351 359 411 8:
380 346 453 410 Volo
466 351 548 408 uiros
563 347 595 407 ic
614 346 697 408 omui
712 345 775 408 loco
794 367 893 409 orare.
908 383 950 396 ·-
963 347 1000 409 S.
1019 347 1091 430 ῥίς.
1109 369 1142 411 η.
1159 351 1227 414 179.
1244 351 1439 430 -Laarar'x,

166 457 199 498 rc.
214 442 309 510 loco,
324 446 355 498 et
372 436 430 497 alii
449 442 554 498 contra
576 435 755 511 nonnullos,
772 436 826 517 qui
845 436 992 499 dixerunt
1005 438 1110 500 adesse
1130 445 1286 518 peccatam
1305 439 1438 515 veniale,

167 528 248 606 quod
261 527 318 588 hoc
332 525 434 606 aliqua
446 523 647 595 irreverentia
661 542 722 586 non
737 529 846 586 careat.

707 736 848 789 rodmunt
865 745 901 789 111

598 876 637 929 De
652 871 736 928 modo
751 875 841 928 lloras
855 871 1005 929 recitandi.

206 1047 293 1198 idione
308 1050 381 1107 sunt
393 1043 555 1106 recitanda
571 1048 603 1104 l⁰
618 1042 723 1104 ordine
736 1041 926 1122 praescripto,
941 1046 975 1104 2⁰
990 1060 1059 1104 cum
1074 1043 1177 1105 debita
1190 1044 1438 1124 pronuntiatione

165 1139 195 1200 cl
230 1133 380 1197 erutione.

641 1278 662 1332 l.
672 1306 708 1317 —
722 1291 813 1339 ocoan
831 1289 957 1332 orarunt

203 1453 254 1512 m.
268 1484 308 1494 -
321 1447 438 1527 Duplex
452 1454 499 1509 est
521 1447 594 1508 ordo
613 1446 781 1507 servandus
801 1445 835 1506 in
859 1445 1005 1508 breviarii
1022 1446 1213 1521 recitatione,
1230 1446 1343 1512 scilieet
1363 1451 1437 1513 nde

163 1537 337 1602 Officiorum
359 1541 388 1598 et
409 1537 481 1598 ordo
496 1538 660 1597 Horarum.
678 1540 710 1596 10
730 1535 810 1597 Ordo
823 1533 996 1597 Officiorum
1010 1534 1193 1598 describitur
1213 1536 1248 1598 in
1265 1537 1435 1602 calendario

161 1627 310 1690 ustorum
323 1631 356 1687 et
369 1623 402 1687 in
417 1623 547 1687 rubricis
571 1641 625 1704 pro
646 1622 771 1684 illorum
791 1621 1004 1696 translatione,
1021 1622 1075 1685 ubi
1094 1623 1184 1703 plura
1203 1625 1296 1687 simul
1310 1643 1435 1688 concur-

160 1722 244 1780 rant.
256 1719 292 1778 2⁰
306 1715 385 1778 Ordo
396 1717 547 1776 Horarum
561 1713 611 1775 ille
625 1719 686 1788 est,
703 1711 806 1792 quiin
821 1710 974 1774 Breviorio
989 1711 1163 1792 exponitur,
1181 1731 1289 1794 nempe
1308 1720 1345 1776 ut
1360 1715 1436 1778 reci-

163 1811 246 1868 tetur
270 1803 371 1885 primo
391 1803 454 1865 loco
473 1801 660 1863 Matuticam
683 1819 755 1864 cum
775 1799 947 1877 Laudibus,
969 1799 1078 1863 deinde
1099 1799 1329 1882 subjungantur
1348 1806 1435 1868 llorae

161 1913 273 1974 parvae,
288 1893 378 1954 idest
392 1891 513 1970 Prima,
533 1890 651 1970 Tertia,
670 1890 781 1967 Secta,
798 1888 902 1962 Noua,
916 1894 946 1952 et
961 1889 1086 1952 tandem
1100 1896 1267 1969 sequantur
1286 1891 1432 1974 Vespera,

161 2000 232 2045 cum
251 1981 464 2063 Completorio.

284 2149 480 2228 Quaesita.

197 2301 248 2361 13.
267 2331 308 2344 -
320 2297 422 2369 Quae.
444 2299 475 2356 l·
494 2291 543 2353 Aa
557 2299 711 2374 praecepta
726 2290 880 2353 recitandi
896 2290 1002 2354 Horae
1019 2293 1190 2372 satisfaciat
1208 2295 1265 2375 qai
1282 2313 1321 2356 ea
1334 2316 1435 2360 errare

159 2385 210 2450 eet
221 2381 445 2447 ieaduertectia
457 2381 546 2444 aliud
560 2381 702 2462 Officium
716 2399 776 2462 pro
790 2380 900 2460 Officio
914 2381 975 2443 diei
986 2380 1115 2442 recitm?

201 2473 291 2553 Ileop.
307 2470 437 2552 affirm.
450 2469 540 2534 Ratio
553 2473 608 2544 est,
622 2468 696 2550 quia
711 2468 842 2532 Ecclesia
853 2487 916 2533 non
925 2469 1126 2550 presumitur
1140 2470 1215 2533 velle
1227 2471 1362 2552 aliquem
1372 2492 1434 2537 une

160 2562 211 2628 dia
227 2561 279 2626 bis
296 2561 335 2624 ad
352 2559 408 2622 hoc
425 2577 505 2622 onus
526 2558 677 2640 obligare,
693 2563 724 2622 et
738 2557 813 2638 quia
827 2558 1002 2622 substantia
1017 2558 1203 2622 recitationis
1218 2559 1292 2622 satis
1314 2568 1433 2624 servata

159 2657 217 2714 est
231 2649 311 2714 Hinc
322 2648 443 2712 amoma
457 2648 598 2728 uulgare,
614 2648 696 2728 quod
719 2647 815 2710 veluti
838 2647 943 2727 regula
956 2647 989 2710 in
1003 2647 1086 2710 hisce
1102 2647 1254 2728 adjunctis
1276 2648 1429 2713 hmemr:

162 2739 304 2820 Officium
314 2758 371 2818 pro
390 2737 497 2817 Officio
509 2737 598 2798 valet.
615 2736 705 2800 Nulla
718 2734 815 2816 igitur
831 2743 878 2797 est
891 2734 1050 2814 obligatio,
1069 2736 1219 2816 completa
1237 2737 1430 2814 recitatione,

159 2828 244 2890 aliud
256 2825 396 2891 Officium
408 2825 568 2888 recitandi.
583 2861 622 2872 -
634 2825 684 2886 Ita
697 2827 905 2886 communiter.
923 2860 963 2870 -—
977 2824 1014 2886 S.
1028 2825 1111 2905 Lip,
1126 2845 1157 2884 a.
1176 2829 1244 2899 161,
1267 2825 1368 2900 Quor.
1385 2832 1431 2890 30.

159 2953 199 2966 --
212 2918 355 2989 Loercic,
372 2936 403 2976 a.
419 2919 507 2980 1351.
520 2949 562 2962 -
575 2915 659 2978 idem
671 2913 835 2978 dicendum
848 2913 942 2976 etiam
956 2913 993 2976 de
1002 2914 1111 2993 quavis
1125 2919 1211 2993 parto
1221 2912 1329 2988 officii,
1340 2918 1432 2996 juxta

157 3005 303 3071 ummo:
327 3004 431 3068 Error
444 3005 625 3085 corripitur,
641 3002 698 3064 ubi
715 3001 965 3082 deprehanditur.

196 3093 367 3157 consilium
385 3097 490 3156 tamen
510 3099 570 3165 est,
591 3090 695 3171 inquit
715 3091 874 3172 Luymaca
892 3107 965 3154 mm
983 3091 1070 3170 aliie,
1095 3109 1158 3154 uon
1179 3109 1249 3156 vero
1270 3093 1431 3175 obligatio,

156 3183 341 3262 subjungere
353 3181 472 3262 propria
484 3179 579 3243 Officii
591 3179 707 3241 omissi.
724 3179 782 3240 Sed
793 3178 1067 3260 quandoOfficium
1088 3183 1166 3242 esset
1176 3181 1353 3245 notabiliter
1362 3182 1429 3244 brc-

157 3271 239 3346 eius,
256 3289 287 3332 r.
303 3290 362 3350 gr„
378 3269 518 3334 Officium
532 3267 635 3332 Sancti
646 3268 776 3349 albidus
788 3286 843 3348 pro
855 3266 960 3330 Officio
971 3268 1145 3342 Dominicae,
1160 3267 1296 3332 facienda
1307 3269 1431 3332 videtur

156 3360 260 3441 aliqua
281 3357 501 3440 compensatio,
519 3377 549 3420 v.
570 3373 629 3438 gr„
652 3355 806 3418 recitando
820 3374 932 3420 novem
951 3358 1086 3422 Psahnos
1099 3375 1136 3418 cx
1157 3362 1190 3418 10
1209 3361 1372 3424 Nocturna
1389 3394 1429 3404 -

155 3448 190 3512 S.
208 3449 247 3510 Li
272 3496 292 3526 .‚
306 3448 380 3510 ibid.

196 3469 299 3602 719-
312 3540 413 3614 Qunu.
430 3541 464 3600 10
480 3536 519 3598 Si
532 3539 602 3618 quis
613 3554 652 3596 ec
666 3553 768 3596 errore
781 3535 954 3597 recitaverit
968 3533 1102 3615 alz'quam
1110 3541 1232 3613 partem
1246 3541 1363 3594 tactam
1377 3533 1431 3614 Os-

153 3627 218 3706 ficii
234 3627 375 3702 indebiti,
390 3637 418 3692 et
429 3625 470 3688 ad
480 3645 612 3688 errorem
627 3623 774 3701 adamat,
786 3643 827 3685 ac
838 3625 936 3706 possit
945 3622 1091 3703 prosequi
1101 3622 1256 3701 inceptum
1269 3620 1425 3702 Officium,
1455 3651 1458 3659 ·

153 3733 196 3778 m
208 3735 278 3778 auu
294 3725 430 3780 terreatur
443 3716 572 3778 recitare
584 3713 706 3794 reliqua
719 3713 757 3774 de
776 3711 885 3792 Officio
898 3711 981 3773 diei?

194 3803 283 3884 Resp.
300 3823 312 3864 .·
326 3808 419 3867 Juxta
433 3820 630 3866 communem
643 3799 827 3862 sententiam
842 3799 1050 3878 theologorum
1065 3799 1156 3862 datur
1171 3798 1306 3862 libertas.
1324 3801 1429 3864 Potest

152 3892 254 3972 igitur
273 3892 321 3956 rel
341 3893 483 3974 prosequi
507 3891 555 3954 vel
581 3889 699 3970 reliqna
723 3888 850 3952 recitare
877 3888 915 3950 de
936 3886 1039 3952 Officio
1064 3887 1181 3962 debito,
1207 3887 1295 3950 finito
1321 3893 1425 3952 umen

153 3980 287 4053 Psalmo,
304 3981 352 4042 vel
371 3983 516 4044 oratione.
531 3981 678 4042 Attamen
698 3977 809 4040 melius
829 3983 876 4040 est
897 3974 1037 4040 Officium
1051 3982 1173 4040 mutare
1187 3979 1279 4058 juxta
1294 3978 1427 4052 mullos,

152 4068 207 4150 qui
221 4073 366 4132 statuunt
378 4066 603 4148 hancregmlam
620 4085 627 4128 :
644 4067 749 4128 Error
766 4066 944 4147 corripitur,
961 4065 1015 4126 abi
1033 4065 1280 4147 deprehenditur.
1297 4066 1355 4129 Sed
1368 4065 1427 4128 hoc

151 4163 200 4220 est
212 4176 249 4220 er
268 4174 352 4219 mero
374 4156 514 4231 consilio,
530 4175 592 4219 non
612 4173 681 4218 voro
695 4174 733 4218 ex
747 4162 905 4236 praecepto.
922 4189 961 4199 -
974 4152 1009 4215 S.
1026 4154 1108 4236 Lep,
1127 4175 1159 4214 o.
1176 4157 1246 4228 161,
1263 4154 1363 4230 Quor.
1380 4157 1423 4216 5·.

150 4279 191 4292 -
202 4246 345 4316 Laarot'a,
362 4266 394 4306 a.
410 4247 500 4310 1255.
512 4281 553 4292 -
566 4243 724 4322 tumtur,
740 4249 797 4308 ela

190 4339 240 4399 m.
254 4369 294 4382 -··
310 4335 412 4411 Quum.
435 4337 467 4398 30
486 4333 551 4411 Aa,
567 4355 632 4396 uun
650 4335 714 4414 iam
727 4331 843 4394 diceris
859 4351 951 4394 anan
966 4333 1109 4414 Officium
1126 4353 1183 4416 pro
1200 4334 1309 4409 altero,
1328 4333 1425 4414 poesie

152 4425 294 4506 Officium
309 4427 451 4488 omasum
463 4425 593 4486 recitare
607 4421 656 4484 die
669 4442 727 4503 qua
742 4431 880 4484 occurret
896 4419 1115 4504 Officiarnjam
1129 4443 1149 4486 a
1163 4431 1190 4485 te
1205 4421 1386 4484 recitatam?

190 4513 280 4596 Ileep.
304 4512 383 4595 Nep.
400 4511 459 4576 Sed
473 4509 614 4588 Officium
632 4511 795 4574 recitatum
818 4509 933 4574 iterum
959 4515 1005 4575 eat
1024 4511 1228 4576 multandam.
1254 4507 1343 4576 Ratio
1361 4515 1429 4587 est,
