3180 5040
627 276 669 320 nn
691 276 863 322 cessurus
1317 271 1387 332 463

113 387 260 460 maritnS,
279 384 374 448 tiliam
393 389 449 446 aut
467 401 595 448 uxorem
614 385 752 465 jussione
771 387 819 448 vol
838 387 941 449 minis·
954 395 1092 468 cogentes
1112 397 1149 453 ut
1163 391 1306 456 abortum
1327 396 1385 458 sibi

109 473 237 548 inferet,
254 471 439 536 contrahunt
453 473 814 548 excommunicationem
835 476 874 536 ab
892 477 945 538 illu
964 481 1067 538 autem
1086 479 1236 542 eximitur
1249 484 1388 546 medicus

111 563 187 626 dens
202 561 362 624 consilium
379 565 433 622 out
445 560 546 622 medie
558 561 698 624 indicens
713 563 751 624 ed
765 581 837 624 eum
852 566 1090 644 procurandum.

150 653 250 724 Quen.
267 654 300 712 4⁰
315 653 366 710 Αη
381 649 436 730 qui
446 669 503 731 per
519 648 773 712 Constitutionem
791 651 846 712 Pii
861 652 912 714 IX
924 656 1256 720 excommunicationem
1273 660 1346 722 citat
1367 684 1386 721 o

109 740 200 800 Sixto
220 737 363 815 Victum,
380 758 408 799 e.
421 759 484 820 qr„
499 739 668 814 consulens,
686 739 882 802 nihilominus
898 743 1040 804 incurret
1059 745 1317 825 irrequloritatem
1330 753 1386 812 im·
1460 757 1462 766 ¹

104 829 240 908 positam
252 827 289 890 ab
305 827 405 888 eodem
414 826 505 888 Sicto
525 827 569 888 V?

150 915 238 996 Respo.
261 916 387 998 elffii-m
409 919 489 978 Nam
509 917 697 980 constitutio
718 918 902 998 Apostolicsr
921 919 1010 981 Sedis
1025 939 1183 998 censuras,
1199 942 1261 986 non
1280 931 1385 988 eutem

108 1011 231 1068 ceteras
255 1022 361 1084 peenas
383 1008 436 1065 eut
458 1010 580 1066 ceteras
606 1005 685 1084 leges
706 1005 881 1080 canonicas,
905 1006 1054 1070 limitavit
1077 1026 1111 1070 uc
1135 1013 1384 1092 temporarium

108 1099 213 1156 temen
227 1092 463 1171 intelligendum
475 1099 521 1154 est
537 1093 577 1154 ecl
596 1111 722 1156 sensum
740 1093 835 1156 Bullae
852 1094 985 1174 Gregorii
1001 1098 1080 1171 XlV,
1098 1097 1210 1162 scilieet
1224 1100 1261 1162 de
1274 1102 1384 1165 abortu

107 1180 202 1244 l'oetus
216 1179 357 1244 animati.

143 1405 259 1460 Litteris
272 1405 438 1474 apostolicis
452 1403 535 1460 talsis
550 1405 674 1461 scienter
688 1406 817 1475 utentes,
828 1406 874 1462 vel
889 1407 1001 1462 crimini
1015 1423 1049 1463 ee
1064 1408 1138 1464 inre
1153 1414 1348 1484 cooperantes.

607 1499 672 1572 (Em
681 1517 705 1557 c.
720 1499 762 1557 nd
775 1501 956 1559 falsariorum
970 1503 1001 1571 1,
1012 1505 1049 1561 dc
1064 1503 1202 1563 Crimine
1210 1506 1305 1580 falsi.)

146 1659 226 1733 Quid
246 1659 309 1721 sint
333 1660 457 1722 Litteree
481 1660 660 1741 Apostolicae
681 1661 763 1724 ielsae
787 1662 904 1724 dictum
927 1669 974 1724 est
1000 1683 1095 1744 supra
1116 1675 1225 1746 pretet.
1251 1687 1289 1739 11,
1315 1669 1383 1731 Es-

108 1767 215 1808 cemm.
233 1752 265 1808 c.
277 1783 317 1794 -
330 1749 418 1810 Actio
430 1767 498 1829 quae
512 1749 569 1810 hec
581 1767 709 1811 censum
722 1751 889 1811 damnatur
902 1757 949 1812 est
961 1769 1036 1814 usus
1052 1752 1163 1816 talium
1179 1754 1381 1831 Litterarum,

111 1836 177 1898 sire
191 1841 283 1898 utens
297 1835 391 1898 finem
404 1837 563 1898 intentum
575 1836 726 1912 obtineet,
742 1837 806 1900 sive
821 1855 883 1900 non
897 1838 1045 1901 obtineat.

658 2055 796 2102 PUNGTUH
817 2059 838 2102 i'

276 2169 316 2222 De
327 2167 672 2224 excommunicationibus
685 2167 751 2224 latoe
763 2168 912 2224 sententies
924 2169 1033 2225 nemini
1048 2172 1212 2230 reservetis.

144 2311 262 2374 Novem
288 2311 452 2386 habentur,
480 2329 614 2392 quorum
637 2321 770 2393 quaeror
790 2331 845 2393 per
869 2314 1126 2378 constitutionem
1150 2335 1291 2397 expresse
1312 2321 1382 2382 letes·

105 2407 196 2478 sunt;
211 2400 470 2463 aestimemini
484 2407 544 2474 est,
559 2402 611 2463 sed
624 2419 677 2481 per
690 2400 952 2466 constitutionem·
963 2402 1111 2480 limitntn;
1128 2413 1242 2469 caeterae
1255 2408 1382 2470 triten

105 2490 178 2553 tium
191 2496 277 2552 sunt.

738 2595 753 2652 1

138 2707 307 2764 ltendunten
322 2721 376 2762 seu
388 2709 522 2776 cogentes
539 2705 615 2762 tradi
632 2705 839 2762 ecclesiastice
858 2705 1014 2777 sepulturae
1031 2707 1179 2764 hereticos
1194 2711 1319 2766 notorios
1333 2715 1381 2767 uui

102 2785 276 2840 nominatim
291 2784 551 2839 excommunicatos
566 2783 612 2838 rel
626 2783 805 2837 interdictos.

711 2873 771 2945 [Ex
781 2873 922 2932 clement.
938 2891 1003 2949 cop.
1021 2875 1047 2948 l,
1063 2878 1099 2934 de
1110 2877 1300 2952 sepulturis.)

146 3024 236 3084 1010.
256 3019 452 3082 —Clemens
475 3021 500 3078 V
525 3018 604 3080 hanc
626 3035 787 3079 censuram
810 3017 843 3079 in
866 3019 997 3083 Concilio
1015 3021 1184 3086 Viennensi
1209 3024 1379 3090 universim

105 3111 219 3173 tulerat
233 3115 339 3171 contra
358 3107 535 3188 sepelientes
549 3107 829 3169 excommunicatos
848 3107 963 3170 'cnloco
982 3129 1080 3186 sacro;
1101 3113 1173 3174 Pius
1189 3115 1229 3176 lx
1246 3114 1291 3176 ite
1311 3134 1379 3178 eum

104 3199 281 3262 moderatus
304 3203 364 3271 est,
386 3203 422 3258 ut
439 3195 505 3276 ipsu
522 3199 589 3276 jam
608 3195 685 3258 solos
704 3195 835 3276 attinget
853 3197 1034 3259 mandentes
1051 3217 1104 3260 seu
1126 3208 1280 3278 cogentes,
1296 3205 1379 3266 etad

104 3288 296 3368 sepultumm
323 3291 446 3348 tuntum
470 3284 619 3347 reiteretur
642 3283 856 3348 hereticorum
882 3285 1073 3348 notoriorum
1097 3288 1300 3350 usitatiorum
1324 3293 1377 3372 qui

104 3376 361 3440 excommunicati
383 3375 431 3436 vel
450 3371 605 3436 interdicti
629 3377 702 3436 sunt
721 3373 918 3438 nominatim.
940 3378 1017 3436 Eam
1045 3375 1141 3454 igitur
1163 3393 1225 3438 non
1247 3377 1379 3442 incurrit

103 3467 271 3540 Perochus,
289 3466 358 3547 qui,
382 3463 536 3526 mandetis
556 3461 749 3526 auctoritatis
767 3462 866 3524 ciuilis
886 3463 1114 3544 obtemperans,
1132 3465 1288 3528 notorium
1308 3487 1378 3548 apo-

102 3560 218 3618 statam
240 3573 258 3614 e
282 3551 506 3616 Fidoedenittit
529 3551 568 3614 ad
591 3549 832 3614 Ecclesiasticus}
854 3551 1059 3632 sepultumm3
1083 3571 1192 3616 vorum
1212 3553 1323 3618 incidit
1345 3557 1378 3618 in

101 3643 302 3706 interdictum
322 3643 392 3706 lntae
412 3641 569 3706 sententie
589 3641 637 3704 rel
655 3639 1002 3704 excommunicationem
1022 3643 1110 3704 Rom.
1131 3641 1270 3706 Pontifici
1288 3663 1379 3708 reser-

102 3737 223 3804 vatum,
238 3732 275 3793 de
289 3731 403 3813 quibus
415 3731 496 3794 inim
510 3735 616 3810 agetur
633 3749 665 3792 n.
683 3733 777 3805 4055,
794 3730 960 3812 relectum
976 3735 1022 3792 est
1037 3749 1069 3792 n.
1087 3735 1182 3806 rote,
1197 3730 1224 3794 si
1240 3739 1377 3812 nummio

102 3820 144 3881 sit
155 3820 342 3883 nominatim
355 3819 649 3883 exeommmrieutus.

148 3908 223 3970 Victo
238 3929 305 3990 quae
319 3911 355 3971 cle
366 3909 519 3992 sepultura
531 3907 730 3969 ecclesiastico
747 3916 923 3969 statuuntur
937 3908 968 3968 in
982 3909 1155 3990 Appendice
1169 3909 1320 3990 peculiari
1337 3911 1379 3974 acl

102 3997 212 4060 calcem
225 3998 317 4080 liujus
330 4007 478 4060 mmetums
488 3997 527 4058 ue
539 3995 693 4059 Cemmris.
810 4042 813 4048 ,

724 4157 753 4214 ll

137 4279 284 4336 ledentes
304 4281 356 4336 eut
380 4278 646 4353 periermiscientes
669 4278 871 4350 inquisitores,
897 4275 1115 4346 denuntiantes,
1139 4281 1246 4348 testes,
1267 4279 1377 4336 elicere

100 4361 255 4417 ministros
273 4363 301 4418 S.
324 4360 435 4428 emet,
453 4360 552 4431 einum
572 4359 653 4414 Sacri
674 4357 841 4416 Tribunolis
856 4357 1013 4430 scripturas
1028 4357 1209 4432 diripientes,
1229 4361 1281 4416 eut
1298 4375 1377 4418 eom-

100 4441 255 4509 lrurentes,
273 4441 323 4498 vel
335 4440 482 4515 psalletis
499 4438 679 4511 quibuslibet
696 4438 858 4506 auxilium,
871 4437 1040 4506 eonsilium,
1056 4439 1182 4498 levorem
1197 4441 1374 4514 mostsntes.

458 4519 522 4595 [Ee
537 4517 668 4578 BulleS.
680 4517 733 4576 Pii
748 4518 825 4587 V,.Si
837 4517 873 4576 de
886 4517 1081 4594 protegendis,
1098 4519 1112 4576 1
1126 4519 1202 4594 Ape.
1214 4521 1310 4594 15691
