3220 5042
475 238 517 282 DE
542 237 778 282 SACRAHENTO
804 235 1041 282 POElfITENTlAE
1327 228 1395 287 249

166 356 235 416 557.
251 387 291 395 -
305 349 380 410 Dico
394 349 426 410 l:
444 348 605 426 Regulares
618 348 738 429 proprie
752 347 837 420 dicti,
852 367 905 410 seu
919 347 974 428 qui
987 354 1059 410 vota
1073 349 1220 411 solemnia
1232 353 1393 426 emittunt,

124 448 155 504 et
171 440 226 522 qui
239 437 398 520 privileg10
412 436 620 522 exemptionis
630 436 735 499 donati
749 436 788 498 ab
803 436 1019 516 Episcoporum
1030 436 1242 516 jurisdictione
1256 443 1394 521 exempti

127 535 211 604 sunt,
224 526 473 610 jurisdictionem
486 526 525 587 ad
540 524 705 587 audiendas
720 524 927 588 confessiones
948 531 1016 586 tum
1031 545 1172 604 suorum,
1189 532 1257 589 tum
1272 531 1394 589 saeculn-

127 619 205 680 rium
219 614 396 679 immediate
410 633 429 674 a
442 618 533 693 Papa,
550 613 680 676 Ecclesia
692 613 737 675 ita
751 618 915 688 statuente,
931 613 1096 694 accipiunt.
1113 614 1273 678 Confertur
1291 621 1395 679 autem

126 706 304 769 immediate
314 703 491 786 jurisdictio
505 721 522 764 a
539 702 697 778 Pontifico,
714 720 776 764 non
792 702 921 781 singulis
940 702 974 764 in
996 702 1188 782 particulari,
1205 706 1258 767 sed
1271 706 1394 778 Ordini,

124 813 157 858 ac
181 794 323 876 proinde,
341 791 402 854 nisi
424 791 511 854 alitec
533 791 739 854 constitutum
756 790 850 854 fuerit
876 809 929 870 per
949 792 1083 870 regulas,
1100 792 1251 868 Praelatis,
1274 801 1310 855 ut
1329 813 1397 856 eam

124 883 323 946 inferioribus
337 879 577 944 communicent.
595 879 673 941 Hinc
686 879 871 958 intelligitur
885 898 1024 942 concessa
1039 879 1169 960 singulis
1183 883 1397 946 Sacerdotibus

124 971 290 1052 religiosis,
310 971 469 1032 accedente
488 969 658 1049 Superioris
679 969 727 1030 sui
747 968 943 1048 delegatione.
961 1005 999 1013 -
1017 971 1143 1031 Cerastat
1160 989 1198 1031 ex
1217 973 1289 1039 lure
1308 991 1397 1036 cano-

125 1061 213 1136 nico,
235 1060 404 1142 prasertim
422 1077 460 1120 ex
478 1057 623 1122 Decretali
643 1057 748 1138 Super
769 1055 959 1130 rotbodi-am,
976 1077 1013 1120 ex
1026 1059 1173 1120 Glemeut.
1199 1058 1338 1136 budam,
1360 1062 1397 1122 dc

124 1150 319 1232 Sepulturis,
342 1149 418 1211 item
437 1166 475 1210 er
498 1146 566 1209 aliis
588 1147 885 1220 constitutionibus,
912 1165 981 1227 qua
1004 1145 1073 1208 licet
1096 1154 1199 1226 postea
1218 1149 1397 1212 modificatae

123 1239 255 1312 fuerint,
272 1236 442 1320 praesertim
460 1255 513 1317 per
534 1235 626 1297 Cone.
651 1235 737 1298 Trid.
755 1236 854 1316 quoad
873 1235 1048 1315 privilegia,
1067 1243 1168 1297 umen
1188 1239 1288 1315 quoad
1302 1238 1397 1319 juris-

125 1326 270 1390 dictionis
295 1326 503 1390 substantiam
522 1325 696 1387 irrevocata
718 1331 964 1405 permanserunt.
981 1324 1084 1385 -lto
1110 1327 1308 1388 communiter
1330 1349 1396 1388 eum

124 1415 227 1500 Lupo,
247 1417 411 1497 disp.xx1,
429 1437 459 1476 n.
477 1420 506 1478 l.
530 1452 568 1460 —
584 1414 732 1488 Lacroix,
750 1437 780 1475 n.
804 1418 893 1477 1552.
910 1449 949 1458 -—
963 1413 1117 1488 Bittaarr,
1134 1413 1207 1475 diss.
1225 1425 1347 1488 v1,urt.
1366 1420 1395 1479 6.

166 1506 240 1568 Dico
255 1507 281 1567 ΙΙ
298 1525 305 1566 :
322 1504 485 1584 Regulares
499 1505 537 1566 ad
552 1503 718 1566 audiendas
733 1521 861 1566 suorum
875 1502 1076 1565 confessiones
1091 1503 1339 1584 approbationem
1358 1504 1398 1566 si-

124 1595 192 1657 mul
202 1613 273 1657 cum
282 1592 496 1674 Jurisdictioue
506 1593 660 1674 accipirmt
673 1612 691 1653 a
702 1591 918 1672 Superioribus
931 1591 980 1653 sui
992 1592 1185 1668 Monasterii,
1200 1593 1246 1654 vol
1259 1593 1396 1670 Ordinis,

123 1683 163 1745 ad
182 1683 351 1744 audiendas
367 1689 471 1744 autem
492 1680 691 1743 confessiones
705 1680 912 1756 secularium,
928 1679 1177 1759 approbationem
1194 1681 1346 1761 accipiunt
1360 1683 1398 1744 ab

124 1770 272 1851 Episcopo
285 1769 358 1842 loci,
372 1769 426 1830 ubi
436 1769 637 1832 confessiones
648 1768 831 1848 excipienda
847 1774 931 1829 sunt.
948 1768 1037 1831 Ratio
1049 1767 1142 1846 primi
1155 1770 1295 1849 estquis
1307 1769 1396 1832 Cone.

129 1856 218 1920 Trid.
241 1856 403 1937 requisivit
420 1856 669 1936 approbationem
691 1856 830 1936 Episcopi
851 1862 975 1916 tantum
995 1872 1051 1935 pro
1074 1855 1258 1916 confessione
1278 1857 1399 1918 saecula-

128 1945 230 2018 rium,
249 1950 280 2006 et
298 1944 459 2024 antiquam
478 1944 673 2024 disciplinam
692 1944 791 2024 quoad
809 1941 1009 2005 confessiones
1025 1942 1223 2021 Regularium
1243 1944 1321 2006 nibil
1340 1945 1399 2011 im-

127 2032 274 2095 mutavit.
285 2033 373 2096 Ratio
388 2032 512 2095 secundi
526 2033 1154 2112 patetexDecretolnnoc.Xll,an.1700,
1171 2049 1231 2111 quo
1246 2033 1399 2094 sancitum

125 2127 190 2196 est,
205 2121 422 2197 confessarios,
437 2122 624 2202 quicumque
640 2120 684 2182 illi
699 2120 777 2194 sint,
793 2125 859 2182 tam
871 2119 1028 2181 seculares
1041 2138 1135 2201 quam
1150 2120 1315 2202 reputares,
1331 2123 1399 2184 nul-

125 2212 247 2272 latcnus
260 2230 349 2291 posse
364 2210 470 2272 audire
478 2211 658 2291 poenitentes
669 2209 825 2270 seculares
835 2212 900 2269 sinc
915 2208 1127 2290 approbatione
1137 2209 1286 2291 Episcopi
1301 2211 1396 2273 Ioci...

126 2335 166 2344 -
189 2299 602 2362 totidemtotidem.
901 2375 904 2382 Ι

168 2386 243 2450 Dico
256 2391 296 2450 lll
312 2408 319 2450 :
335 2388 498 2469 Regulares
512 2406 573 2449 non
588 2393 716 2466 possunt
731 2386 882 2460 confiteri,
899 2387 1007 2450 saltem
1022 2388 1188 2461 ordinarie,
1203 2397 1293 2450 extra
1309 2389 1397 2450 Ordi-

126 2495 194 2539 nem
211 2497 311 2551 suam,
329 2477 394 2540 sine
413 2495 561 2540 consensu
580 2474 778 2557 Superiorem
797 2493 941 2549 suorum;
961 2476 1025 2538 imo
1046 2475 1140 2539 etiam
1161 2476 1194 2538 in
1217 2477 1398 2541 Monasterio

128 2565 247 2628 nemini
268 2565 371 2642 alteri,
392 2585 486 2647 quam
507 2563 664 2645 designato
687 2562 724 2625 ab
744 2563 809 2644 ipso
832 2564 999 2644 Superiora.
1022 2569 1166 2645 Degentes
1187 2569 1291 2629 autem
1314 2571 1399 2629 extra

128 2654 364 2728 blouasterium,
382 2673 434 2717 seu
453 2654 513 2716 iter
526 2654 683 2728 facientes,
700 2671 761 2714 non
776 2658 906 2732 possunt
924 2653 1059 2716 confiteri
1075 2654 1136 2716 nisi
1151 2655 1245 2728 socio,
1262 2655 1287 2716 si
1306 2673 1399 2736 quem

128 2741 275 2804 idoneum
287 2741 435 2816 habeant;
448 2742 475 2803 si
489 2739 560 2805 vero
573 2761 633 2804 non
645 2741 794 2814 habeant,
808 2747 938 2822 possunt
952 2742 1086 2804 confiteri
1100 2743 1225 2805 cuilibet
1234 2743 1396 2817 Sacerdoti,

126 2829 193 2890 sive
212 2828 357 2906 regulari,
375 2829 438 2890 sive
453 2829 601 2890 saeculari.
618 2865 658 2875 -
672 2833 713 2890 Dc
728 2828 778 2890 bis
795 2835 913 2891 constat
932 2847 970 2891 ex
984 2829 1152 2909 privilegiis
1167 2849 1235 2910 quae
1254 2831 1399 2892 omnibus

125 2914 337 2994 Religionibus
350 2917 388 2978 ab
402 2919 505 2979 Innoc.
518 2919 569 2991 IV,
583 2921 614 2977 et
624 2917 662 2977 ab
677 2915 745 2978 aliis
760 2917 898 2980 Summis
909 2916 1105 2979 Pontificibus
1120 2935 1258 2980 concessa
1270 2936 1398 2980 noscun-

124 3013 189 3067 tur.
206 3039 246 3048 —
266 3003 340 3065 Vide
355 3003 389 3064 S.
406 3004 487 3085 Lt'p„
512 3025 542 3064 n.
562 3009 631 3067 575.
649 3039 687 3050 -
705 3004 850 3080 auecta,
874 3025 904 3066 n.
925 3009 1014 3067 teat.
1032 3041 1071 3050 -
1088 3005 1266 3089 chmnnn,
1286 3012 1342 3069 etc.
1359 3043 1399 3052 —

129 3093 233 3155 Recole
248 3093 339 3154 etaiam
355 3093 436 3153 dicta
449 3112 545 3174 supro
559 3092 595 3154 de
608 3101 690 3154 stota
703 3091 859 3173 relipioeo,
877 3113 908 3154 n.
922 3098 991 3156 tlt.

251 3231 461 3298 Resolves.

171 3363 240 3425 558.
256 3396 297 3407 -
317 3366 348 3423 1⁰
362 3359 447 3424 Licet
462 3360 624 3439 Regulares
639 3357 883 3438 jurisdictionem
902 3359 1036 3422 habeant
1058 3379 1076 3421 a
1096 3365 1189 3442 Papa,
1206 3361 1333 3441 ligatam
1353 3367 1400 3422 ta-

130 3466 202 3511 men
221 3468 288 3512 eam
309 3449 425 3512 babent
443 3448 543 3530 quoad
561 3446 760 3510 confessiones
780 3447 972 3510 secularium
990 3448 1172 3526 audiendas;
1190 3449 1341 3531 siquidem
1363 3451 1402 3512 ad

130 3535 331 3602 absolutionis
349 3537 539 3601 validitatem
558 3536 732 3616 approbatio
747 3535 902 3616 Episcopi,
918 3535 1002 3600 velut
1019 3536 1151 3598 conditio
1170 3538 1233 3598 saite
1252 3558 1312 3619 quc
1325 3559 1399 3614 non,

132 3626 307 3706 requiritur.

170 3719 204 3776 2⁰
226 3717 392 3797 Episcopus
415 3721 515 3796 potest
538 3713 788 3796 approbationem
814 3713 1015 3793 Regularibus
1036 3715 1194 3776 concedere
1215 3715 1253 3776 ad
1276 3715 1401 3778 libitum

132 3803 197 3865 sine
215 3805 424 3878 restrictione,
442 3804 489 3868 vel
505 3823 576 3867 cum
595 3804 698 3885 aliqua
718 3801 905 3867 restrictione
924 3803 1024 3884 quoad
1045 3809 1180 3883 tempus,
1201 3803 1281 3879 loca,
1301 3823 1402 3884 perso-

132 3909 203 3966 nas,
219 3899 277 3955 etc.
356 3897 365 3914 ⁴

173 3985 206 4044 3⁰
227 3982 259 4044 Si
273 3982 438 4064 Episcopus
450 4000 589 4063 expresse
602 3982 850 4064 approbationem
860 3985 984 4046 tantum
995 4000 1049 4062 pro
1061 3987 1132 4043 actu
1144 3981 1245 4062 alique
1258 3982 1400 4044 transito

132 4069 194 4143 rio,
211 4089 241 4134 v.
258 4090 317 4152 gn,
338 4071 511 4152 proaliquo
530 4071 676 4133 missione
695 4073 864 4152 peragenda
882 4069 1045 4144 concessit,
1063 4068 1190 4132 facultas
1208 4076 1328 4152 accepta
1347 4089 1402 4152 pro

131 4157 183 4222 illo
198 4160 259 4223 solo
273 4167 358 4234 actu,
372 4163 402 4221 ct
417 4177 471 4240 pro
484 4159 569 4222 omni
580 4159 696 4240 judicio
711 4167 785 4222 tunc
799 4158 931 4240 incoepto
946 4159 1044 4220 valore
1060 4163 1210 4221 cenatur.

171 4253 205 4310 4⁰
226 4249 257 4311 Si
271 4249 450 4330 Episcopus
464 4247 513 4310 vel
527 4248 668 4328 Superior
683 4254 757 4311 tuus
771 4267 809 4310 ex
823 4250 887 4329 ejus
902 4246 1103 4326 delegatione,
1120 4245 1179 4308 tibi
1193 4251 1335 4312 concedat
1349 4268 1401 4330 ap-

130 4336 340 4418 probationem
354 4355 407 4418 pro
421 4335 623 4399 delenninata
636 4336 854 4416 poenitentium
875 4335 983 4408 classe,
996 4333 1124 4396 facultas
1138 4337 1177 4398 ad
1191 4337 1265 4400 alios
1278 4338 1402 4400 extendi

132 4425 256 4506 nequit,
273 4432 310 4492 ut
323 4431 416 4507 patet.
430 4425 462 4488 Si
477 4429 581 4488 autem
595 4424 759 4504 postulatio
772 4423 923 4486 facilitatis
938 4423 976 4486 ab
992 4421 1138 4506 Episcopo
1150 4426 1197 4487 vel
1211 4445 1230 4487 a
1244 4425 1401 4506 Superiora

131 4514 173 4576 sit
188 4514 348 4595 generalis,
369 4531 423 4576 nec
436 4511 528 4576 fuerit
547 4512 684 4576 restricta
699 4512 863 4585 concessio,
883 4531 945 4574 non
959 4511 1114 4575 limitatur
1133 4513 1261 4577 facultas
1278 4515 1402 4576 obtenta
