3220 5042
200 232 272 299 '236
733 250 942 300 reserarus

198 369 362 439 mentum,
380 370 412 428 et
424 363 686 447 quemadmodum
699 363 821 444 longius
835 362 971 445 spatium
986 381 1049 428 non
1062 363 1208 446 impedit,
1225 362 1392 446 quominus
1407 381 1472 428 mo-

197 451 304 516 raliter
316 451 468 516 uniantur
487 459 543 516 aut
560 453 658 528 dolor,
679 459 734 516 eut
752 452 913 530 confessio,
934 459 988 516 aut
1008 452 1147 534 impletio
1168 451 1382 518 satisfactionis
1402 470 1474 516 cum

198 539 459 694 ssbsffifimpffi
469 545 508 691 ett
508 541 726 695 d231112utatione
735 540 926 623 penitentie
933 541 1066 623 judicari
1075 547 1185 624 potest.
1198 540 1344 624 -cho,
1355 539 1388 604 d.
1400 559 1471 617 xxv,

224 675 231 692 ι
310 678 318 693 ι
331 665 371 676 ““
462 675 473 706 7
512 678 519 693 ·
598 677 606 694 ι

319 759 530 826 Resolves.

239 891 309 952 sat.
325 921 365 934 --
380 892 410 952 10
424 892 490 952 Non
510 891 632 951 tenetur
645 888 797 970 poenitens
811 888 1027 972 paenitentiam
1045 887 1225 970 adimplere,
1245 888 1368 969 quando
1386 887 1476 952 inra-

198 975 262 1040 lida
272 974 333 1040 luit
347 976 509 1054 confessio;
526 976 600 1060 quia
614 977 727 1060 judicis
742 978 895 1043 sentemia
913 977 1139 1042 sacramentalis
1155 977 1241 1040 nulla
1257 976 1333 1053 brit,
1353 995 1389 1041 ac
1406 995 1475 1059 pro·

197 1063 271 1128 inde
289 1065 412 1129 nullum
429 1066 515 1129 adest
535 1069 768 1131 Sacramentum
787 1067 1030 1148 integrandum:
1051 1067 1127 1130 alias
1144 1084 1215 1129 vero
1228 1064 1277 1129 bis
1290 1083 1344 1147 pro
1363 1067 1474 1130 iisdem

198 1152 327 1236 peccatis
339 1161 418 1218 esset
433 1154 694 1219 satisfaciendum.
709 1156 793 1220 Idem
806 1156 973 1220 dicendum
990 1163 1037 1219 est
1055 1155 1094 1218 ob
1110 1155 1249 1219 eandem
1267 1154 1420 1218 rationem
1437 1156 1474 1218 de

198 1241 379 1324 punitentia
396 1241 541 1325 imposita
559 1243 625 1307 sine
643 1244 842 1308 absolutione.
858 1281 899 1291 —
915 1244 1029 1323 Collet,
1043 1280 1085 1292 -
1099 1245 1220 1323 Recter,
1235 1254 1265 1307 ct
1276 1243 1336 1306 olii
1346 1263 1475 1307 comma·

198 1335 291 1394 aiter.
306 1330 418 1412 Excipe
430 1337 462 1394 t·
475 1330 503 1394 si
516 1331 699 1414 paenitentia
709 1332 750 1396 sit
763 1332 968 1408 medicinalis,
985 1337 1076 1415 atque
1088 1333 1161 1396 adeo
1174 1331 1343 1396 necessaria
1356 1331 1475 1396 ratione

198 1419 373 1496 medicina;
399 1424 432 1484 2⁰
453 1419 480 1483 si
501 1419 654 1502 paenitens
673 1421 712 1484 ad
733 1423 872 1492 eamdem
891 1421 1110 1485 consessionem
1127 1420 1342 1502 perficiendam
1360 1419 1474 1502 pluries

199 1509 333 1584 accedat,
345 1514 376 1571 ct
387 1507 515 1572 interim
528 1508 750 1584 Gonlossarius,
762 1517 800 1573 ut
808 1510 919 1591 saepius
932 1509 998 1574 fleri
1012 1510 1102 1587 solet,
1112 1509 1326 1592 paenitentiam
1338 1507 1473 1592 aliquam

199 1595 330 1678 siugulis
345 1595 464 1661 vicibus
477 1597 630 1680 imponat,
644 1617 705 1680 quo
719 1598 823 1662 minor
833 1599 868 1662 in
882 1599 943 1662 fine
956 1599 1142 1681 imponenda
1153 1597 1296 1681 supersit.

239 1689 273 1748 10
289 1687 393 1750 Peccet
406 1685 540 1766 graviter
554 1705 616 1750 non
630 1688 720 1750 modo
733 1687 786 1769 qui
799 1686 1013 1768 poenitentiam
1027 1687 1163 1763 omittit,
1179 1687 1231 1750 sed
1244 1693 1276 1750 et
1287 1688 1343 1770 qui
1356 1689 1473 1752 omittit

199 1777 265 1856 ejus
276 1778 393 1856 partem
407 1793 471 1858 prae
488 1775 607 1857 integra
624 1775 806 1858 paenitentia
820 1775 987 1840 notabilem
1000 1797 1008 1854 ;
1022 1777 1069 1840 rel
1083 1775 1178 1839 etiam
1193 1793 1263 1857 qua
1278 1776 1381 1856 graus
1396 1782 1472 1841 esset

198 1863 233 1925 in
246 1881 278 1926 se
291 1869 434 1946 spectata.

239 1957 273 2017 30
289 1953 464 2017 Universim
478 1955 517 2018 ad
527 1953 731 2036 judicandum
748 1955 784 2017 de
802 1952 979 2019 omissionis
992 1954 1158 2034 mutate,
1170 1953 1393 2018 attendendum
1408 1960 1469 2030 est,

199 2059 277 2104 num
296 2042 427 2106 materia
441 2043 489 2106 rel
503 2041 736 2106 circumstantia
753 2041 868 2107 omissa
881 2042 1019 2106 multum
1033 2061 1087 2118 nc,
1102 2061 1143 2106 an
1156 2061 1267 2124 pamm
1279 2043 1320 2105 erl
1333 2042 1471 2124 precepti

199 2129 293 2194 finem
307 2131 457 2207 conferat,
472 2149 551 2194 num
566 2131 738 2194 substantie
748 2132 893 2213 precepti
905 2129 1032 2212 impleta
1045 2131 1102 2206 sit,
1117 2137 1174 2195 etc.
1187 2131 1236 2194 Sic
1248 2130 1390 2214 praerepti
1404 2131 1472 2195 sub
1592 2169 1593 2182 ,

199 2217 347 2281 stantiam
360 2218 470 2300 implet
483 2237 538 2282 nec
551 2225 668 2300 peccat,
684 2218 746 2282 nisi
760 2219 931 2294 venialiter,
945 2219 999 2300 qui
1012 2225 1114 2294 stans,
1130 2221 1178 2284 vel
1188 2219 1223 2282 in
1237 2219 1473 2286 cubiculoltosa-

198 2305 284 2368 rium
304 2306 426 2382 recitat,
446 2307 528 2390 quod
545 2325 583 2370 ex
599 2311 690 2389 jussu
708 2306 888 2371 conuerti
906 2307 993 2370 flexis
1011 2307 1140 2388 genibus
1158 2308 1205 2373 rel
1221 2315 1293 2372 ante
1306 2307 1473 2390 imaginem

198 2396 233 2456 B.
250 2393 388 2474 Virginis
402 2394 523 2458 recitari
535 2395 705 2472 debuisset;
723 2413 808 2458 secus
821 2413 908 2470 vero,
925 2396 952 2458 si
965 2396 1117 2477 penitens
1132 2400 1239 2480 jussus
1254 2405 1349 2474 esset,
1368 2417 1399 2460 r.
1413 2416 1471 2479 gr,

198 2481 343 2561 expansis
356 2481 489 2546 brachiis
504 2501 604 2558 orare,
623 2483 767 2547 notabilis
778 2481 863 2546 enim
877 2487 924 2546 est
937 2483 1001 2548 hec
1015 2485 1226 2561 mortificatio,
1242 2489 1331 2568 cujus
1349 2485 1473 2549 omissio

199 2568 301 2650 gravis
314 2569 420 2634 haberi
436 2575 547 2653 potest.

238 2662 273 2721 10
286 2661 389 2722 Proees
403 2657 438 2724 in
448 2658 664 2742 penitentiam
678 2659 831 2742 imposita
845 2660 966 2726 recitari
982 2669 1128 2744 possunt,
1140 2661 1236 2726 etiam
1254 2663 1331 2726 num
1347 2662 1474 2728 Missam

199 2747 392 2829 depraecepto
405 2748 524 2824 interea
537 2749 608 2832 quis
622 2749 726 2827 audit,
743 2749 805 2813 nisi
819 2757 924 2814 tamen
938 2750 1023 2814 aliud
1038 2751 1162 2816 brenta
1174 2750 1362 2816 confessario
1375 2756 1473 2815 statu·

198 2839 280 2899 tum.
295 2871 336 2884 -
351 2837 388 2900 S.
403 2838 488 2920 Lip,
504 2859 536 2900 a.
553 2843 628 2915 525,
647 2843 751 2903 contm
764 2857 883 2921 paucos
902 2842 1026 2904 Posseat
1040 2839 1133 2903 etiam
1148 2840 1325 2904 alternatim
1341 2859 1414 2904 cum
1427 2859 1473 2904 so-

197 2924 255 2988 ciis
269 2924 392 2989 recitari
402 2945 521 3008 preces,
539 2947 608 3011 qua
621 2947 659 2991 ex
673 2927 811 2992 Ecclesia
821 2946 897 3004 usu,
911 2935 966 2992 aut
976 2929 1114 2993 fidelium
1127 2927 1231 3011 praxi,
1247 2929 1331 2992 velut
1342 2929 1473 2994 inchoa)

198 3013 319 3078 recitari
333 3015 445 3092 solent,
461 3035 491 3078 r.
509 3035 568 3097 gn,
584 3017 763 3093 Roscium,
779 3023 837 3080 etc.

242 3106 275 3167 5⁰
289 3103 464 3168 Satisfaccre
482 3105 591 3188 nequit
609 3106 763 3187 paenitens
776 3124 831 3186 per
843 3107 989 3182 alterum,
1009 3105 1071 3170 nisi
1090 3107 1181 3182 torte,
1201 3114 1238 3171 ut
1251 3107 1354 3188 plures
1375 3125 1474 3170 senm-

198 3198 276 3255 ramt
287 3192 430 3274 (Saurea,
448 3192 479 3256 d.
495 3203 711 3270 xnrr111,seot.
725 3197 756 3271 9,
766 3215 798 3256 a.
810 3194 860 3276 1),
873 3193 907 3258 id
919 3195 1114 3259 decousensu
1126 3195 1309 3259 confessarii
1324 3195 1476 3278 flat;quic

200 3279 362 3344 mtisiactio
375 3281 523 3346 definitur
541 3302 559 3345 a
579 3281 760 3346 Tridentino
773 3301 838 3346 csse
852 3283 941 3366 quasi
962 3283 1151 3348 Sacmmenti
1168 3284 1263 3366 hujus
1278 3284 1424 3361 materia,
1446 3287 1477 3347 et

195 3385 270 3450 pars
288 3369 461 3450 integralis,
478 3376 630 3454 quatenus
650 3378 698 3435 est
716 3377 803 3434 actus
822 3371 1011 3453 poenitentis.
1030 3375 1109 3453 Ergo
1122 3391 1177 3452 per
1192 3392 1222 3436 ae
1238 3371 1277 3436 ab
1292 3372 1359 3454 ipso
1375 3371 1475 3452 paeni-

199 3463 283 3521 tente
304 3458 443 3540 ponenda
461 3466 519 3524 est.
543 3463 668 3524 Constat
688 3460 782 3522 etiam
803 3479 841 3523 ex
864 3459 1068 3543 propositione
1093 3466 1144 3526 lt·
1169 3461 1207 3524 ab
1227 3460 1400 3525 Alexandro
1418 3461 1474 3522 vll

198 3546 360 3624 damnata,
379 3565 448 3629 quae
461 3554 507 3612 est
521 3547 719 3630 hujusmodi:
736 3549 886 3612 Poenttma
894 3548 1024 3631 proprio
1036 3552 1219 3612 auctoritate
1229 3548 1404 3612 mecum
1417 3545 1476 3611 att

198 3633 295 3698 aliam
304 3643 401 3718 potest
406 3681 417 3715 ,
432 3637 489 3720 qui
501 3636 563 3700 loco
574 3638 667 3721 aperies
674 3637 884 3721 penitentum
897 3636 1069 3720 cdriaplect.

239 3727 273 3787 60
288 3725 320 3788 Si
329 3724 537 3790 confessarius
546 3727 623 3789 duas
632 3723 740 3788 Missas
752 3725 858 3788 eodem
867 3724 916 3788 die
925 3725 1093 3790 audiendas
1103 3725 1138 3790 in
1147 3725 1364 3808 penitentiam
1374 3725 1474 3808 impe
1589 3761 1590 3810 p

199 3813 312 3890 suerit,
331 3813 391 3878 illa
406 3813 589 3890 successive,
609 3831 672 3877 non
685 3819 790 3877 autem
805 3815 911 3878 eodem
927 3819 1078 3896 tempore,
1094 3815 1239 3878 ridentur
1249 3815 1426 3892 audienda3
1442 3813 1475 3878 id
1589 3813 1590 3862 l

196 3899 284 3964 enim
293 3901 463 3966 intendisse
472 3901 710 3978 Goniassarium,
718 3900 940 3966 rationabiliter
949 3903 1177 3983 presumimus.
1186 3937 1227 3952 --
1235 3903 1269 3966 S.
1280 3903 1367 3986 Λὶψ,
1380 3903 1472 3966 Hom.

200 3999 309 4070 apost,
325 4011 356 4052 a.
373 3995 424 4055 5¹1.
434 4027 475 4040 —
487 3991 636 4070 moia,
648 4000 677 4052 et
691 3990 752 4053 otti
765 3992 971 4054 communiter.

240 4081 274 4141 70
286 4079 457 4156 Pmnitens,
471 4079 522 4144 cui
536 4078 687 4144 difficilior
702 4077 879 4161 injungitur
894 4080 1090 4162 penitentia,
1105 4080 1332 4146 Gonlesmrium
1350 4099 1473 4146 monere

199 4163 290 4229 debet
309 4165 347 4229 de
367 4166 615 4250 impossibilitate
632 4175 687 4232 aut
705 4166 804 4231 nimia
823 4167 1000 4234 difficultate
1017 4187 1086 4233 eam
1099 4169 1301 4252 adimplendi;
1313 4174 1346 4233 et
1358 4169 1386 4234 si
1400 4173 1474 4234 Gon·

197 4253 345 4318 iessarius
356 4273 420 4318 non
432 4257 618 4340 acquiescat,
634 4255 730 4320 abum
743 4255 827 4320 adire
836 4263 946 4338 potest.
960 4257 993 4323 Si
1002 4265 1106 4322 autem
1115 4258 1371 4341 paenitentianon
1383 4277 1474 4342 appa·

198 4347 265 4494 ²rget
283 4343 357 4407 adeo
375 4344 491 4425 gravis,
505 4347 659 4428 paenitens
673 4363 741 4409 eam
759 4352 913 4428 acceptare
925 4351 1057 4423 tanetum
1078 4365 1132 4411 uec
1146 4353 1245 4430 potest
1258 4348 1396 4412 recedere
1408 4347 1473 4411 sinc

231 4431 303 4514 'qua
316 4433 416 4516 culpa.

239 4525 273 4585 8⁰
292 4521 324 4584 Si
345 4521 514 4603 poenitens,
534 4530 654 4604 accepta
675 4522 857 4606 paenitentia
882 4524 920 4587 ab
943 4542 1006 4588 uno
1028 4525 1230 4604 Confessario,
1254 4525 1472 4592 conlesmonem
