3198 5034
447 193 492 238 Illi
511 191 687 238 STATIBUS
707 191 1020 240 sanctoutanlsns
1325 179 1366 238 37

105 303 249 370 annuit
273 303 434 384 prodatur;
459 302 535 366 item
558 302 613 384 qui
640 301 773 383 pavito
795 303 890 366 oculis
914 303 1046 379 laborat,
1076 308 1193 365 010-
1218 303 1254 366 S.
1282 304 1368 387 cip,

105 415 136 455 n.
151 395 331 468 15601157,
345 399 374 454 et
387 391 444 454 olii
458 392 661 454 conmuniter.

140 485 177 545 ll.
197 480 320 544 Caritas
335 499 407 563 erpo
422 481 617 564 proximum,
639 481 673 544 id
693 487 741 544 est
760 482 861 562 gravis
877 481 1050 563 occupatio,
1068 499 1136 562 quae
1150 481 1217 545 sine
1230 482 1369 546 scandalo

103 574 153 633 aut
172 570 304 634 notabili
328 569 511 633 detrimento
534 569 667 651 proximi
686 569 790 633 omitti
806 577 946 652 nequeat.
968 570 1051 632 Talis
1071 568 1226 651 occupatio
1244 576 1370 634 excusat

102 677 118 722 a
133 657 313 722 recitatione
324 657 433 735 Officii,
450 658 525 739 quia
541 663 726 739 preceptum
739 659 879 721 naturale
898 658 1034 722 caritatis
1047 659 1190 740 prevalet
1205 658 1264 739 legi
1279 658 1369 721 eccle-

102 747 241 810 siastioae.
268 746 346 809 Hinc
374 747 529 810 excusaris
552 765 570 809 a
590 745 767 810 recitatione
789 751 940 810 Horarum
964 748 1028 811 sive
1052 747 1186 811 totaliter
1212 747 1276 810 sive
1302 765 1370 828 par-

100 835 227 910 tialiter,

139 931 172 988 10
188 925 222 988 Si
243 925 301 988 sub
319 931 407 988 nocte
427 923 582 998 Officium,
600 943 630 986 v.
652 943 711 1004 gr,
725 927 871 1004 vesperas
891 925 1076 988 recitaturus
1094 925 1248 993 advoceris
1264 925 1371 988 statim

100 1014 137 1076 ad
153 1013 393 1088 moribundum,
410 1032 509 1095 neque
530 1014 569 1075 ad
585 1011 680 1076 Officii
698 1013 914 1094 obligationem
929 1013 1160 1095 persolvendam
1179 1021 1300 1094 tempus
1324 1013 1372 1078 vel

99 1101 302 1166 commoditas
320 1101 378 1165 tibi
392 1108 542 1183 suppetat.

139 1194 173 1252 10
190 1191 222 1252 Si
239 1197 304 1254 tota
322 1190 371 1253 die
390 1189 544 1272 occuperis
562 1190 597 1253 in
611 1189 796 1271 excipiendis
811 1189 1059 1268 confessionibus,
1075 1211 1143 1274 quae
1157 1191 1195 1254 ob
1207 1191 1372 1272 peculiares

99 1279 348 1342 circumstantias
365 1278 482 1342 differri
500 1298 562 1341 non
581 1279 713 1360 possint,
729 1299 758 1343 v.
776 1298 834 1360 gr,
849 1280 885 1342 in
901 1280 993 1344 sacris
1012 1279 1226 1356 missionibus,
1243 1297 1278 1342 ac
1295 1297 1373 1361 pra-

99 1367 210 1430 sertim
225 1368 282 1430 snb
294 1385 401 1430 earum
416 1367 525 1444 finem,
543 1385 614 1430 cum
626 1368 668 1430 sis
683 1367 885 1444 discessurus,
902 1375 959 1432 etc.

136 1461 170 1520 3⁰
191 1455 225 1519 Si
245 1456 421 1519 concionem
436 1455 501 1520 sinc
522 1457 660 1519 scandalo
683 1465 737 1519 aut
750 1455 839 1520 iamae
857 1457 1042 1521 detrimento
1062 1457 1204 1521 omittere
1220 1475 1283 1521 non
1299 1475 1372 1538 pos-

100 1563 160 1618 ses,
185 1564 242 1608 nec
265 1552 371 1608 tamen
387 1563 456 1608 cam
474 1545 663 1627 prapamndi
683 1551 855 1627 suppeteret
873 1553 1011 1627 tempus,
1034 1546 1061 1609 si
1081 1545 1274 1610 recitandum
1294 1552 1373 1609 esset

98 1631 251 1696 Officium.

134 1727 172 1784 10
198 1721 232 1782 Si
255 1722 407 1802 occuperis
429 1727 495 1786 tota
514 1721 564 1785 die
580 1721 614 1784 in
638 1722 779 1785 sedandis
797 1723 924 1802 jurgiis,
945 1729 1001 1786 aut
1019 1721 1198 1786 assistendis
1220 1723 1370 1798 infirmis,

96 1829 125 1872 r.
144 1827 211 1889 gn,
224 1813 358 1888 tempore
370 1810 471 1873 morbi
485 1809 666 1890 contagiosi,
682 1816 740 1872 etc.
755 1810 838 1872 -S.
854 1809 938 1892 bip,
954 1830 986 1871 a.
1004 1814 1078 1884 156,
1094 1819 1124 1872 et
1135 1811 1200 1874 olii.

135 1901 192 1960 91.
209 1933 251 1942 -
265 1899 315 1958 111.
330 1897 517 1980 Desponsotio
533 1897 684 1979 leqz'timo,
701 1916 756 1960 seu
769 1917 787 1960 a
800 1897 937 1979 legitimo
951 1897 1110 1978 Superiora
1124 1916 1272 1962 concessa.

136 1991 172 2049 10
185 1985 338 2065 Obligatio
352 1985 497 2048 divinum
513 1984 651 2048 Officium
665 1985 828 2063 recitandi,
845 2004 916 2048 cum
935 1986 976 2048 sit
994 1987 1113 2068 dejure
1130 1986 1375 2062 ecclesiastico,a

101 2073 315 2156 Superioribus
327 2073 535 2137 ecelesiasticis
549 2073 614 2136 tolli
626 2080 734 2154 potest.

138 2167 171 2226 10
184 2167 267 2242 Papa
280 2161 360 2224 hanc
371 2161 630 2242 dispensationem
643 2165 802 2226 concedere
815 2169 914 2244 potest
928 2164 1028 2227 valide
1041 2163 1076 2227 in
1088 2163 1265 2241 omnicasu,
1281 2165 1374 2228 etiam

104 2253 167 2315 sine
186 2269 296 2326 causa;
312 2249 394 2313 licite
414 2257 519 2313 autem
539 2268 577 2313 ex
592 2269 683 2314 causa
701 2251 887 2334 rationabili,
904 2273 934 2316 v.
954 2271 1013 2334 gn,
1035 2253 1073 2317 ob
1093 2253 1226 2316 nimiam
1250 2271 1374 2336 occupa-

103 2340 232 2415 tionem,
246 2339 285 2401 ad
300 2339 457 2420 scrupulos
471 2338 633 2412 sedandos,
647 2345 704 2402 etc.

144 2433 176 2491 30
195 2429 359 2509 Episcopus
383 2427 478 2490 etiam
498 2427 672 2508 dispensare
691 2435 791 2509 potest
812 2430 849 2493 ab
865 2430 923 2494 hac
941 2432 1019 2514 lege,
1040 2432 1091 2494 sed
1110 2449 1172 2494 non
1191 2431 1290 2495 valide
1308 2432 1375 2496 sine

103 2533 192 2578 cansa
205 2515 385 2591 sufficienti,
399 2521 430 2578 et
451 2522 573 2579 tantum
589 2533 661 2578 eum
684 2515 786 2599 aliquo
803 2517 837 2581 in
854 2519 1031 2600 particulari
1048 2519 1087 2582 ad
1103 2525 1242 2602 tempuS,
1260 2521 1374 2586 scilicet

103 2611 135 2668 10
152 2606 275 2687 quando
295 2604 458 2667 dubitatur
480 2606 517 2668 de
539 2605 721 2686 impotentia
740 2607 864 2684 morali,
889 2615 945 2671 aut
964 2609 1000 2671 de
1024 2607 1174 2689 gravilate
1194 2609 1373 2673 detrimenti

104 2693 274 2769 metuendi;
290 2698 323 2757 10
344 2694 467 2775 quando
488 2692 619 2757 difficilis
639 2701 686 2756 est
704 2713 843 2759 recursus
864 2697 902 2758 ad
921 2700 1049 2778 Papam3
1064 2702 1096 2761 30
1114 2698 1235 2779 quando
1252 2699 1374 2779 dispen-

105 2781 178 2846 satio
190 2782 311 2864 petitur
331 2782 369 2846 ob
386 2799 509 2846 causam
528 2801 597 2864 qua
615 2781 790 2863 frequenter
802 2783 945 2860 recurrit,
960 2805 990 2848 v.
1007 2805 1066 2866 gn,
1083 2785 1120 2848 ob
1139 2785 1371 2862 infirmitatem

104 2875 134 2933 10
147 2872 271 2952 qnando
285 2869 401 2952 petitur
417 2870 603 2951 dispensatio
617 2872 656 2934 ad
672 2871 763 2934 breve
776 2878 957 2954 tempus-
970 2873 1019 2936 Ito
1036 2873 1072 2936 S.
1092 2873 1177 2955 Lip,
1191 2893 1223 2934 n.
1246 2876 1317 2937 159.
1333 2905 1374 2922 -

104 2959 208 3024 Recole
221 2959 302 3022 dicto
315 2963 348 3020 io
362 2965 454 3022 tract.
470 2959 506 3021 de
520 2959 665 3041 lepidas,
680 2967 703 3023 t.
720 2962 748 3036 Ι,
764 2981 796 3021 n.
812 2966 880 3026 115.

222 3104 418 3182 Quaeslta.

140 3237 191 3297 95.
208 3269 248 3279 -
262 3235 364 3308 Quna.
382 3237 415 3294 10
431 3231 512 3306 Quc'cl
523 3233 670 3313 opondcm
681 3237 713 3295 in
728 3234 1270 3319 00000,0010]1000110000111σί0101
1283 3255 1372 3300 eccu-

104 3322 227 3385 eandam
239 3321 346 3386 000001

25 3411 26 3416 ’
141 3411 229 3494 neap.
251 3417 284 3474 10
299 3413 422 3474 :Potest
438 3408 583 3472 infirmus
605 3427 637 3471 se
658 3410 849 3472 committere
864 3412 982 3494 judicio
1002 3413 1128 3488 medici,
1150 3420 1187 3477 ut
1207 3413 1320 3476 dicitur
1338 3411 1373 3475 in

106 3500 174 3562 lora
197 3519 264 3562 eoa.
289 3519 314 3562 c.
343 3499 578 3573 Frotonitotie,
593 3497 630 3559 dc
648 3497 725 3580 scip.
747 3506 776 3560 et
791 3499 878 3578 mol.,·
892 3503 925 3562 10
938 3505 1038 3581 potest
1053 3501 1238 3583 acquiescere
1257 3497 1372 3581 judicio

105 3587 285 3668 Superioris,
302 3587 356 3670 qui
378 3587 413 3651 in
432 3586 526 3650 dnbio
540 3586 635 3650 etiam
651 3585 826 3668 dispensare
847 3587 942 3662 valet;
957 3592 989 3651 3⁰
1003 3593 1101 3668 potest
1116 3607 1147 3652 se
1160 3588 1316 3651 remittere
1323 3590 1374 3668 ju-

105 3675 181 3738 dicio
191 3675 342 3756 probabili
355 3675 415 3738 viri
429 3674 605 3757 prudentis;
620 3681 653 3739 10
664 3673 728 3739 imo
737 3673 934 3756 probabiliter
945 3681 1045 3757 polest
1056 3676 1149 3740 etiam
1161 3682 1241 3738 stare
1253 3674 1373 3756 proprio

102 3763 228 3842 judicio,
244 3765 271 3828 si
285 3765 345 3827 tale
353 3763 506 3846 judicium
520 3763 648 3844 ipsemet
662 3763 739 3830 ferre
751 3763 858 3846 possit.
874 3800 915 3810 -
929 3764 965 3828 S.
982 3765 1053 3849 Lip.
1069 3785 1100 3828 n.
1118 3769 1187 3830 151.

143 3855 293 3930 0010010
315 3851 364 3914 Aa
382 3851 459 3936 qaid
478 3861 615 3916 teneatur
633 3854 785 3936 infimus,
802 3855 831 3916 si
846 3864 945 3918 certus
963 3855 1003 3917 sit
1019 3874 1050 3918 00
1067 3856 1218 3937 inteprcm
1233 3853 1373 3936 officiam

103 3941 269 4022 persolvere
281 3961 342 4005 non
353 3961 451 4024 posse,
469 3940 583 4004 dubitet
597 3963 683 4024 cero,
699 3953 869 4026 capariam
881 3945 1010 4008 recitare
1024 3943 1147 4007 colent?

144 4031 235 4114 Rccp.
247 4051 260 4094 :
272 4029 478 4093 Probabiliter
494 4030 533 4093 ad
548 4031 628 4095 nihil
649 4037 781 4096 tenetur.
802 4032 1035 4098 Rationabiliter
1054 4031 1138 4096 enim
1156 4051 1174 4095 a
1191 4039 1256 4097 toto
1270 4031 1373 4096 Officio

108 4124 277 4198 excusatur,
294 4139 333 4183 ne
347 4118 497 4202 scrupulis
510 4125 652 4202 angatur,
668 4119 805 4184 nesciens
817 4139 976 4204 quousque
988 4121 1130 4202 possitae
1143 4128 1285 4186 teneatur
1297 4119 1374 4184 reci-

108 4212 183 4285 tare;
200 4227 268 4290 quaa
280 4207 406 4291 quidem
417 4205 556 4271 anxietas
573 4225 738 4289 magnum,
752 4215 790 4272 ut
802 4209 848 4274 ait
861 4213 892 4274 S.
911 4209 1064 4289 Ligarius,
1081 4217 1301 4274 nocumentmn
1313 4205 1375 4289 ipsi

25 4299 26 4308 ‘
109 4294 237 4360 afferret.
250 4333 291 4345 -
303 4297 340 4362 S.
353 4297 424 4380 Lip.
438 4317 470 4358 n.
487 4299 562 4373 151,
580 4297 613 4359 in
626 4297 697 4380 fine.

144 4389 195 4449 96.
211 4421 250 4432 —-
264 4389 365 4463 Qum.
383 4390 416 4450 3⁰
427 4385 480 4448 An
493 4395 650 4468 atcumque
664 4385 827 4469 impeditus
846 4407 865 4448 0
884 4385 1040 4450 recitando
1058 4389 1176 4472 intepro
1193 4385 1370 4458 breviario,

110 4475 291 4539 teneatur-od
301 4484 419 4558 portem
433 4493 522 4560 quom
534 4477 662 4538 recitare
671 4473 793 4558 potest?
