3198 5034
219 174 263 234 bd
754 179 959 226 anscausus

259 305 293 362 5⁰
315 299 389 360 ture
405 293 563 358 communi
578 291 654 372 ipsis
673 297 846 353 reservatur
865 289 1016 353 absolutio
1033 309 1250 366 censurarum,
1267 311 1398 358 numero
1416 316 1493 378 qua-

218 394 298 461 tacr,
329 384 361 447 vi
383 388 486 448 Gonst.
513 379 693 463 epistolica
720 379 809 441 Sedis
836 378 951 459 ubique
977 378 1165 459 vigentium,
1192 397 1302 460 nempe
1325 401 1394 462 quie
1420 386 1493 452 latas

216 480 307 538 sunt:
325 451 407 536 t⁰⁴ln
423 469 624 552 percutientes
638 468 746 531 leviter
757 467 921 542 Clericum;
937 472 970 530 2⁰
983 467 1018 529 ia
1031 467 1159 530 ebriam
1174 467 1271 532 Sacris
1285 469 1434 549 initiatos,
1454 475 1492 538 in

216 564 379 643 Regulares
405 567 459 624 aut
482 558 626 624 Moniales
645 563 714 637 post
736 557 886 619 emissum
911 556 1044 618 solemne
1065 555 1214 620 castitatis
1235 565 1359 634 votum,
1386 579 1489 643 perso-

215 669 333 732 nasque
348 668 420 714 cum
441 648 556 711 talibus
573 645 811 710 matrimonium
830 645 1007 707 contrahere
1025 651 1260 724 praesumentem
1280 651 1313 710 3⁰
1331 648 1364 711 in
1381 669 1490 730 pmcn.

215 747 315 804 rnntes
337 739 496 812 abortum,
510 735 620 799 edecta
641 741 758 810 secuto;
777 738 810 797 40
830 733 864 794 in
883 733 1013 796 scienter
1034 739 1157 796 utentes
1177 734 1289 797 litteris
1308 739 1488 819 apostolicis

213 827 313 904 falsis,
328 829 433 910 eisqim
443 831 645 906 imperantes.

253 915 564 982 abominantes
580 912 615 975 in
633 911 748 975 divinis
769 929 841 974 cum
857 911 1117 975 excommunicato
1136 911 1323 976 nominatim
1341 916 1380 978 ab
1397 917 1488 998 Epis-

213 1025 300 1088 copo,
316 1007 364 1070 vel
388 1003 586 1076 celebrantes,
603 1007 657 1064 eut
680 999 824 1062 celebrari
846 998 990 1064 facientes
1008 999 1116 1064 diuina
1134 1001 1169 1064 in
1189 1001 1261 1065 locis
1282 1003 1320 1066 ab
1338 1023 1373 1068 eo
1389 1005 1488 1070 inter-

212 1095 320 1170 dictis,
334 1095 499 1157 incurrunt
512 1092 578 1172 ipso
589 1093 658 1172 jure
671 1087 872 1151 interdictum
886 1087 924 1150 ab
939 1088 1080 1168 ingressu
1091 1089 1232 1153 ecclesia.

257 1184 324 1246 Viri.
348 1181 447 1259 Trici,
469 1200 537 1243 sess.
558 1181 664 1250 XXIV,
686 1197 711 1239 c.
731 1177 845 1240 Liceat.
860 1213 900 1222 -
918 1176 954 1239 S.
972 1179 1054 1259 Lep,
1072 1178 1211 1261 Appenni.
1229 1178 1265 1241 de
1279 1182 1381 1262 pria,
1396 1205 1428 1245 n.
1445 1189 1487 1248 te

211 1283 311 1354 etseq.
328 1308 369 1318 -
380 1275 482 1334 Const.
499 1267 679 1350 Apostolicoe
694 1265 793 1328 Sedis.

251 1365 321 1424 tae.
333 1398 373 1406 —
387 1362 423 1422 ll.
440 1358 533 1431 ,Circa
547 1354 760 1439 impedimenta
773 1357 977 1432 matrimonii,
991 1355 1130 1436 Episcopi
1145 1356 1319 1436 dispensare
1333 1367 1483 1440 possunt:

251 1455 284 1513 i⁰
296 1453 331 1512 ln
345 1447 574 1529 impedimentis
586 1443 836 1527 impedientibus,
851 1443 982 1524 exeeptis
996 1450 1067 1507 voto
1079 1444 1228 1508 eastitatis
1237 1453 1399 1528 perpetua,
1412 1457 1485 1513 voto

208 1538 415 1618 ingredienda
436 1533 616 1616 Religionis,
642 1531 850 1613 sponsalibus,
873 1538 905 1594 et
925 1530 1145 1612 impedimento
1168 1533 1358 1615 disparitatis
1381 1539 1484 1602 cultus

208 1626 291 1690 inter
304 1626 464 1690 catholicos
478 1631 509 1687 et
519 1623 689 1687 hereticos.
800 1683 805 1694 ,

248 1719 282 1778 2⁰
295 1718 331 1778 ln
353 1712 583 1795 impedimentis
600 1709 893 1793 supcuenientibus,
913 1717 1067 1774 contracto
1086 1711 1300 1788 matrimonio,
1325 1713 1360 1778 in
1375 1717 1484 1782 ordine

207 1804 247 1868 ad
257 1803 399 1866 debitum
416 1802 597 1884 petendum,
615 1819 645 1864 v.
661 1819 721 1879 gc,
738 1799 765 1861 si
779 1797 960 1862 affinitatem
978 1798 1045 1863 ideo
1064 1800 1284 1876 contraxerint,
1300 1804 1381 1884 quod
1392 1805 1484 1869 alter-

207 1899 277 1957 uter
290 1890 509 1955 commercium
522 1889 641 1954 carnale
653 1906 725 1951 cum
736 1887 970 1968 consanguineis
982 1887 1108 1952 alterius
1122 1888 1283 1965 babuerit;
1296 1891 1383 1955 velsi
1398 1913 1484 1960 unus

207 1979 378 2044 metitatem
390 1979 518 2044 araverit.
533 1981 598 2041 lmo
613 1977 778 2058 Episcopus
791 1976 887 2039 etiam
898 1976 1072 2058 dispensare
1086 1983 1186 2059 potest
1200 1981 1360 2060 conjugem
1374 2000 1393 2042 a
1411 1989 1482 2046 voto

206 2075 359 2151 perpetrm
373 2067 524 2132 castitatis
538 2066 620 2148 quod
633 2069 703 2128 ante
717 2064 953 2128 matrimonium
967 2065 1084 2143 emisit,
1101 2072 1137 2130 at
1151 2069 1223 2149 jura
1237 2067 1480 2134 matrimonialia
1589 2155 1590 2160 ἵ

206 2163 574 2326 exiiiiiiiiailpiiitiimentis
588 2241 801 2304 dirimentibus
816 2239 924 2302 dubiis
939 2277 981 2288 —
995 2242 1032 2305 S.
1044 2243 1129 2325 Lip,
1143 2244 1301 2326 Appenni,
1315 2267 1348 2307 a.
1363 2251 1412 2324 55,
1424 2249 1483 2314 ubi

206 2335 282 2400 dicit
297 2328 960 2397 hancsententiamessecommanissimam.
1589 2347 1590 2354 0

245 2427 279 2486 l⁰
290 2422 351 2484 Per
367 2421 545 2484 accideasin
559 2417 788 2501 impedimentis
802 2417 1013 2482 dirimentibus
1026 2423 1132 2497 certis,
1146 2425 1214 2486 ium
1228 2430 1314 2499 ante,
1331 2431 1401 2488 ium
1412 2433 1482 2508 post
1589 2409 1590 2416 ἵ

206 2516 398 2574 contractum
412 2509 665 2584 matrimonium,
682 2509 804 2590 quando
823 2525 964 2571 recursus
982 2509 1021 2570 ad
1035 2511 1149 2591 Papam
1162 2517 1209 2574 est
1225 2513 1312 2575 valde
1330 2513 1477 2593 difficilis,

205 2599 255 2662 val
275 2601 398 2680 quando
416 2600 503 2663 adast
522 2597 694 2680 periculum
706 2597 742 2660 in
766 2614 866 2671 mora,
883 2615 936 2660 seu
955 2597 1011 2660 ubi
1029 2597 1126 2662 instat
1142 2599 1313 2680 periculum
1328 2605 1478 2680 scandali,

204 2686 357 2765 iniamie,
373 2687 619 2762 incontinentiis,
635 2692 692 2749 etc.
709 2721 748 2730 —
765 2685 801 2748 S.
819 2685 902 2767 Liq,
916 2685 1009 2764 ibid,
1022 2707 1053 2748 n.
1068 2690 1108 2750 58
1121 2697 1223 2772 etseq.

244 2780 279 2840 5⁰
299 2779 336 2840 ln
358 2775 532 2840 Baaacrum
549 2774 870 2857 publicationibus-
886 2775 924 2837 S.
944 2775 1027 2857 Lip„
1050 2775 1126 2838 ibid.
1142 2813 1183 2823 -
1208 2778 1282 2841 Vide
1301 2779 1428 2842 dicenda
1443 2782 1479 2844 ia

206 2875 295 2928 tract.
312 2865 349 2928 dc
362 2867 577 2944 Matrimonia,
594 2885 624 2926 n.
640 2868 709 2928 739.

244 2957 294 3017 ΠΙ.
311 2953 402 3018 Circa
414 2966 480 3018 eota
494 2966 524 3016 et
528 2955 724 3036 juramenta,
739 2951 878 3032 Episcopi
891 2951 1065 3032 dispensare
1076 2961 1224 3034 possrmt:

246 3049 278 3105 l⁰
291 3047 327 3106 ln
342 3044 487 3106 omnibus
504 3042 585 3106 votis
601 3041 793 3122 simplicibus
809 3039 954 3120 privatis,
971 3041 1104 3122 exceptis
1123 3043 1260 3124 quinque
1281 3051 1366 3126 Papae
1380 3066 1478 3110 reser-

204 3130 298 3207 vatis,
315 3149 425 3212 nempe
443 3131 593 3194 castitatis
611 3136 777 3212 perpetuae,
799 3127 982 3208 Religionis,
1003 3136 1034 3192 et
1052 3131 1333 3210 peregrinationum
1348 3136 1386 3197 ad
1405 3136 1477 3198 Hie-

204 3220 353 3294 rusalem,
369 3221 408 3282 ad
425 3219 533 3283 liruina
550 3218 764 3299 Apostolorum
784 3216 865 3279 etad
880 3217 910 3278 S.
924 3218 1071 3280 lacobmu
1086 3221 1364 3300 Compostellanum
1379 3223 1433 3304 (Τ.
1449 3227 1474 3299 l,

204 3327 236 3370 n.
257 3310 346 3390 33⁰).

244 3401 279 3460 2⁰
289 3397 483 3461 [nomnibus
497 3394 692 3478 juramentis,
706 3394 734 3458 si
741 3397 919 3477 imamenta
932 3395 1064 3476 excipias
1078 3414 1097 3458 a
1111 3395 1202 3459 tertio
1219 3402 1384 3478 acceptata,
1404 3419 1477 3481 qum

204 3491 291 3549 metu
305 3491 359 3549 aut
372 3485 477 3550 fraude
490 3503 552 3548 non
562 3484 689 3548 buerant
701 3491 828 3548 extorta.
845 3519 885 3530 -
900 3485 936 3547 S.
953 3485 1035 3566 Lig,
1049 3485 1177 3566 passim.

244 3579 313 3638 126.
330 3610 370 3622 —
387 3577 437 3638 lv.
456 3573 547 3637 Circa
558 3594 641 3636 casus
660 3573 738 3634 alios
748 3573 967 3655 particulares,
983 3572 1121 3652 Episcopi
1136 3571 1310 3652 dispensare
1323 3583 1475 3655 possunt:

243 3669 276 3726 i⁰
292 3666 327 3726 In
341 3663 434 3726 rebus
449 3662 593 3726 omnibus
609 3661 731 3725 levioris
743 3661 908 3736 momenti,
925 3659 1379 3737 seminecessemineces]
1400 3665 1475 3745 qaia
1588 3669 1589 3674 ’

202 3768 343 3818 recursus
355 3753 393 3816 ad
407 3755 607 3833 Papamcssat
617 3749 712 3812 nimis
726 3749 949 3812 incommodus.

241 3841 276 3900 90
296 3841 331 3902 ln
351 3839 495 3904 omnibns
511 3858 581 3920 qum
596 3837 802 3901 conrmunitar
819 3836 981 3911 eveniant,
1000 3857 1030 3900 v.
1050 3855 1110 3918 gr,
1126 3838 1160 3900 in
1174 3839 1307 3920 jejunio,
1326 3839 1360 3902 in
1379 3841 1477 3904 absti-

201 3925 323 4000 nentia,
335 3929 371 3991 iu
383 3929 484 3993 Officio
496 3927 602 3991 divino
612 3945 667 4006 pro
680 3925 801 3987 casibus
813 3931 843 3988 et
855 3925 993 4006 personis
1008 3926 1255 4007 particularibus,
1267 3927 1315 3990 vel
1329 3929 1367 3992 ad
1381 3928 1472 3994 breve

201 4020 338 4093 tempus,
352 4020 406 4079 etc.

240 4106 274 4168 30
294 4103 329 4164 ln
347 4105 492 4170 omnibus
506 4104 645 4180 amabe,
664 4119 719 4165 seu
733 4101 850 4182 legibus
868 4103 1047 4184 pontificiis,
1061 4123 1130 4186 qua
1146 4105 1279 4168 babeant
1296 4107 1473 4172 clausidam

200 4189 461 4270 dispensationem
476 4192 656 4274 generaliter
667 4197 697 4254 et
711 4189 777 4253 sine
791 4191 982 4255 restrictione
994 4192 1239 4273 permittentem,
1256 4214 1287 4256 v.
1305 4213 1363 4274 gr,
1380 4193 1476 4257 donec

203 4279 405 4359 dispensetur.
420 4285 532 4344 Utrum
550 4299 620 4346 aero
638 4279 734 4361 possit
750 4279 849 4342 adbuc
866 4280 1031 4361 Episcopus
1045 4281 1221 4362 dispensare
1242 4281 1398 4346 deliciante
1418 4283 1474 4344 tali

199 4367 352 4444 clausula,
370 4367 460 4431 niodo
476 4369 666 4450 dispensatio
680 4387 742 4432 non
760 4367 853 4430 fuerit
870 4387 1009 4450 expresse
1028 4377 1197 4444 mereata,
1214 4370 1388 4452 negativam
1407 4389 1475 4434 sen-

198 4456 331 4522 tantiam
345 4457 472 4522 omnino
486 4459 649 4522 tenendam
658 4456 779 4520 censuit
791 4456 828 4520 S.
840 4457 997 4540 Ligarius,
1016 4457 1036 4519 l.
1053 4460 1081 4533 l,
1098 4477 1130 4522 n.
1146 4463 1214 4524 tet.
