3198 5034
714 204 923 250 retornus

458 562 508 612 DE
531 561 886 612 OBLIGATIONIBUS
912 559 1189 610 APPARITORIS

225 723 275 782 le.
286 716 496 798 -Apparitor
510 715 670 796 (traiector)
682 715 732 777 ille
743 721 804 790 est,
816 714 871 794 qui
881 733 918 776 ex
928 712 1023 776 officio
1037 715 1184 776 mandata
1195 715 1309 795 Judicis
1322 715 1473 796 partibus

186 805 290 880 defert,
303 813 396 886 atque
408 805 616 868 exsecutiones
628 824 647 866 a
654 803 757 885 judice
771 804 905 865 decretas
920 801 1047 883 perficit.
1057 802 1136 866 Hinc
1148 803 1331 884 apparitoris
1346 822 1473 868 munus

186 895 298 976 duplex
311 901 368 956 est.

226 987 305 1047 Cum
319 981 504 1064 apparitores
520 981 584 1043 sint
601 980 739 1044 ministri
754 979 901 1061 justitiae,
923 998 1114 1060 summopere
1128 981 1229 1055 decet,
1248 987 1286 1043 ιιι
1299 981 1474 1062 perhuma-

185 1072 269 1135 niter
282 1090 337 1134 suo
349 1071 519 1150 fungantur
533 1068 644 1144 officio,
658 1087 692 1131 ac
704 1068 753 1131 sui
767 1067 933 1130 ministerii
948 1068 1079 1149 rigorem
1093 1075 1124 1131 et
1136 1068 1336 1149 asperitatem
1351 1078 1474 1152 tempe·

184 1166 271 1233 rent,
286 1167 440 1241 quantum
454 1157 520 1221 fieri
536 1163 644 1239 potest.
666 1156 854 1220 Sufficienter
867 1155 983 1219 instrui
998 1157 1109 1220 debent
1123 1158 1160 1220 de
1174 1157 1323 1220 omnibus
1343 1177 1416 1240 quae
1433 1161 1474 1222 ad

186 1268 280 1312 suum
301 1266 417 1310 munus
437 1247 581 1310 attinent.
605 1246 800 1309 Fidelitatem
822 1263 942 1327 quoque
964 1252 1108 1327 prestare
1125 1245 1237 1308 debent
1255 1247 1289 1308 in
1307 1247 1474 1312 mandatis

185 1336 351 1400 tribunalis
363 1335 573 1417 exsequendis,
585 1353 671 1416 aeque
682 1335 814 1398 cavendo
824 1333 1116 1415 tumanegligentia
1126 1333 1161 1397 in
1170 1352 1298 1398 munere
1306 1335 1471 1412 obeunda,
1588 1359 1589 1420 f

185 1430 255 1488 tum
269 1445 288 1487 a
301 1424 400 1505 rigore
416 1432 447 1487 et
461 1424 621 1488 vexatione
635 1442 706 1504 erga
725 1442 774 1486 eos
791 1441 867 1504 quos
883 1423 1008 1505 justitia
1027 1423 1148 1503 pubbca
1160 1422 1371 1504 persequitur.
1392 1424 1474 1506 Ipsis
1588 1447 1589 1496 ι

186 1513 281 1577 etiam
295 1512 465 1594 specialiter
478 1531 551 1576 cura
569 1512 739 1588 incumbit,
758 1531 805 1580 ne¹
816 1512 893 1574 ullas
908 1510 1108 1574 formalitates
1129 1511 1317 1574 necessarias
1336 1513 1371 1575 in
1393 1513 1473 1576 actia
1588 1511 1589 1562 l

187 1602 253 1664 suis
267 1601 432 1678 omittant;
450 1620 535 1666 secus
549 1601 634 1664 enim
644 1600 802 1683 justitiam
821 1618 899 1681 saepc
919 1600 1077 1675 luderent,
1099 1606 1191 1680 atque
1209 1601 1247 1663 ad
1263 1600 1384 1664 damna
1398 1601 1473 1665 inde
1588 1621 1589 1686 p

186 1690 399 1772 provenientia
409 1692 578 1772 reparanda
590 1695 779 1753 tenerentur.

228 1783 278 1843 46.
292 1815 331 1824 -
345 1779 540 1859 Apparitores
554 1778 669 1861 injuste
683 1797 715 1841 ιι
727 1782 837 1859 gerunt
847 1777 1018 1858 presertim

229 1873 261 1930 ιο
281 1867 312 1929 Si
335 1866 433 1948 pretio
459 1874 513 1930 aut
534 1867 636 1931 favore
662 1887 693 1930 ιι
718 1867 872 1950 eorrumpi
897 1867 1001 1929 sinant
1022 1866 1056 1928 in
1084 1866 1298 1948 prejudicium
1330 1867 1470 1942 edentia,
1588 1853 1589 1928 l

187 1976 220 2020 v.
244 1974 303 2036 gr„
332 1954 581 2018 denuntiationes
607 1957 830 2019 sententiarum
857 1955 1075 2036 protrahendo,
1105 1954 1302 2036 negligendo,
1337 1957 1387 2019 vel
1411 1956 1475 2019 alia
1588 2025 1589 2042 1

187 2045 338 2119 faciendo,
362 2044 444 2106 unde
465 2043 518 2106 fiat
538 2050 576 2106 ut
596 2043 725 2109 creditor
749 2043 932 2108 solutionem
952 2043 1084 2124 accipere
1105 2062 1168 2106 non
1193 2043 1298 2124 possit.
1325 2047 1406 2108 Item
1429 2045 1474 2107 fa-
1588 2099 1589 2118 ,

187 2134 286 2198 vendo
301 2133 489 2215 quibusdam
502 2131 691 2195 debitoribus
706 2131 871 2207 solidariis,
889 2138 925 2193 ut
939 2150 988 2194 eos
1002 2132 1036 2193 in
1049 2131 1294 2195 exsecutionibus
1308 2151 1376 2196 non
1388 2151 1474 2196 com-
1588 2127 1589 2142 ¹

187 2223 457 2389 ΡΥθιῗθὲξὶᾶιιιῑιξιιιιιιι
478 2309 518 2371 ad
538 2315 605 2370 acta
621 2307 754 2389 juridica
774 2307 958 2370 conficienda
979 2308 1141 2389 prefixum
1159 2328 1221 2372 non
1239 2312 1423 2386 concedant3
1445 2310 1474 2373 si

189 2401 272 2463 diem
284 2397 358 2459 falso
372 2395 546 2460 adscribant
560 2396 814 2477 (faussesdatesg
829 2396 856 2458 si
870 2395 981 2458 falsum
993 2396 1147 2460 affirment
1157 2396 1191 2459 in
1203 2398 1279 2461 actis
1291 2400 1473 2463 verbalibus
1588 2419 1589 2470 ς

191 2485 495 2569 (ρνοιὸι-υινιαιι);
517 2485 544 2547 si
564 2491 697 2566 tempore
718 2485 892 2565 prescripto
910 2489 976 2548 acta
993 2485 1125 2567 juridica
1144 2485 1203 2548 sibi
1221 2488 1390 2551 commissa
1408 2505 1473 2550 non
1588 2479 1589 2560 l

286 2574 292 2587 ¹
1588 2581 1589 2608 ι

189 2575 491 2727 0⁰1dtfdoddlldstrantes
507 2663 612 2726 domos
631 2662 768 2742 asperius
787 2669 894 2742 agant,
910 2671 948 2725 ut
967 2663 1090 2744 aliquod
1109 2681 1225 2726 munus
1246 2671 1470 2746 extorqueant;

191 2753 217 2816 si
236 2751 302 2815 vim
323 2751 474 2831 injustam
497 2757 553 2814 aut
570 2750 663 2814 aliam
686 2751 834 2832 injuriam
855 2750 1007 2826 inierant;
1029 2751 1056 2813 si
1075 2749 1187 2814 falsum
1207 2751 1241 2813 in
1260 2752 1381 2817 actibus
1403 2754 1472 2817 suis
1588 2763 1589 2840 ι

191 2841 365 2904 enuntient.
1588 2857 1589 2868 ·

230 2934 264 2992 4ο
278 2928 310 2992 Si
329 2929 475 2990 excedant
495 2928 678 2992 mandatum
694 2928 823 3009 judicis,
840 2937 895 2992 aut
911 2929 985 3009 legis
1004 2935 1122 2992 statuta
1139 2929 1174 2991 in
1193 2930 1284 2992 rebus
1306 2948 1361 2992 seu
1379 2930 1472 2994 bonis

190 3017 384 3100 privatorum
396 3015 565 3116 capiepdis;
583 3015 686 3078 sinon
703 3020 847 3081 servent'
835 3036 888 3100 Jus
891 3026 958 3081 tunr
975 3017 1110 3098 pretium
1124 3017 1160 3080 in
1173 3018 1350 3082 venditione
1363 3037 1471 3124 rerum
1588 3051 1589 3112 3

192 3113 365 3186 captarum,
382 3108 454 3166 ιιι·
448 3103 497 3180 ,si
511 3110 631 3185 partem
644 3105 739 3185 hujus
753 3111 819 3186 pret
820 3105 843 3167 ir
835 3106 917 3168 sibi
932 3106 1100 3182 retineant,
1114 3111 1170 3170 etc.

316 3259 509 3335 Quaesita.

234 3408 285 3467 l'l.
300 3438 341 3450 -
354 3405 456 3478 Qum.
474 3407 505 3466 ιο
517 3403 570 3466 Aa
587 3406 780 3486 apparitores
796 3403 839 3466 ad
854 3408 1077 3469 restitutionem
1096 3414 1265 3480 teneantur,
1291 3406 1319 3464 si
1333 3407 1472 3485 pretium

193 3511 289 3576 supro
304 3502 405 3554 taram
418 3492 481 3573 lopo
491 3491 723 3554 determinatam
737 3492 826 3555 titulo
841 3493 1013 3556 donationis
1026 3491 1218 3575 acceperam?
1588 3545 1589 3558 ι

235 3582 322 3663 Βιιρ.
341 3579 468 3662 affirm.
483 3599 541 3662 per
553 3600 594 3643 se.
613 3580 702 3645 Ratio
716 3585 776 3655 est,
796 3581 953 3663 quietalis
972 3579 1095 3643 donatio
1114 3579 1282 3658 generatim
1302 3586 1472 3662 spontanea
1588 3583 1589 3676 ,

195 3670 256 3733 dici
267 3669 386 3752 nequit.
402 3670 489 3734 Unde
506 3668 533 3731 si
547 3688 687 3733 excessus
703 3669 793 3749 pretii
811 3669 852 3731 sit
870 3668 946 3749 quid
960 3685 1065 3748 grave,
1082 3667 1140 3730 sub
1154 3675 1279 3748 peccato-
1288 3669 1413 3733 mortali
1432 3669 1472 3734 ad
1588 3693 1589 3752 ,

195 3756 286 3819 illurn
296 3757 524 3820 restituendum
535 3755 720 3836 obligantur.
737 3756 841 3817 —Ita
855 3759 1065 3830 cornmuoiter,
1082 3773 1155 3818 cum
1167 3754 1317 3820 Salmont.
1329 3795 1369 3804 -
1383 3761 1474 3824 Atta-
1588 3761 1589 3840 J

195 3861 268 3908 men
287 3843 315 3904 si
334 3844 468 3908 laborem
487 3843 762 3907 extraordinarium
783 3851 814 3906 et
835 3842 1011 3906 indebitum
1031 3843 1214 3920 subiissent,
1238 3845 1356 3928 aliquid
1378 3863 1473 3926 supra

195 3929 332 4014 pretium
346 3932 537 3996 ordinarium
550 3930 684 4011 accipere
696 3938 831 4011 possent.
847 3967 886 3976 -
900 3929 935 3993 S.
951 3932 1057 4014 Liger.

238 4024 286 4084 l8.
303 4055 343 4065 -
358 4021 459 4095 Quen.
475 4025 509 4084 ιιι
517 4021 567 4084 Aa
581 4023 742 4102 apparitor
754 4019 919 4102 multiplea
929 4019 1076 4084 sabariam
1086 4025 1206 4104 eaipere
1212 4025 1327 4105 possit,
1341 4027 1369 4085 si
1382 4025 1472 4085 unica

197 4117 226 4171 et
241 4107 342 4170 eadem
357 4110 420 4169 vice
432 4108 577 4171 mandata
587 4107 706 4170 diversa
720 4107 865 4189 deserat?
988 4191 991 4198 Ι

236 4197 327 4280 cap.
348 4201 404 4258 1⁰:
426 4197 471 4258 Ex
488 4197 552 4278 lege
574 4197 709 4262 naturali
728 4196 762 4260 in
785 4215 817 4260 se
835 4198 898 4261 sola
916 4205 1051 4280 spectata
1070 4199 1288 4265 affirmandum
1302 4200 1469 4272 videretur,

197 4285 271 4368 quia
282 4285 422 4348 eamdem
433 4290 559 4364 prestat
572 4284 740 4350 utilitatem
755 4285 886 4368 singulis
900 4305 972 4350 eum
988 4287 1233 4369 requirentibus,
1248 4288 1324 4353 acsi
1338 4305 1393 4370 pro
1406 4301 1471 4348 uno
1588 4351 1589 4360 ,

198 4374 260 4438 solo
277 4373 336 4437 iter
358 4380 390 4437 et
409 4390 531 4454 operam
550 4374 729 4456 susciperet,
742 4377 833 4457 juxta
856 4375 938 4440 dicta
955 4375 990 4439 in
1012 4383 1101 4442 tract.
1116 4375 1152 4438 de
1169 4375 1276 4440 Contr.
1296 4380 1330 4438 in
1343 4391 1468 4457 peoora,

198 4481 229 4525 ι.
245 4466 316 4528 757.
332 4463 435 4526 -Ita
449 4460 483 4524 S.
500 4461 582 4546 ιιι,
595 4463 687 4526 Hom.
703 4473 810 4548 apost,
828 4472 918 4529 tract.
934 4467 1016 4541 lllll,
1033 4485 1065 4526 a.
1088 4469 1144 4541 68,
1161 4471 1217 4530 etc.
