3198 5036
220 203 264 264 86
746 213 954 260 rnaarcrus

261 331 296 390 ll.
320 333 387 391 Non
409 325 578 406 requiritur
600 331 702 387 tamen
719 324 851 387 intentio
869 307 1017 397 actualis,
1031 326 1082 387 sed
1102 322 1212 386 sufficit
1233 323 1382 386 virtualis.
1403 323 1497 388 Ratio
1595 301 1596 374 Ϊ

221 423 281 490 est,
296 415 368 495 quia
385 413 515 476 intentio
529 413 674 488 actualis,
689 412 746 475 etsi
759 413 875 493 optima
891 417 921 475 et
934 413 1147 488 desideranda,
1164 418 1208 474 est
1223 412 1381 474 interdum
1393 431 1497 475 mora-

220 506 290 568 liter
302 502 517 584 impossibilis3
533 502 674 564 virtualis
689 520 760 564 vero
774 501 849 564 satis
863 502 970 564 influit
989 503 1023 566 in
1037 501 1189 564 actionem
1205 500 1359 576 Ministri,
1378 508 1414 563 ut
1428 501 1497 564 haec
1595 557 1596 586 ,

221 611 289 655 vere
301 593 438 654 hmnana
450 596 481 653 et
493 590 658 653 deliberata
672 591 732 654 dici
746 591 852 670 possit.
867 627 906 636 —
921 591 971 652 Ita
986 610 1094 652 omnes.
1595 645 1596 654 ,

260 683 310 742 ΠΙ.
327 682 392 742 Non
411 677 521 741 sufficit
534 677 662 742 intentio
682 678 863 754 habitualis,
884 697 939 742 nec
962 681 1207 761 interpretativa.
1228 678 1317 743 Ratio
1336 685 1399 752 est,
1420 679 1498 759 quia
1595 713 1596 762 t

221 769 259 831 ad
277 775 381 832 aetum
402 767 577 830 humanum
596 766 766 848 requiritur
783 769 926 831 voluntas
944 767 1063 848 aliqua,
1086 767 1118 830 vi
1138 770 1225 848 quus
1241 773 1327 828 actus
1348 774 1494 846 ponatur.
1595 765 1596 816 ἕ

220 860 288 920 lam
310 875 381 919 vero
404 874 459 918 neo
479 855 611 918 intentio
631 855 817 931 habitualis,
834 875 889 918 nec
906 856 1139 938 interpretativa
1153 859 1199 918 est
1211 855 1391 936 hujusmodi
1408 875 1415 916 z
1432 873 1498 918 non
1595 861 1596 940 ζ

221 952 263 1020 1⁸,
280 945 354 1027 quia
373 963 426 1007 nea
445 950 516 1008 actu
534 945 722 1007 avoluntate
736 944 867 1021 elicitur,
892 963 962 1020 nec,
978 943 1123 1027 quamvis
1143 944 1308 1025 aliquando
1329 943 1444 1018 elicita,
1461 944 1499 1006 in
1595 957 1596 1002 3

220 1035 321 1116 aliquo
334 1033 443 1096 effectu
454 1034 502 1096 vel
515 1033 549 1096 in
564 1033 640 1096 serie
654 1033 812 1096 actionum
825 1035 985 1114 perdurat;
999 1052 1061 1097 non
1071 1038 1114 1108 ⁶2¹,
1128 1033 1264 1113 quianec
1275 1038 1346 1095 actu
1360 1031 1493 1109 elicitur,
1595 1053 1596 1068 ¹

220 1139 428 1204 necunquam
442 1121 625 1185 actuelicita
641 1121 714 1196 brit,
730 1124 783 1184 sed
800 1127 924 1185 tantum
938 1122 1106 1192 eiceretur,
1124 1121 1150 1183 si
1169 1123 1206 1184 de
1221 1139 1254 1183 re
1272 1121 1388 1196 agenda
1406 1139 1494 1184 mens

219 1211 374 1292 cogitaret.
391 1248 430 1257 -
446 1211 481 1272 S.
500 1211 582 1292 Liq,
605 1231 636 1272 rt.
654 1215 705 1274 to.
1595 1215 1596 1218 ’

321 1389 514 1464 Quaesila.

258 1555 327 1613 iol.
344 1586 384 1595 —
398 1552 499 1625 Quart.
517 1557 549 1613 l⁰
564 1550 613 1610 Aa
628 1552 804 1630 requiratur
816 1548 945 1609 icteritia
958 1548 1099 1610 interna?

257 1639 347 1721 Hesp.
361 1639 501 1720 Affirrn,
516 1637 590 1718 quia
604 1638 631 1701 si
639 1637 779 1702 Minister
793 1637 892 1699 solum
903 1636 1076 1700 intenderet
1090 1645 1194 1700 actum
1204 1642 1379 1712 externum,
1392 1639 1494 1702 inten-

218 1728 301 1790 deret
310 1727 436 1807 quidem
451 1727 540 1790 unire
554 1727 715 1790 materiam
731 1725 846 1798 format,
864 1726 915 1788 sed
929 1744 992 1788 non
1004 1726 1177 1789 intenderet
1191 1732 1335 1806 materen
1350 1725 1445 1790 lacere
1459 1728 1493 1791 id

217 1817 298 1896 quod
313 1816 445 1878 Ecclesia
456 1815 541 1892 facit,
558 1823 681 1897 prouta
700 1819 788 1878 Gono.
811 1815 942 1878 Florent.
966 1820 996 1878 et
1013 1815 1097 1878 trid.
1119 1815 1297 1896 requiritur.
1318 1817 1357 1876 Et
1370 1835 1490 1892 revera,

216 1905 254 1966 ad
268 1903 479 1967 ministerium
492 1903 615 1985 aliquod
630 1905 841 1978 exercendum,
856 1921 918 1965 non
931 1902 1043 1965 sufficit
1052 1904 1127 1966 velle
1138 1904 1318 1966 exteriorem
1328 1904 1493 1968 druntaxat

215 1991 342 2074 hujusce
357 1992 524 2055 ministerii
542 1993 693 2056 actionem
712 2010 836 2073 ponere,
854 1992 906 2054 sed
920 1998 1037 2071 oportet
1049 1991 1143 2054 etiam
1160 1992 1217 2054 hac
1229 1991 1333 2073 ipsum
1348 1991 1494 2056 ministe-

216 2081 298 2143 rium
311 2080 462 2162 implicite
477 2082 584 2144 saltem
599 2087 654 2143 aut
666 2078 839 2143 virtualiter
853 2079 927 2142 velle
941 2079 991 2141 hic
1005 2087 1037 2142 et
1050 2099 1133 2142 nunc
1147 2099 1297 2154 exercere,
1312 2087 1350 2142 ut
1360 2085 1444 2162 patet
1456 2081 1493 2146 in

211 2169 330 2249 judice,
347 2174 402 2232 etc.
418 2205 459 2214 -
472 2168 508 2231 S.
527 2170 598 2250 Liq.
615 2189 646 2229 a.
663 2173 713 2232 Et).
1595 2223 1596 2246 ,

256 2257 379 2320 Probari
402 2259 496 2320 etiam
519 2263 620 2337 potest
640 2275 677 2318 ex
697 2256 900 2337 propositione
919 2261 972 2321 28⁸
993 2258 1031 2319 ab
1050 2259 1221 2320 Alexandra
1241 2260 1308 2320 Vlll
1327 2259 1490 2334 danrnata,

215 2363 283 2424 quae
295 2346 337 2408 sic
352 2353 460 2408 sonat:
482 2344 566 2407 Valet
580 2346 759 2430 Baptismus
772 2345 900 2406 collatas
911 2365 931 2406 a
940 2345 1081 2406 Ministro
1092 2347 1148 2427 qai
1157 2365 1269 2408 omrem
1284 2347 1380 2408 ritum
1392 2358 1492 2409 erter-
1595 2337 1596 2344 ἵ

214 2453 285 2494 aum
300 2435 487 2515 formamque
500 2434 676 2516 baptizandi
691 2433 842 2510 observat,
858 2435 941 2495 iratus
952 2453 1022 2496 aero
1035 2436 1067 2496 ic
1087 2434 1174 2496 corde
1187 2456 1240 2496 suo
1255 2437 1340 2517 apud
1357 2455 1387 2498 se
1403 2435 1494 2498 resat-
1595 2485 1596 2522 ᾗ

214 2525 281 2580 uit:
296 2521 367 2583 Noa
384 2523 508 2584 intencio
519 2523 621 2618 sqcere
636 2523 717 2604 quod
727 2523 805 2603 facit
818 2523 964 2584 Ecclesia.

254 2608 362 2688 Opinio
376 2611 480 2672 Arabr.
503 2611 669 2674 Calliara'ai
683 2613 778 2674 solam
797 2611 1002 2674 intentionem
1021 2619 1179 2676 externam
1198 2613 1385 2694 requirentis
1399 2616 1492 2678 dum·

214 2698 305 2760 moda
322 2698 401 2760 ritus
416 2707 562 2763 externus
581 2700 660 2763 serio
678 2705 708 2762 et
723 2718 785 2762 non
795 2703 894 2780 jocose
910 2701 1098 2774 conficiatur,
1116 2701 1258 2782 quamvis
1273 2701 1414 2764 heretica
1427 2718 1493 2764 non
1595 2765 1596 2792 ,

216 2786 270 2860 sit,
288 2805 305 2848 a
326 2787 476 2868 plerisque
496 2795 599 2851 tamen
623 2787 768 2868 theologis
790 2795 827 2850 ut
847 2787 919 2850 falsa
941 2788 1087 2870 rejicitur.
1112 2793 1246 2864 Verum
1267 2790 1324 2864 etsi
1342 2789 1445 2870 aliqua
1463 2789 1493 2851 ei

215 2875 410 2955 probabilitas
425 2877 623 2952 tribueretur,
639 2877 673 2940 in
686 2895 779 2941 usum
792 2876 900 2938 deduci
914 2895 976 2938 nan
990 2883 1090 2957 posset
1111 2899 1118 2938 :
1140 2896 1214 2940 nam
1232 2878 1407 2941 communis
1424 2895 1495 2940 sen·

216 2963 328 3038 tentia,
345 2971 382 3026 ut
400 2966 541 3029 observat
554 2966 667 3028 Benaci.
689 2963 779 3040 XIV,
796 2965 832 3028 cle
845 2963 922 3046 Spa.
945 2965 965 3026 t.
983 2969 1051 3042 VII,
1066 2987 1091 3028 c.
1110 2985 1154 3042 rr,
1172 2988 1203 3030 u.
1221 2972 1251 3042 o,
1271 2966 1365 3028 aelati
1382 2967 1491 3048 tutior,

215 3061 259 3112 est
272 3055 391 3114 omnino
401 3055 549 3117 seruanda
563 3059 596 3115 ia
604 3055 713 3138 praui.

256 3142 356 3215 Quae.
372 3147 402 3204 Ψ
412 3144 463 3204 Αη
478 3147 657 3224 requiratur
670 3145 704 3206 iu
717 3143 864 3205 Ministro
876 3146 1004 3206 intentio
1019 3144 1156 3226 faciendi
1169 3145 1250 3228 quod
1261 3146 1339 3226 facit
1351 3144 1494 3208 Ecclesia
1595 3155 1596 3180 ³

215 3229 375 3293 Romana?

256 3317 350 3400 [torp.
367 3320 460 3402 Nega,
475 3322 642 3383 dummodo
659 3321 770 3384 habeat
782 3321 1000 3398 intentionem,
1018 3325 1127 3386 saltem
1145 3322 1343 3403 implicitam,
1360 3321 1495 3384 faciendi

217 3407 250 3470 id
264 3408 346 3488 quad
360 3408 431 3472 facit
445 3429 516 3473 sera
530 3410 675 3486 Ecclesia,
692 3409 814 3473 etiamsi
829 3431 867 3474 ex
884 3430 982 3474 errore
998 3417 1121 3492 putaret
1136 3429 1224 3474 suam
1238 3410 1394 3472 ecclesiam
1408 3411 1495 3473 bete-

217 3497 362 3560 rodoxam
376 3516 440 3560 esse
450 3517 554 3563 veram
567 3499 742 3562 Ecclesiam.
756 3535 797 3546 -
809 3498 844 3561 S.
860 3501 931 3580 Liq.
952 3521 982 3560 a.
1000 3505 1063 3563 El..

259 3587 359 3660 orna.
376 3592 407 3651 3⁰
420 3589 472 3649 Aa
483 3590 656 3670 requiratur
670 3590 701 3650 in
715 3589 860 3650 Ministro
870 3589 997 3650 latentia
1010 3588 1188 3670 conficiendi
1197 3587 1447 3650 Sacramentum?
1595 3631 1596 3670 q

258 3675 347 3757 Resp.
363 3675 443 3759 Neq.
460 3678 568 3740 saltem
583 3679 736 3760 explicite,
753 3677 842 3740 modo
856 3677 919 3739 haec
934 3676 1067 3740 intentio
1087 3695 1148 3740 non
1167 3677 1356 3742 excludatur.
1376 3675 1497 3740 Sufficit
1595 3671 1596 3674 ’

220 3763 302 3826 enim
316 3769 351 3826 ut
361 3764 543 3828 intendatin
555 3783 661 3845 genere
676 3773 707 3828 et
719 3765 864 3847 implicite
878 3765 972 3827 lacere
982 3765 1065 3844 quod
1078 3765 1209 3828 Ecclesia
1216 3765 1298 3828 lacit.
1308 3799 1347 3810 -
1359 3765 1394 3826 S.
1407 3765 1477 3846 Liq.
1482 3811 1493 3844 ,

221 3871 251 3911 a.
269 3856 318 3926 il,
335 3863 364 3914 et
377 3855 434 3914 alii
445 3857 650 3916 communiter.
1589 3857 1596 3894 'l

138 3991 150 4014 ,
260 3943 330 4002 iot.
347 3943 499 4018 —Qunn
513 3947 547 4004 l⁰
562 3942 610 4002 Aa
625 3943 753 4005 intentio
768 3942 907 4006 Misictri
919 3941 1023 4006 debeat
1039 3942 1310 4006 essedetermirata
1324 3941 1365 4004 acl
1381 3953 1495 4008 certam
1595 3929 1596 3966 ³

220 4029 375 4090 materiam
389 4033 605 4113 etperrauam?
1595 4081 1596 4084 κ

260 4115 350 4198 Resp.
372 4118 496 4198 Aspim.
517 4119 606 4184 Ratio
629 4126 675 4182 est
696 4125 727 4182 l⁰
751 4120 852 4202 quoad
870 4124 1044 4198 materiari,
1066 4119 1139 4202 quia
1162 4139 1246 4183 secus
1267 4126 1439 4182 remaneret
1460 4119 1497 4182 in
1595 4157 1596 4194 t

221 4211 303 4269 statu
315 4205 527 4271 indifferentiae
545 4229 551 4270 :
566 4227 628 4271 non
642 4214 740 4289 potest
754 4210 838 4272 enim
850 4210 934 4272 abeo
953 4217 1038 4273 statu
1053 4210 1135 4284 erui,
1156 4217 1188 4272 et
1203 4211 1242 4272 ad
1259 4213 1495 4274 &crumentum

221 4293 433 4368 determinari,
450 4296 511 4358 nisi
525 4315 578 4378 per
591 4297 725 4364 Ministri
741 4297 961 4376 intentionem;
978 4303 1009 4362 2⁰
1025 4299 1126 4381 quaact
1138 4318 1314 4382 personam,
1330 4297 1403 4379 quia
1417 4297 1497 4360 elie-

219 4384 488 4554 qqqqtipquqircnaqqqi
502 4386 610 4466 nequit
623 4384 767 4468 applicari
781 4385 814 4448 in
829 4405 951 4467 genere,
969 4389 1019 4452 sed
1030 4387 1120 4452 alicui
1136 4387 1269 4470 subjecto
1284 4407 1290 4448 :
1306 4403 1393 4450 secus
1407 4385 1495 4452 nulla
