3224 5044
196 285 266 344 984
727 295 937 341 τιιοτιιιε

193 409 363 490 periculum
383 408 560 488 proximum
581 407 722 487 peccandi
746 407 931 481 mortalitem
956 409 989 470 2⁰
1013 405 1086 486 quia
1108 407 1203 470 nimis
1226 407 1303 469 dura
1324 406 1471 488 obligatio

195 497 359 577 paenitenti
386 497 605 577 imponeretur,
629 515 700 558 cam
721 497 900 578 plerumque
923 495 998 558 tales
1014 495 1183 558 occasiones
1197 495 1353 558 moraliter
1374 496 1470 560 vitari

193 590 357 668 nequeant.
374 621 415 632 -
430 587 467 648 S.
485 586 567 668 Lip,
580 585 671 648 Hom.
688 596 797 666 apost,
813 594 901 646 tract.
917 583 987 660 att,
1002 607 1033 645 n.
1048 589 1067 646 2
1082 593 1183 666 etseq.

234 677 270 737 Il.
294 677 460 756 Nunquam
476 673 679 738 absolvendus
693 681 740 736 est
758 674 911 755 poenitens
925 675 980 754 qui
997 681 1116 737 recusat
1130 675 1266 736 deserere
1280 675 1471 737 occasionem

194 763 367 844 proximam
378 764 585 826 voluntariam
598 763 725 844 peccati,
737 763 801 826 sive
815 763 928 825 occasio
940 763 992 825 illa
1004 763 1045 824 sit
1059 762 1198 842 proxima
1208 782 1264 842 per
1277 781 1321 840 se,
1334 762 1400 854 sive
1411 783 1471 843 per

194 852 349 922 accidens,
369 852 433 915 sive
451 855 483 912 in
503 871 579 928 esse,
595 852 660 914 sive
678 873 739 914 non
759 854 791 912 ia
809 872 883 915 esse.
899 855 1025 914 Constat
1043 870 1080 913 ex
1096 851 1240 932 proposit.
1260 857 1310 914 61·
1323 852 1471 914 damnata

192 940 230 1002 ab
242 943 463 1016 Innocentxl,
475 959 544 1022 quae
556 941 599 1002 sic
610 941 761 1004 sehabet:
774 941 879 1002 Potest
892 939 1062 1021 aliquando
1076 941 1266 1020 absolvitque?
1278 942 1310 1000 in
1320 941 1470 1020 proci-ma

194 1031 350 1091 occasione
365 1041 516 1102 versatur,
534 1050 625 1111 qnam
638 1039 735 1110 potest
750 1039 780 1090 et
792 1049 853 1089 non
868 1027 935 1089 vult
948 1028 1102 1104 deserere,·
1113 1030 1187 1109 quin
1201 1030 1258 1090 imo
1272 1049 1338 1090 earn
1353 1029 1469 1089 directe

195 1128 224 1176 et
242 1138 280 1178 en
291 1121 444 1200 proposito
461 1121 587 1200 qaaerit,
604 1130 659 1179 aut
672 1121 700 1178 ei
716 1137 746 1180 se
761 1119 883 1200 inperia

236 1208 286 1267 lll.
310 1206 476 1271 Pcenitenti
490 1211 609 1282 autem,
625 1207 680 1287 qui
694 1207 728 1269 in
742 1207 895 1270 occasione
913 1206 1053 1286 proxima
1071 1205 1198 1268 omnino
1216 1207 1387 1270 neccssaria
1401 1225 1467 1269 ver-

198 1301 292 1371 satur,
304 1314 365 1359 non
375 1299 472 1376 potest
483 1296 633 1358 absolutio
645 1296 788 1375 denegari
798 1295 835 1357 ob
847 1295 942 1356 istam
951 1293 1235 1374 occasionem,quia
1245 1313 1336 1357 nemo
1347 1300 1468 1358 tenetur

195 1386 234 1446 ad
250 1383 439 1464 impossibile
458 1384 522 1447 sive
542 1383 667 1466 physice
686 1384 751 1446 sive
769 1383 935 1446 moraliter.
952 1420 992 1428 -
1005 1385 1070 1445 lmo
1086 1383 1202 1446 absolvi
1218 1388 1318 1462 potest
1336 1383 1392 1463 qui
1406 1402 1467 1446 non

195 1473 262 1534 vult
286 1473 418 1536 notabile
443 1473 666 1536 detrimentum
694 1472 857 1553 temporale
885 1472 989 1534 subire
1014 1473 1052 1534 ad
1079 1471 1255 1550 fugiendam
1279 1471 1466 1534 occasionem

196 1561 385 1640 proximam,
398 1560 424 1623 si
438 1560 561 1623 aliunde
576 1561 743 1643 dispositus
755 1561 1008 1641 deprehendam,
1023 1565 1053 1623 et
1065 1559 1208 1622 remediis
1222 1560 1409 1640 prescriptis
1420 1559 1467 1623 uti

194 1649 279 1711 velit.
299 1649 386 1712 Ratio
408 1655 468 1726 est,
489 1650 563 1729 quia
583 1649 696 1712 occasio
716 1648 857 1729 peccandi
881 1668 943 1711 non
965 1653 1009 1711 est
1027 1669 1087 1731 per
1107 1669 1138 1708 se
1159 1654 1333 1728 peccatum,
1358 1667 1412 1711 nec
1434 1648 1465 1710 in

196 1737 372 1800 necessitate
391 1738 533 1818 peccandi
551 1738 709 1800 hominem
728 1736 905 1812 constituit,
922 1757 956 1800 ac
975 1745 1119 1818 praetcrea
1136 1737 1306 1818 periculum
1326 1736 1463 1817 peccandi

195 1825 321 1888 formale
337 1833 368 1888 et
385 1827 580 1905 proximum,
600 1845 635 1889 ex
654 1827 758 1900 firma,
780 1831 817 1888 ut
835 1826 1029 1906 supponitur,
1046 1825 1247 1906 promissione
1262 1827 1465 1889 remediorum

197 1913 441 1978 adhibendorum
455 1915 491 1976 fit
505 1916 661 2000 materiale
675 1922 706 1977 et
721 1922 884 1978 remotum.
901 1951 941 1960 -
956 1916 993 1977 S.
1009 1915 1080 1996 Lip.
1096 1935 1127 1977 n.
1141 1919 1211 1978 t55.

317 2046 512 2119 Quaeslta

234 2176 460 2247 630.—Qoaa.
475 2179 506 2236 l⁰
518 2174 570 2235 An
582 2177 751 2256 penitens,
763 2176 816 2256 qni
826 2175 984 2257 promittit
995 2174 1112 2234 sincere
1126 2193 1156 2233 se
1172 2172 1386 2234 derelicturum
1402 2191 1465 2232 osse

195 2263 382 2322 occasionem
391 2263 542 2342 peccandi
551 2265 727 2344 proximam
742 2264 965 2336 voluntariam,
978 2263 1078 2344 possit
1093 2261 1208 2322 absolvi
1222 2272 1384 2342 arctaquara
1400 2281 1465 2321 eam

194 2348 382 2410 deseruerit?

176 2468 181 2478 ·
236 2437 325 2518 Hesp.
340 2437 506 2519 l⁰Asfirna
512 2459 570 2519 per
584 2461 630 2514 se,
645 2440 671 2502 si
686 2447 793 2520 agatur
807 2441 844 2502 de
857 2440 1009 2502 occasione
1021 2461 1082 2500 non
1098 2441 1129 2500 in
1145 2459 1222 2516 esse,
1237 2438 1358 2520 quando
1369 2437 1466 2518 pleni-

196 2530 277 2598 tens,
296 2531 331 2586 ut
346 2525 565 2604 supponimus,
582 2535 628 2590 ost
643 2547 711 2592 vere
724 2528 908 2608 dispositus;
927 2528 1098 2608 periculum
1113 2546 1183 2590 vero
1198 2525 1384 2606 infringendi
1399 2546 1467 2606 pro

195 2610 330 2690 positum
344 2631 406 2674 non
420 2621 542 2696 apparet
557 2635 658 2696 grave.

233 2699 319 2776 Dixi,
332 2721 392 2784 per
406 2723 453 2780 se,
472 2705 545 2786 quia
558 2705 585 2767 si
599 2705 838 2769 circumstantias
852 2709 996 2769 conatum
1011 2707 1146 2794 aliquem
1162 2705 1335 2786 requirant,
1351 2723 1383 2764 v.
1400 2721 1461 2782 gr,

193 2788 227 2850 in
245 2787 389 2868 fugiendo
407 2791 510 2873 aliquo
533 2794 626 2870 socio,
644 2801 698 2857 aut
717 2813 779 2858 non
799 2796 939 2858 adeunda
963 2793 997 2857 in
1019 2794 1107 2858 certis
1127 2793 1315 2875 quibusdam
1334 2791 1465 2854 circum·-

193 2877 331 2952 stantiiS,
353 2881 514 2961 temporie,
536 2901 750 2963 personarum,
769 2891 843 2959 etc,
867 2883 970 2964 aliqua
995 2885 1102 2957 domo,
1126 2891 1200 2946 tunc
1226 2882 1264 2944 ad
1285 2879 1466 2944 Goniessarii

192 2967 390 3056 prudentiam
403 2970 569 3050 pertinebit
582 2973 779 3052 perpendere,
796 2991 836 3034 an
853 2971 994 3052 expediat
1010 2978 1046 3034 ut
1065 2971 1151 3051 prius
1170 2971 1324 3052 paenitens
1338 2967 1464 3032 difficul-

194 3057 287 3116 tatem
302 3055 414 3119 vincat.

231 3143 320 3226 Hesp.
337 3149 369 3206 θ’
384 3145 475 3228 Nep,
491 3151 660 3230 pancration
678 3148 838 3230 loquendo,
856 3150 883 3212 si
902 3158 1011 3229 agatur
1027 3150 1064 3212 de
1077 3148 1230 3212 occasione
1248 3153 1399 3227 presente
1412 3163 1466 3208 seu

193 3233 225 3292 in
243 3252 320 3306 esse,
339 3253 407 3314 qua
420 3235 505 3300 facile
519 3237 637 3299 dimitti
654 3239 762 3301 statim
779 3239 884 3319 possit.
903 3239 935 3301 Si
955 3245 1060 3300 tamen
1073 3235 1226 3317 paenitens
1246 3237 1298 3298 det
1312 3235 1400 3316 signa
1413 3254 1465 3296 en-

192 3322 396 3386 traordinaria
413 3325 540 3400 doloris,
558 3328 631 3390 adeo
649 3334 686 3389 ut
709 3328 789 3390 credi
806 3328 915 3408 possit,
937 3327 1040 3390 abesse
1060 3323 1231 3406 periculum
1251 3323 1463 3386 inconstantia

193 3409 226 3472 in
238 3412 405 3490 proposito,
419 3413 534 3478 absolvi
547 3415 673 3496 poterit,
689 3416 859 3497 prasertim
870 3417 899 3479 si
910 3417 1032 3479 accedat
1042 3413 1233 3477 rationabilis
1245 3431 1346 3484 causa,
1359 3430 1388 3470 v.
1399 3429 1460 3488 gr„

192 3507 273 3562 notat
290 3499 325 3561 in
343 3501 513 3566 omittenda
531 3505 768 3580 Gommunione,
786 3503 1003 3579 solemnitatis,
1019 3502 1235 3584 indulgentia,
1252 3507 1306 3564 etc.
1322 3535 1361 3544 -
1376 3498 1462 3560 idem

192 3605 230 3650 ex
244 3595 347 3652 mente
362 3591 398 3652 S.
408 3591 561 3672 Alpbonsi
572 3593 736 3656 dicendum
751 3599 811 3668 est,
824 3593 850 3656 si
864 3593 1017 3674 poenitens
1031 3593 1070 3654 ad
1084 3593 1227 3654 eumdem
1239 3587 1463 3654 confessarium

192 3676 289 3739 redire
304 3695 365 3740 non
379 3681 488 3759 possit,
504 3681 551 3744 rel
567 3681 674 3744 saltem
688 3682 812 3744 nonnisi
829 3689 898 3762 post
911 3681 1098 3744 diuturnum
1114 3687 1248 3761 tempus.
1263 3681 1348 3740 Tunc
1361 3675 1463 3750 enim,

192 3763 280 3915 ait?1
297 3769 418 3844 hoctor,
438 3787 498 3832 non
517 3769 617 3834 solum
631 3770 746 3833 absolvi
760 3776 876 3850 potest,
895 3771 947 3834 sed
965 3771 1003 3833 ad
1017 3769 1240 3833 absolutionem
1259 3767 1465 3847 recipiendam

190 3855 241 3933 jus
278 3857 358 3917 abet.

232 3947 347 4006 cat-
356 3948 457 4021 Quina.
470 3951 503 4009 9⁰
513 3947 565 4010 Aa
577 3949 672 4030 possit
686 3947 803 4009 absolvi
817 3951 884 4030 qai,
902 3950 1050 4010 exsistens
1065 3950 1097 4008 in
1109 3947 1263 4010 occasione
1277 3943 1461 4014 necessaria,

191 4033 333 4092 remediis
347 4035 491 4098 adicititis
507 4037 610 4098 eodem
627 4056 746 4119 semper
762 4037 850 4098 modo
865 4037 1036 4098 relabitur?

231 4117 321 4200 Resp.
336 4127 369 4184 t⁰
384 4142 391 4183 :
407 4123 440 4188 Si
452 4125 565 4188 occasio
577 4126 621 4188 ita
633 4126 675 4188 sit
684 4126 867 4200 necessaria,
882 4132 919 4188 ut
933 4126 1017 4188 nullo
1031 4126 1121 4188 modo
1133 4124 1229 4187 deseri
1242 4127 1346 4202 queat,
1359 4139 1390 4181 v.
1403 4137 1461 4200 gr..

193 4212 312 4288 propter
325 4209 606 4290 impossibilitatem
618 4213 793 4296 physicam,
805 4221 860 4278 aut
874 4233 1024 4294 magnum
1038 4214 1120 4295 quod
1131 4215 1366 4294 consequeretur
1380 4225 1464 4270 scan-

191 4298 311 4371 dalum,
327 4298 396 4361 talis
407 4302 559 4380 paenitens
571 4322 632 4366 non
646 4308 711 4365 tam
724 4309 761 4366 ut
772 4302 994 4366 occasionarius
1008 4321 1103 4384 quam
1118 4307 1155 4363 ut
1167 4299 1319 4364 recidivus
1331 4301 1463 4359 tractan-

192 4387 251 4448 dus
267 4391 328 4460 est,
345 4405 415 4450 cum
429 4388 463 4451 in
477 4394 542 4472 ejus
556 4391 700 4455 electione
714 4410 777 4455 non
793 4391 849 4467 sit,
866 4398 902 4454 ut
916 4390 1103 4455 occasionem
1117 4389 1209 4466 vitct;
1224 4389 1351 4468 ideoque
1366 4383 1463 4448 absol·

192 4475 311 4538 sendus
329 4482 383 4540 aut
405 4495 467 4540 non
485 4478 686 4542 absolvendus
705 4481 781 4555 erit,
798 4483 890 4561 juxta
910 4479 943 4542 id
964 4481 1044 4562 quod
1065 4476 1273 4560 prescribitur
1290 4475 1325 4538 in
1347 4470 1464 4553 regulis

192 4561 287 4638 infra,
299 4585 329 4625 a.
342 4569 417 4640 cat,
431 4565 634 4644 assignandis.
648 4569 781 4630 -Idem
794 4568 920 4631 omnino
929 4568 1093 4631 dicendum
1107 4574 1164 4642 est,
1175 4567 1297 4646 qnando
1308 4561 1463 4643 penitens
