3180 5040
220 241 291 302 482
752 239 960 286 rnacraros

855 402 868 456 l

258 515 444 576 Interdictum
461 513 589 570 Romano
610 504 739 565 Pontifici
760 501 878 579 speciali
897 501 981 560 modo
996 502 1175 560 reservatum
1194 503 1257 578 ipso
1274 505 1346 578 jure
1362 507 1524 570 incurrunt

222 597 447 663 Universitates‚
467 589 593 662 Collegia
607 590 636 643 et
653 585 797 660 Capitula‚
814 600 994 658 quocumque
1013 583 1129 640 nomine
1144 589 1363 659 nuncupentur,
1384 590 1427 647 ab
1443 595 1522 650 ordi-

223 677 389 736 nationibus
409 691 460 732 scu
478 669 621 728 mandatis
636 669 766 742 ejusdem
782 665 901 722 Romani
916 663 1063 720 Pontificis
1078 679 1129 738 pro
1144 669 1272 740 tempore
1287 671 1472 730 exsistentis
1486 677 1518 731 ad

222 757 387 815 universale
400 757 527 812 futurum
539 749 696 810 Concilium
711 745 895 821 appellantia.

877 825 941 899 (Eoo
948 823 1041 882 Bolia
1056 827 1160 885 Coena’.
1176 857 1212 871 -
1226 829 1244 885 9
1256 832 1424 908 Excutiam.)

263 965 438 1046 Respondet
449 961 527 1026 illud
540 959 742 1022 interdictum
757 954 1069 1018 excommunicationi
1089 961 1109 1018 t
1126 956 1238 1036 primae
1256 961 1469 1038 recensionis,
1486 976 1516 1027 et

222 1057 323 1120 fertur
337 1054 372 1116 in
388 1049 626 1114 communitates
642 1046 691 1108 liic
708 1049 914 1118 enumeratas,
932 1051 969 1106 ut
982 1045 1221 1110 communitates
1239 1056 1335 1126 sunt;
1348 1069 1425 1116 mm
1445 1052 1513 1116 sin.

226 1146 344 1226 gulones
356 1158 492 1223 persone
503 1135 812 1201 excommunicationi
823 1133 1042 1215 subjiciuntur.

846 1272 876 1328 11

260 1384 389 1442 scienter
403 1380 582 1438 celebrantes
600 1379 646 1436 rel
661 1375 799 1434 celebrari
815 1376 952 1432 facientes
971 1375 1071 1434 divina
1086 1375 1116 1433 in
1130 1374 1203 1434 locis
1222 1379 1257 1436 ab
1277 1381 1445 1452 ordinario,
1461 1385 1505 1439 rel

224 1463 355 1535 delegato
367 1462 480 1529 iudice,
492 1461 562 1516 vela
574 1461 639 1531 jure
654 1457 829 1525 interdictis3
841 1458 891 1513 aut
902 1455 1071 1512 nominatim
1079 1461 1337 1517 excommunicatos
1351 1463 1389 1519 ad
1402 1463 1505 1520 divina

224 1543 340 1611 Officia,
356 1559 405 1598 seu
422 1540 617 1598 ecelesiastica
631 1539 829 1607 Sacramenta,
847 1537 891 1593 rel
909 1537 1138 1594 ecclesiasticam
1158 1541 1324 1612 sepulturam
1339 1543 1506 1600 admitten-

223 1627 282 1692 tes,
298 1623 484 1679 interdictum
501 1623 536 1676 ab
552 1621 685 1691 ingressu
705 1618 836 1674 ecelesiae
850 1619 914 1691 ipso
925 1619 990 1689 jure
1006 1619 1168 1689 incurrunt,
1185 1620 1267 1675 donec
1283 1621 1318 1675 ad
1336 1623 1505 1679 arbitrium

223 1705 301 1776 ejus,
313 1706 396 1776 cujus
412 1701 583 1760 sententiam
598 1701 844 1772 contempserunt,
861 1701 1055 1770 competenter
1070 1700 1266 1756 satisfecerint.

670 1794 733 1867 [Eoo
746 1809 811 1867 cap.
828 1793 1047 1868 episcoporum,
1061 1793 1098 1850 dc
1107 1794 1248 1868 Poecilen.
1259 1793 1293 1852 in
1302 1793 1416 1868 Senta]

264 1930 330 1990 Duo
346 1924 381 1988 in
393 1925 474 1988 hanc
488 1942 648 1987 censuram
663 1923 798 1986 notanda
812 1928 905 1985 sunt:

266 2021 299 2078 l⁰
311 2017 388 2078 Loca
401 2036 420 2076 a
432 2016 506 2096 jure
518 2013 680 2075 interdicta
695 2011 823 2074 citanda
836 2029 896 2074 non
913 2017 1003 2087 sunt,
1017 2029 1072 2074 nce
1085 2011 1212 2093 proinde
1226 2015 1414 2079 occasionem
1426 2035 1501 2098 pra·
1582 2053 1583 2098 ᾗ

225 2103 296 2166 bere
310 2110 440 2183 possunt
463 2105 541 2165 hano
560 2119 720 2165 censuram
736 2100 929 2174 incurrendi,
947 2099 1009 2162 nisi
1032 2101 1235 2164 intervenerit
1254 2104 1395 2184 specialis
1407 2114 1439 2170 et
1452 2126 1501 2169 en·
1582 2101 1583 2170 l

225 2209 330 2274 pressa
341 2192 498 2254 interdicti
513 2190 684 2266 declaratio,
690 2193 781 2270 juxta
794 2187 931 2268 regulam
947 2193 1095 2254 statutam
1107 2208 1127 2252 a
1138 2191 1273 2256 Martino
1288 2196 1327 2269 ll,
1338 2198 1444 2258 Gonst.
1455 2195 1503 2258 Ad

225 2280 379 2344 evitando.
547 2331 550 2336 .
1582 2335 1583 2346 a

265 2375 299 2432 2⁰
310 2369 511 2432 Admitteotos
525 2369 563 2432 ad
576 2368 683 2432 divina
696 2365 801 2439 officia,
817 2373 887 2443 etc,
902 2367 948 2430 illi
962 2373 1036 2430 sunt
1046 2366 1100 2450 qui
1111 2375 1235 2448 possent
1246 2390 1306 2434 sua
1319 2375 1504 2436 auctoritate

225 2457 262 2519 ab
276 2457 326 2516 his
340 2458 469 2534 singulis
481 2456 641 2535 prohibere
654 2456 1132 2529 nominatimexcomnaunicatos,
1141 2463 1172 2517 et
1182 2475 1232 2519 eos
1242 2478 1307 2522 nou
1320 2463 1503 2540 prohibent.

224 2543 310 2604 Tales
326 2549 400 2602 sunt
418 2548 572 2618 Rectores‚
589 2543 729 2620 Parocbi,
747 2551 778 2608 et
797 2545 849 2606 alii
873 2564 1005 2628 quorum
1026 2561 1101 2607 cura
1114 2544 1244 2609 ecclesiae
1260 2549 1307 2610 rel
1322 2551 1508 2614 coemeteria

224 2629 386 2693 commissa
400 2634 483 2694 sunt.

470 2764 507 2823 11.
520 2793 561 2806 -
574 2777 753 2824 rnrrnurcrn
775 2779 854 2824 nara
874 2779 895 2826 a
917 2779 1051 2826 concnro
1069 2777 1245 2826 mmnnnro

859 2903 871 2958 1

260 3003 341 3060 1056.
362 3032 399 3044 -
418 3002 654 3076 Metropolitanus
680 3005 876 3077 suffraganeos
901 3007 1058 3080 Episcopos
1079 3004 1226 3074 absentes,
1252 3004 1505 3078 Metropolitanum

223 3099 289 3142 vero
304 3082 455 3139 absentem
470 3083 668 3156 suffraganeus
683 3087 842 3160 Episcopus
859 3087 1004 3160 antiquior
1023 3086 1167 3154 residens,
1185 3085 1240 3142 sub
1255 3100 1340 3158 poena
1356 3086 1506 3144 interdicti

225 3163 355 3221 ecclesiae
369 3180 402 3220 eo
417 3165 478 3238 ipso
493 3165 679 3236 incurrenda,
692 3167 835 3228 introires
850 3184 965 3226 menses
979 3185 1031 3243 per
1043 3169 1155 3225 litteras
1165 3182 1218 3222 seu
1232 3167 1367 3222 nuntium
1377 3170 1506 3224 Romano
1582 3229 1583 3256 1

224 3243 356 3302 Pontifici
374 3245 542 3304 denuntiare
557 3249 697 3306 teneatur.

1022 3319 1111 3392 (Scae.
1127 3319 1177 3387 Vl,
1192 3333 1257 3392 cop.
1271 3334 1295 3386 1,
1309 3315 1432 3390 deltos.)

847 3451 878 3506 ll

263 3550 441 3625 Capitulum,
457 3550 526 3608 sede
540 3552 674 3622 vacante,
691 3551 762 3608 dans
776 3553 852 3609 inira
866 3567 973 3610 annum
990 3569 1008 3610 a
1024 3552 1259 3619 dissentionis,
1273 3547 1456 3606 dimissorias
1471 3552 1503 3608 ed
1582 3509 1583 3524 ³

227 3631 367 3702 Ordines,
383 3634 411 3688 ei
431 3633 481 3704 qui
497 3649 553 3688 non
572 3634 699 3689 arctatur
717 3634 867 3694 occasione
888 3631 1022 3692 beneficii
1040 3633 1148 3705 recepti
1164 3631 1210 3690 rel
1228 3631 1404 3704 recipiendi,
1419 3631 1505 3690 eccle

226 3711 343 3770 siastico
359 3711 489 3785 subjacet
507 3711 668 3770 interdicto.

982 3781 1073 3856 [Sese.
1088 3783 1153 3855 vn,
1167 3800 1234 3858 cop.
1244 3798 1277 3856 x,
1290 3779 1327 3842 dc
1340 3781 1419 3856 Res.)

759 3939 938 3995 APPENDIX
956 3939 968 3994 1

640 4056 678 4098 nn
698 4057 899 4101 cassarronr
919 4059 937 4099 n
956 4055 1088 4100 ursinis

266 4158 355 4220 lObl.
373 4193 412 4204 —
426 4159 560 4224 Caesetio
573 4181 592 4222 a
607 4161 719 4225 debebis
733 4169 780 4226 est
793 4163 960 4245 prohibitio
974 4161 1096 4226 clericis
1111 4159 1204 4236 facta,
1222 4168 1259 4224 ut
1275 4161 1456 4223 abstineant
1471 4160 1504 4221 ab

223 4245 335 4312 Officiis
347 4246 478 4326 divinia,
497 4252 535 4315 ab
550 4252 818 4317 administratione
839 4256 1125 4328 Sanmncntorum,
1141 4259 1173 4315 et
1188 4251 1228 4314 ab
1246 4251 1450 4314 ecclesiastica
1465 4267 1509 4311 se·

224 4342 350 4420 pultuna
361 4341 396 4405 in
410 4341 512 4423 atiquo
526 4345 589 4408 loco
602 4346 815 4410 determinato.

265 4433 335 4492 Hac
348 4431 473 4494 cassatio
486 4432 693 4513 distinguitur
711 4436 749 4499 ab
766 4437 944 4512 interdicto,
960 4443 993 4501 l⁰
1009 4435 1087 4512 Quia
1102 4433 1307 4498 interdictum
1324 4432 1430 4514 potest
1445 4447 1508 4493 aste

223 4519 389 4591 personale,
400 4537 463 4580 non
475 4539 546 4583 vero
561 4525 687 4586 cessatio
701 4544 721 4588 a
734 4525 860 4590 divinis.
870 4527 989 4603 nouis
998 4525 1201 4592 interdictum
1214 4530 1263 4588 est
1274 4539 1416 4597 censure,
1428 4521 1510 4583 unda
