3206 5042
599 169 642 213 nc
667 169 895 215 usrnruonro
1327 161 1383 220 101

113 281 253 344 homines
273 281 427 359 voluptate
448 277 513 358 ipsa
529 277 592 340 frui
615 279 681 341 sine
702 280 900 359 consequenti
919 281 1012 360 prolis
1031 281 1145 343 alendae
1169 289 1199 343 et
1223 284 1386 348 educandae

114 388 203 432 onere
221 371 356 448 possent,
378 366 512 429 filiorum
528 367 680 445 generatio
702 367 788 428 facile
805 368 1048 446 posthaberetur,
1070 369 1133 431 imo
1151 369 1302 432 vitaretur
1315 373 1388 434 data

113 477 216 538 opera,
233 465 263 518 et
277 457 321 518 sio
335 455 459 517 societas
474 455 540 534 ipsa
554 456 593 516 ad
605 454 769 517 interitum
784 456 958 519 declinaret,

154 549 204 608 lll.
220 543 376 623 Quidquid
390 543 500 605 inutile
515 550 570 605 aut
583 543 760 606 indifferens
775 549 821 605 est
833 545 871 606 ad
886 545 1113 623 generationem
1126 547 1220 609 etiam
1235 558 1344 608 remote
1358 557 1389 611 et

112 635 261 695 indirecte
276 632 514 712 procurandam,
531 649 586 694 seu
601 633 639 694 ad
653 631 798 694 affectum
817 634 1006 712 conjugalem
1026 633 1250 696 rationabiliter
1263 653 1389 715 promo-

113 723 266 794 vendum,
280 726 439 800 peccatum
453 727 515 795 est,
532 722 584 782 sed
598 719 715 782 veniale
729 740 791 782 non
806 721 923 784 excedit
939 742 946 782 :
965 727 997 784 1ο
1013 721 1137 802 quidem
1152 728 1308 803 peccatum
1322 732 1386 801 est,

114 809 187 892 quia
201 815 277 871 tunc
295 808 357 870 sola
371 809 511 888 voluptas
525 809 559 871 in
570 809 610 870 iis
624 809 785 888 quaeritur,
802 815 832 870 et
846 810 973 891 proinde
989 811 1131 890 quaedam
1146 810 1216 872 finis
1231 811 1388 875 subversio

112 905 142 960 et
155 897 333 960 inordinata
345 896 502 959 delectatio
514 897 549 959 in
560 915 592 958 re
602 899 639 959 de
649 916 680 959 se
694 897 875 977 conjugibus
883 897 967 960 licita
979 899 1158 962 intervenit.
1169 935 1209 944 -
1219 904 1252 962 2⁰
1265 900 1389 963 Veniala

112 1004 175 1049 non
189 985 323 1061 excedit,
347 984 421 1064 quia
442 985 582 1064 voluptas
596 984 630 1046 in
651 984 721 1046 istis
742 1003 805 1047 non
823 985 973 1064 quaeritur
991 992 1077 1047 extra
1095 987 1343 1064 Matrimonium,
1360 993 1390 1050 et

111 1081 199 1137 actas
221 1080 268 1136 est
289 1079 401 1135 natura
415 1090 471 1134 sua
485 1073 643 1136 ordinatus
662 1073 702 1134 ad
715 1073 854 1152 copulam
875 1073 1000 1135 licitam.
1018 1077 1133 1136 Verum
1155 1081 1202 1136 est
1216 1076 1318 1138 deesse
1332 1077 1389 1138 cir-

112 1162 334 1225 cumstantiam
350 1160 420 1222 finis
439 1161 535 1224 debiti
549 1180 587 1223 ex
600 1168 685 1242 parte
697 1161 861 1241 operantis,
878 1163 930 1224 sed
942 1163 1091 1243 ejusmodi
1104 1162 1236 1226 defectus
1252 1164 1392 1227 nonnisi

112 1249 377 1312 deordinationem
393 1248 490 1312 levem
510 1250 645 1325 inducit,
668 1257 699 1312 et
713 1257 930 1330 consequenter
945 1259 1101 1329 peccatum
1115 1255 1240 1318 tantum
1259 1251 1388 1315 veniale.

113 1338 216 1399 -Ito
230 1341 435 1400 communiter.

153 1425 204 1488 Sic
218 1433 324 1489 autem
337 1426 462 1488 brevius
474 1427 630 1489 enuntiari
642 1431 739 1507 potest
753 1427 862 1507 triplex
874 1428 1029 1507 assignata
1043 1429 1147 1508 regula
1164 1448 1171 1490 :
1189 1435 1221 1491 1ο
1236 1428 1392 1509 Quidquid

111 1534 178 1596 pro,
196 1520 243 1576 est
258 1513 393 1590 licitum;
410 1519 442 1576 κ’
455 1515 606 1597 quidquid
621 1525 742 1592 contro,
764 1522 811 1578 est
825 1517 968 1593 mortale;
990 1522 1023 1580 30
1038 1516 1190 1598 quidquid
1201 1526 1324 1600 practer,
1346 1523 1392 1579 est

114 1603 245 1665 veniale.

238 1740 450 1804 Resolves

153 1871 227 1930 919.
242 1897 279 1910 -
298 1873 329 1929 1⁰
343 1867 437 1946 Culpa
452 1875 561 1929 vacant
575 1869 655 1930 inter
669 1870 810 1948 conjuges
822 1867 924 1930 oscula
935 1866 1081 1946 qualibet
1093 1868 1232 1941 honesta,
1249 1871 1279 1928 et
1294 1873 1393 1930 tactus

114 1955 151 2017 in
168 1959 272 2034 partes
285 1958 354 2016 tum
375 1954 516 2017 honestas
532 1961 600 2017 tum
619 1955 712 2018 etiam
731 1955 837 2018 minus
855 1955 998 2017 honestas
1016 1955 1058 2036 (si
1078 1961 1183 2017 tamen
1201 1960 1288 2017 caute
1303 1955 1394 2036 fiant)

113 2044 235 2105 ratione
257 2043 381 2106 affectus
400 2043 566 2124 conjugalis
585 2044 832 2120 demonstrandi,
849 2047 902 2106 aut
925 2043 1039 2106 amoris
1058 2042 1250 2118 confovendi,
1272 2043 1394 2106 etiamsi

112 2130 283 2212 aliquando
295 2151 351 2212 per
362 2131 500 2194 accidens
513 2139 690 2212 sequeretur
701 2132 907 2194 irivolontorio
922 2132 1063 2212 pollutio;
1076 2133 1149 2212 quia
1165 2131 1269 2195 omnia
1281 2131 1395 2194 amoris

112 2219 244 2282 honesta
263 2218 365 2300 signa,
384 2221 478 2283 otiam
497 2227 615 2294 tenera,
633 2227 669 2283 ut
690 2221 792 2284 media
814 2222 854 2283 ad
876 2221 985 2295 linem,
1003 2226 1077 2284 sunt
1099 2219 1184 2282 licita
1202 2219 1242 2282 iis
1262 2220 1337 2302 quid
1357 2238 1394 2282 ex

114 2307 240 2371 vinculo
255 2308 476 2372 matrimoniali
492 2329 543 2370 cor
557 2329 648 2371 orium
663 2315 846 2372 etcorouaa
860 2310 926 2373 lieri
940 2309 1112 2371 debent-
1127 2310 1163 2371 S.
1178 2310 1260 2390 Liq,
1273 2329 1303 2370 n.
1321 2313 1391 2382 931,

113 2405 142 2459 et
160 2397 218 2458 alii
233 2401 443 2460 cornmuoiler.

102 2507 104 2510 ·
154 2490 189 2548 2⁰
204 2487 300 2566 Culpa
310 2507 368 2570 per
380 2506 411 2548 se
435 2493 544 2551 vacant
558 2488 651 2551 etiam
663 2493 763 2550 tactus
773 2493 809 2549 et
823 2494 962 2568 aspectus
976 2485 1082 2548 minus
1098 2485 1236 2559 bonesti,
1253 2485 1279 2546 si
1294 2486 1333 2546 ad
1347 2503 1394 2548 co-

111 2573 225 2654 pulam
240 2576 413 2638 imnzediote
426 2576 606 2639 referantur.
624 2579 688 2639 lmo
702 2577 784 2639 idern
804 2577 984 2650 tenendum,
995 2574 1119 2637 etiamsi
1133 2580 1236 2638 essent
1248 2574 1394 2655 simplici-

114 2673 161 2724 ter
173 2663 349 2737 inhonesti,
364 2665 416 2725 sed
432 2665 628 2727 adnotarem
644 2664 837 2726 excitandam
850 2662 1013 2725 necessarii
1028 2668 1082 2724 001
1095 2662 1199 2734 utiles,
1220 2668 1295 2722 tanc
1311 2662 1396 2722 enim

114 2757 193 2812 sunt
215 2751 357 2826 quaedam
381 2751 493 2827 copule
515 2752 708 2830 praeparatio,
735 2757 766 2811 et
794 2751 876 2810 velut
896 2749 1059 2810 inchoatio.
1076 2782 1116 2793 -
1135 2746 1273 2808 Venialia
1291 2753 1396 2808 alitem

114 2839 213 2899 erant
235 2834 300 2896 bac
314 2834 432 2907 omnia,
455 2835 481 2897 si
498 2837 535 2898 ob
556 2837 651 2897 solam
674 2836 862 2914 voluptatem
882 2835 968 2910 fiant,
992 2834 1115 2898 etiamsi
1129 2835 1269 2914 copulam
1283 2833 1394 2898 imme-

116 2923 203 2989 diate
215 2921 395 3001 praecedant.
405 2923 588 2986 —Mortalia
600 2941 670 2985 vero
682 2923 822 2984 habenda
836 2929 921 2997 sunt,
934 2923 960 2984 si
972 2928 1140 3006 utrumque
1152 2923 1199 2986 vel
1211 2922 1396 2984 alterutrum

115 3014 282 3093 conjugem
297 3009 428 3091 periculo
448 3009 624 3092 pollutionis
642 3016 712 3073 ante
728 3011 867 3092 copulam
886 3018 1056 3091 exponant;
1076 3013 1157 3093 qaod
1171 3012 1297 3093 quidem
1311 3009 1396 3072 laoile

116 3102 188 3174 fiet,
204 3098 230 3160 si
245 3099 301 3162 dia
315 3099 349 3160 in
363 3098 413 3162 his
428 3099 644 3175 immorentur,
661 3105 828 3181 antequam
843 3100 881 3162 ad
895 3106 1000 3162 actum
1014 3101 1203 3181 conjugalem
1220 3100 1393 3163 deveniant.

160 3193 195 3252 3ο
210 3187 335 3250 Veniala
347 3193 467 3268 peccata
479 3194 553 3250 sunt
565 3193 682 3264 tactus,
698 3195 852 3269 aspectus,
868 3190 971 3252 oscula
984 3188 1147 3250 inhonesta
1165 3191 1193 3249 et
1210 3185 1397 3266 turpiloquia

116 3295 192 3360 quae
208 3296 270 3340 non
282 3277 458 3341 referuntur
468 3276 647 3340 immediate
659 3278 698 3338 ad
713 3277 862 3357 copulam,
875 3297 929 3341 noc
944 3278 983 3340 ad
994 3276 1135 3340 debitum
1149 3291 1285 3338 amorem
1298 3275 1399 3338 mode-

116 3371 204 3441 rate,
220 3373 252 3428 et
263 3371 299 3428 ut
311 3385 366 3448 par
380 3375 435 3442 est,
450 3365 629 3429 fovendam.
647 3403 687 3412 —
700 3366 735 3428 S.
752 3368 823 3448 Liq.
845 3389 875 3428 n.
896 3371 966 3432 933.

161 3460 198 3518 10
211 3459 278 3518 Non
292 3461 415 3535 peccant
432 3454 566 3538 graviter
579 3459 736 3538 conjuges,
752 3455 810 3518 etsi
826 3457 959 3519 tactibus
976 3455 1071 3518 etism
1085 3457 1151 3518 sinc
1165 3454 1337 3517 intentione
1351 3471 1398 3516 co-

116 3544 203 3625 pulae
222 3541 337 3605 habitis
358 3551 502 3625 exsurgat
522 3545 684 3608 commotio
704 3544 888 3626 spirituum,
910 3546 958 3608 vel
978 3544 1190 3606 membrorum
1212 3541 1400 3623 generationi

117 3631 360 3708 inservantium
389 3641 444 3697 aut
467 3641 614 3714 sequatur
634 3632 805 3710 distillatio;
829 3633 973 3714 quamvis
990 3633 1054 3696 brac
1072 3632 1107 3695 in
1130 3631 1239 3696 solutis
1258 3629 1401 3694 mortaba

118 3723 246 3782 essent:
264 3720 351 3796 ratio,
365 3722 437 3802 quia
449 3722 563 3786 secluso
573 3722 754 3786 voluntaria
765 3722 943 3802 pollutionis
958 3726 1013 3784 aut
1025 3721 1168 3784 sodomia
1181 3719 1309 3783 crimine
1321 3717 1401 3781 nihil

118 3808 159 3870 fit
174 3810 278 3869 contra
298 3809 416 3872 bonum
435 3810 634 3876 Matrimonii.
654 3847 693 3857 -
711 3811 762 3872 Ita
779 3813 983 3874 communiter.
1000 3846 1040 3857 -
1058 3809 1094 3872 S.
1114 3810 1197 3890 Liq,
1218 3829 1248 3870 n.
1270 3812 1340 3872 931.
1362 3841 1400 3852 -

121 3894 279 3969 sanctes,
296 3901 350 3959 etc.

163 3986 297 4047 Caveant
309 3991 413 4050 tamen
426 3981 464 4050 ne
478 3989 512 4050 in
527 3987 704 4068 proximum
721 3989 896 4069 pollutionis
910 3989 1082 4070 periculum
1095 3987 1246 4062 incidant,
1263 3985 1371 4067 quodi
1388 4021 1400 4030 -

119 4073 181 4138 nile
195 4072 260 4148 fiet,
275 4073 301 4136 si
316 4081 420 4138 motus
435 4076 499 4138 sint
513 4077 600 4139 valde
613 4076 794 4140 inordinati.
810 4078 889 4140 Hinc
902 4076 1047 4158 quamvis
1063 4095 1116 4157 per
1129 4093 1161 4138 se
1175 4075 1323 4156 loquendo
1337 4092 1401 4137 non

118 4169 247 4244 peccent
259 4163 431 4226 mortaliter
445 4167 597 4244 conjugae,
614 4165 680 4246 qui,
697 4165 817 4246 incepta
832 4166 948 4248 copula,
965 4184 1003 4228 ex
1014 4171 1126 4227 mutuo
1137 4183 1285 4228 consensu
1296 4169 1401 4226 actum

120 4251 316 4330 conjugalem
331 4269 392 4314 non
411 4252 586 4334 perficiunt,
609 4252 636 4314 si
655 4253 731 4316 torte
744 4273 808 4317 non
825 4253 905 4317 adsit
921 4253 1092 4334 periculum
1108 4252 1308 4334 pollutionis:
1325 4251 1402 4313 bene

121 4338 259 4402 advertit
273 4340 308 4402 S.
324 4341 437 4423 Alpi„
448 4361 479 4402 n.
495 4343 566 4416 318,
583 4347 652 4422 post
666 4341 814 4422 Sonebez,
831 4342 984 4410 ordinarie
997 4343 1031 4405 id
1045 4360 1108 4405 csse
1120 4341 1257 4416 mortale,
1272 4337 1403 4421 quiaor-

121 4426 245 4490 dinarie
256 4428 354 4491 aderit
364 4429 544 4512 hujusmodi
558 4429 739 4512 periculum.

203 4541 276 4586 con.
288 4565 315 4576 -
333 4545 393 4590 τοι.
405 4545 436 4589 u
1289 4533 1321 4584 26
