3180 5040
641 252 684 295 nn
705 249 878 296 erasurus
1017 297 1021 306 ,
1330 247 1398 306 trs

119 365 198 426 dum
221 361 262 425 ad
283 359 431 442 ejusmodi
452 360 655 442 receptionem
670 379 736 424 esse
752 361 911 424 idoneum.
927 395 968 408 —
983 361 1106 442 Bonis,
1123 364 1160 427 de
1176 363 1299 447 Episc,
1309 390 1346 451 p.
1358 376 1395 448 V,

9 513 10 518 .
121 472 147 514 C.
164 471 219 516 XV·

161 546 196 604 60
209 539 343 603 Licentia
353 540 605 603 ettestImonium
621 539 736 621 proprii
751 539 890 620 Episcopi
904 557 960 603 seu
972 541 1128 604 mairani
1140 543 1215 606 viva
1229 563 1300 607 roae
1312 549 1395 622 data,

120 635 265 708 certoqere
278 626 414 707 cognita,
426 647 481 708 per
493 649 525 692 se
539 627 697 692 sufficiunt
708 633 746 692 ut
759 627 904 691 ordinans
916 629 1053 692 alienum
1063 631 1224 694 subditum
1235 643 1398 698 extensetur

119 735 139 778 a
165 717 375 797 suspensione.
401 718 591 797 Regulariter
613 725 718 781 tamen
740 718 933 780 henderent
954 718 1066 799 scripto
1088 720 1275 801 consignari,
1296 725 1398 787 atita

121 804 301 884 consignata
312 805 346 866 in
359 805 436 867 actis
449 806 541 870 curiae
554 807 694 888 Episcopi
707 805 880 869 ordinantis
894 814 1100 872 asserventur.

244 935 443 1010 Quaestta.

159 1067 311 1128 1οη-
328 1066 431 1139 Quas.
456 1069 488 1126 l⁰
511 1063 561 1124 An
568 1063 719 1144 promotio
738 1062 780 1124 ad
793 1061 928 1143 primam
947 1073 1101 1126 tonsuram
1119 1065 1173 1125 sub
1193 1067 1252 1128 lac
1268 1088 1398 1133 censura

118 1151 416 1233 comprehendatur?

159 1240 254 1322 Hesp.
271 1241 397 1322 Affirm.
414 1241 562 1315 Quamvis
573 1240 659 1303 enim
670 1258 705 1304 ea
715 1241 753 1303 de
767 1259 799 1302 re
809 1257 871 1302 non
881 1239 998 1302 fuerint
1010 1241 1084 1304 olim
1098 1243 1224 1306 omnino
1238 1247 1398 1309 concordes

119 1327 334 1410 theologorum
352 1329 530 1406 sententia,
546 1329 616 1392 aliis
636 1328 837 1409 negantibus,
859 1329 933 1411 quia
951 1334 1092 1404 tonsura,
1114 1331 1312 1412 inquiebant,
1335 1353 1398 1397 non

117 1419 165 1476 est
189 1419 280 1494 ordo,
297 1418 365 1480 aliis
384 1417 629 1494 affirmantibus,
649 1418 722 1499 quia
743 1418 844 1499 prIma
868 1424 1008 1491 tonsura,
1024 1418 1059 1480 in
1075 1423 1149 1481 lure
1168 1421 1254 1483 venit
1273 1423 1398 1486 nomine

117 1503 262 1580 Ordinis,
286 1513 317 1566 et
340 1524 407 1568 cem
434 1506 589 1570 conferens
614 1506 740 1568 nomine
767 1505 955 1580 ordinantis,
985 1507 1172 1570 sententiam
1194 1508 1397 1573 affirmantem

115 1608 203 1654 nunc
218 1594 383 1656 tenendam
395 1611 474 1668 esse,
492 1595 652 1676 sequentia
664 1595 815 1658 suadent:
834 1600 866 1656 10
885 1594 1081 1658 Innocentius
1095 1597 1164 1670 XII,
1181 1598 1267 1660 Bulla
1281 1599 1399 1680 Specu-

117 1679 243 1760 latores,
273 1702 392 1764 exqua
413 1701 545 1763 praesens
571 1684 727 1746 Articulus
751 1684 932 1762 desumptam
956 1689 1016 1757 est,
1045 1685 1239 1766 suspensioni
1259 1705 1398 1766 expresse

116 1769 244 1849 subjicit
257 1769 441 1851 Episcopum
459 1779 692 1850 promoventem
712 1789 775 1832 non
795 1771 974 1844 sudetum,
991 1771 1085 1832 etiarn
1105 1773 1162 1833 sub
1180 1780 1333 1853 praetextu
1346 1776 1397 1838 be-

115 1856 220 1919 neficii
235 1859 343 1920 statim
361 1858 547 1934 conserendi,
570 1860 608 1921 ad
630 1859 798 1920 clericalem
820 1865 992 1921 tonsuram.
1007 1863 1040 1920 2⁰
1060 1859 1128 1922 Alio
1148 1860 1241 1924 Balla
1259 1862 1322 1924 loco
1342 1882 1397 1943 pro

115 1945 225 2008 eodem
237 1947 370 2009 assumit
384 1947 523 2010 ordinare
538 1949 617 2010 etad
632 1947 766 2028 primam
784 1953 944 2010 tonsuram
958 1965 1148 2026 promovere,
1164 1951 1239 2012 dum
1252 1951 1325 2028 ait§
1343 1957 1393 2015 13:

115 2032 168 2093 Ad
178 2034 245 2097 lta’c
257 2035 361 2096 nullus
374 2035 551 2118 Episcopus
564 2037 669 2099 alienet
683 2036 824 2098 Deiecesis
836 2035 984 2096 subditum
995 2036 1180 2117 familiarem
1189 2058 1275 2100 suum
1287 2040 1327 2100 ad
1335 2039 1396 2100 ala·-

116 2141 189 2201 puos
203 2144 317 2204 saeros,
335 2143 386 2186 seu
405 2126 532 2186 minores
553 2125 696 2204 Ordines,
714 2125 763 2186 ool
777 2127 867 2187 etiam
885 2127 1015 2206 primam
1032 2133 1186 2187 tonsuram
1198 2147 1393 2209 praecauere,

112 2227 163 2272 seu
178 2213 325 2276 ordinare
332 2224 509 2296 praesumat.
527 2219 558 2278 30
575 2217 644 2278 Haeo
659 2213 752 2276 verba
770 2231 905 2276 censurae
922 2213 1056 2276 Inserta:
1071 2216 1161 2276 ettam
1175 2217 1227 2277 sul
1244 2226 1395 2298 pretenta

115 2297 258 2383 beneficii
274 2303 594 2383 statimaonserendi,
609 2303 807 2382 intelligenda
824 2302 969 2364 videntur
988 2304 1024 2365 dc
1043 2304 1209 2386 recepturis
1229 2305 1393 2368 clericalem

113 2393 292 2465 tonsuram,
310 2392 364 2472 qui
378 2391 516 2454 beneficii
531 2399 602 2456 actu
617 2391 676 2454 sihi
690 2392 789 2453 collati
805 2397 879 2453 sunt
892 2391 1059 2472 incapaces.

70 2527 91 2536 ,
118 2519 125 2529 -
154 2483 259 2555 Quaen.
274 2484 306 2543 2⁰
321 2482 461 2556 Quanam
472 2480 580 2562 rapula
595 2479 733 2562 dipnasai
743 2480 858 2562 possit,
876 2489 978 2540 utrum
994 2480 1168 2563 beneficium
1186 2481 1316 2562 aliquod
1328 2483 1393 2564 sus-

112 2565 200 2647 ficiat
216 2569 257 2631 ad
267 2589 429 2652 conpruam
446 2569 616 2632 Ordinandi
629 2569 896 2630 sustentationem?

154 2659 246 2739 Resp.
256 2677 268 2720 .·
281 2663 324 2721 Ea
338 2676 433 2739 quam
448 2659 558 2720 statuit
570 2658 766 2720 Innocentius
779 2661 848 2730 XII,
864 2658 881 2734 ξ
895 2661 914 2718 8
929 2655 1023 2720 Bullae
1039 2656 1261 2738 Speculatores.
1281 2661 1394 2740 Requi-

114 2745 158 2806 rit
172 2764 297 2823 nempe,
313 2751 349 2806 ut
362 2745 561 2818 beneficium,
578 2750 640 2804 sive
648 2747 746 2824 juata
762 2755 866 2803 taaam
879 2743 1063 2822 synodalem,
1080 2749 1156 2819 sive,
1172 2763 1207 2806 ea
1221 2746 1391 2826 deficiente,

108 2833 207 2910 juata
218 2851 330 2891 morem
342 2833 490 2910 repionis,
505 2849 562 2911 per
578 2850 607 2891 se
621 2831 775 2910 sufficiat,
793 2829 888 2890 etiarn
907 2828 1052 2889 detractis
1071 2831 1225 2908 oneribus,
1243 2833 1285 2892 ad
1303 2835 1395 2896 uitam

115 2917 285 2981 OrdInandi
299 2937 431 3000 conqrue
446 2917 689 2991 sustentandam,
703 2916 840 2997 illudque
855 2916 893 2976 ab
911 2936 945 2978 eo
957 2916 1084 2999 pacifice
1093 2919 1298 3001 possideatur.

156 3009 259 3082 oona.
280 3011 312 3070 30
331 3008 383 3068 An
404 3010 533 3067 tenuitas
558 3006 694 3088 beneficii
713 3005 834 3065 menime
851 3006 1044 3086 sufficientis,
1068 3007 1148 3089 qued
1168 3011 1338 3091 confertur,
1362 3022 1396 3072 ut

119 3096 185 3177 quis
199 3097 257 3177 fiat
271 3095 481 3158 Ordinationes
488 3095 637 3172 subditus,
648 3094 786 3178 suppleri
795 3094 894 3175 possit
904 3113 960 3176 per
972 3095 1146 3158 ordinandi
1155 3097 1396 3180 patrimonium?

159 3185 247 3266 Resp.
271 3185 352 3266 Nep.
376 3183 471 3246 Addit
489 3183 573 3246 enim
597 3183 755 3247 Pontifex:
776 3181 907 3244 Sublata
932 3203 1117 3264 quacumque
1141 3189 1290 3265 facultate
1318 3209 1396 3269 sup-

115 3273 219 3353 plendi
233 3275 314 3358 quod
327 3274 465 3355 deficeret
478 3272 630 3353 fructibus
645 3274 775 3353 ejusdem
792 3272 930 3356 beneficii
945 3292 1012 3332 cum
1032 3271 1201 3352 adjactione
1217 3276 1396 3354 patricianis·

118 3364 209 3425 etiam
228 3367 368 3447 pinquis,
388 3361 466 3444 quod
483 3366 547 3444 ipse
568 3361 760 3424 ordinandus
779 3362 813 3423 in
834 3361 938 3423 eadem
957 3379 1007 3422 seu
1027 3360 1058 3420 in
1076 3361 1139 3422 alta
1154 3363 1259 3443 quaeis
1278 3363 1396 3426 diecesi

120 3452 287 3515 adtineret?

158 3544 410 3616 loli—Quina
427 3545 461 3604 l⁰
477 3541 600 3618 Quanta
616 3545 657 3603 sit
673 3559 759 3601 mora
776 3541 920 3622 temporis
941 3558 979 3601 ea
992 3539 1066 3601 dure
1087 3539 1260 3619 necessaria,
1277 3551 1311 3601 ut
1329 3542 1395 3624 quis

117 3639 274 3691 censeatur
281 3633 420 3712 potuisse
430 3629 547 3692 alieubi
558 3629 735 3692 contradere
750 3629 1000 3710 impedimentum
1011 3628 1205 3691 canentium?

157 3718 246 3801 Resp.
261 3739 273 3780 .·
288 3721 321 3781 ld
335 3739 388 3800 per
402 3721 457 3782 lus
472 3738 536 3782 non
550 3719 708 3793 definitur,
721 3736 821 3798 neque
832 3723 931 3798 petest
941 3735 995 3797 pro
1010 3717 1139 3781 dirersis
1149 3718 1392 3799 impedimentis,

117 3805 181 3868 ime
203 3813 233 3869 et
247 3827 301 3888 pro
313 3808 443 3870 diversis
464 3808 615 3889 personis
635 3826 699 3870 arna
713 3806 818 3886 regula
836 3805 966 3869 deliniri.
981 3809 1059 3870 Cum
1074 3807 1157 3870 enim
1173 3809 1313 3887 quaedm
1332 3807 1395 3870 sint

117 3894 355 3976 impedimenta,
377 3915 446 3976 quae
467 3895 634 3960 necessario
657 3896 692 3958 in
716 3913 779 3958 uno
796 3896 860 3958 loco
878 3899 908 3957 et
926 3913 988 3956 non
1005 3896 1039 3957 iu
1050 3897 1124 3970 allo,
1141 3917 1171 3958 v.
1187 3915 1246 3975 gr„
1263 3896 1395 3958 delectus

116 3984 271 4047 natalium
291 3985 326 4047 in
344 3985 407 4048 loco
428 3985 571 4065 originis,
590 4003 658 4066 quae
679 3984 773 4046 etiam
792 3983 911 4047 facilius
930 4003 948 4046 a
966 3985 1104 4064 personis
1123 3991 1212 4048 certe
1235 3985 1394 4066 cujusdam

118 4073 218 4136 atatis
233 4074 281 4136 vel
295 4073 479 4135 conditionis
503 4091 597 4154 quom
619 4093 637 4135 a
656 4073 788 4146 caeteris
806 4079 876 4147 eta,
893 4073 1125 4150 contrahantur,
1144 4074 1182 4136 ad
1197 4073 1395 4155 prudentiam

119 4162 260 4242 Episcopi
274 4161 449 4224 ordinaturi
466 4162 613 4242 pertinet,
631 4169 683 4238 ut,
704 4161 744 4224 iis
760 4162 905 4224 omnihus
923 4161 1017 4224 sitnm
1036 4162 1167 4239 collatis,
1189 4163 1336 4244 dijudicet
1354 4179 1395 4223 an

118 4250 328 4324 ordinandus,
343 4256 476 4330 spectato
489 4256 624 4330 tempore
639 4269 700 4330 quo
719 4249 832 4312 alicubi
848 4254 1054 4313 commoratus
1068 4256 1127 4326 est,
1145 4251 1279 4332 potuerit
1290 4251 1324 4310 in
1340 4247 1394 4311 ali-

116 4340 198 4418 quod
218 4338 477 4420 impedImentum
502 4338 646 4402 incidere.
670 4343 774 4419 Neque
792 4338 842 4401 hic
859 4337 1045 4418 possibilitas
1066 4339 1206 4402 absoluta
1225 4357 1279 4400 seu
1298 4343 1393 4400 meta-

116 4427 242 4509 physica
264 4427 446 4509 inquiritur,
475 4428 527 4490 sed
552 4428 683 4492 relativa
708 4433 739 4490 ct
761 4427 983 4508 moransque
1009 4430 1113 4491 adesse
1136 4429 1184 4492 vel
1204 4445 1267 4490 non
1290 4427 1394 4490 adesse

112 4515 280 4596 judicanda
291 4523 338 4580 est
351 4535 387 4579 ex
401 4515 440 4582 iis
453 4535 521 4598 quae
535 4515 742 4580 communiter
754 4516 912 4580 eveniunt.
931 4551 966 4561 -
