3224 5044
219 196 287 258 ata
750 191 958 241 reserares

215 324 252 384 de
266 317 486 399 impedimento
500 319 531 377 et
546 329 608 375 non
623 310 739 372 audens
753 306 830 369 iliud
842 303 973 385 aperire,
987 318 1027 362 na
1041 295 1227 378 impediatur
1240 294 1500 371 Matrimonium,

217 412 263 473 vel
277 427 316 472 ne
330 405 509 478 infametur,
525 407 581 463 aut
599 418 636 462 ex
649 393 876 460 inadvertentia
894 391 1012 470 aliqua,
1032 384 1279 450 controvertitur.
1297 384 1502 447 Probabilius

217 499 298 563 valet
318 493 551 560 Matrimonium
569 490 607 552 ob
630 488 817 552 voluntatem
836 479 1113 562 praedominantem
1131 474 1208 536 illud
1226 473 1440 536 contrahendi.
1462 512 1498 521 -

218 588 268 651 Ita
286 584 435 661 Meroen,
456 581 531 642 ibid.
549 615 588 625 -
602 580 749 639 Attamen
766 573 808 635 ael
825 569 972 632 cautelam
991 567 1025 628 in
1045 563 1133 646 praxi
1151 563 1344 625 inducendus
1361 562 1441 626 toret
1460 567 1500 626 ati

219 691 400 739 eonsensum
413 669 635 734 renovandmn.

456 873 586 920 ERRORES
607 871 629 914 A
649 871 697 914 1³10
719 869 750 912 IX
772 864 906 911 DAMNATI
927 861 1015 906 elect
1036 856 1255 903 uarnlrtou'teu

682 957 809 1008 museus
830 949 1036 998 ratramnum

261 1118 330 1178 792.
348 1146 387 1156 —-
406 1112 489 1171 Inter
511 1113 578 1169 acta
600 1105 648 1166 Pii
668 1107 723 1180 lx,
746 1102 846 1164 multa
867 1095 1063 1179 reperiuntur
1088 1091 1167 1154 circa
1189 1089 1443 1165 Matrimonium,
1464 1112 1502 1154 ex

221 1203 335 1284 quibus
349 1198 502 1281 praecipua
516 1195 627 1258 referre
636 1197 738 1275 juvat.

261 1292 285 1353 l.
309 1291 345 1350 ln
363 1287 560 1350 damnatione
579 1289 610 1344 et
626 1279 833 1361 prohibitione
850 1294 978 1357 operum
1001 1278 1115 1354 noyn,
1133 1267 1176 1331 sic
1194 1270 1230 1330 de
1249 1268 1310 1330 isto
1329 1268 1427 1349 impio
1445 1288 1499 1332 au-

222 1384 301 1442 ctore
314 1375 452 1456 loquitur
465 1372 499 1435 in
514 1371 603 1435 Brevi
618 1368 800 1451 Apostolicra
811 1365 914 1441 Sedis,
931 1365 980 1426 die
993 1367 1033 1425 ii
1047 1358 1180 1440 Augusti
1195 1362 1270 1422 1851
1285 1377 1293 1419 ι

262 1467 363 1528 Plura
377 1481 494 1545 quoque
508 1461 543 1523 ele
557 1459 755 1522 Matrimonia
769 1456 849 1538 [alsa
863 1463 1060 1516 asseruntur:

263 1553 359 1616 Nulla
373 1555 491 1614 ratione
508 1549 579 1632 fieri
589 1567 688 1630 posse,
709 1547 861 1610 Cbrestum
879 1542 1009 1606 euenisse
1023 1539 1250 1604 Matrimonium
1267 1535 1308 1597 ael
1320 1535 1498 1617 elipnitatem

224 1644 432 1712 Sacramenti;

264 1731 456 1794 Matrimonii
475 1731 705 1791 Sacramentum
724 1745 785 1786 non
804 1741 863 1784 esse
881 1721 942 1784 nisi
960 1719 1035 1802 quid
1054 1716 1221 1780 conb'actui
1237 1715 1445 1790 accessorium,
1460 1715 1500 1776 ab

224 1840 315 1902 eoque
333 1817 519 1901 separabile,
537 1818 692 1897 ipsumque
710 1814 943 1877 Sacramentum
960 1813 992 1870 in
1012 1827 1075 1869 una
1095 1815 1211 1868 tantum
1228 1803 1367 1886 nuptiali
1384 1803 1502 1866 benedi·

226 1911 320 1970 ctione
334 1912 425 1969 sitnm
440 1924 518 1982 esse,·

266 1997 340 2058 lure
355 2007 474 2058 naturae
485 1995 679 2056 Matrimonii
693 1991 846 2054 uinculum
860 2007 921 2049 non
935 2007 994 2049 esse
1009 1984 1218 2047 indissolubile
1225 2005 1239 2061 ;

267 2085 437 2147 Ecclesiam
455 2103 516 2145 non
536 2083 645 2144 babere
660 2089 838 2162 potestatem
859 2076 1067 2160 impedimenta
1086 2072 1315 2138 Matrimonium
1327 2071 1502 2130 dirimentia

226 2173 406 2251 inducendi,
422 2173 476 2234 sed
487 2192 554 2233 eum
569 2171 655 2231 ciuili
663 2173 810 2251 potestati
826 2175 1003 2249 conpetere,
1023 2183 1082 2245 qua
1096 2162 1313 2245 impedimenta
1327 2161 1503 2222 exsistentia

230 2262 361 2325 tollenda
375 2263 452 2338 sint;

271 2352 385 2415 Causas
400 2349 653 2421 matrimoniales,
671 2355 700 2409 et
713 2345 868 2428 sponsalia
883 2353 990 2426 suapte
1006 2349 1115 2406 nature¹
1130 2339 1171 2402 aa
1187 2341 1290 2421 sorum
1307 2337 1394 2400 ciuile
1407 2335 1504 2418 perti·

228 2458 315 2516 nere;

268 2526 438 2588 Ecclesiam
451 2525 640 2607 sequioribus
657 2523 773 2585 suculis
788 2523 963 2584 dei-imantia
981 2521 1197 2603 impedimenta
1213 2519 1349 2580 iuducere
1364 2518 1505 2598 caepisse,

226 2636 287 2678 nen
296 2617 371 2695 jure
382 2616 526 2698 proprio,
543 2614 596 2676 sed
611 2613 661 2674 illo
669 2613 744 2693 jure
760 2633 859 2686 usum,
878 2611 992 2694 quoda
1008 2610 1096 2672 ciuili
1106 2617 1250 2691 potestate
1264 2614 1401 2664 neumata
1416 2613 1509 2682 eran·

268 2704 461 2766 Tridentinus
482 2703 617 2767 Canones
638 2703 727 2782 (sess.
749 2704 855 2776 XXIV,
879 2720 904 2762 c.
929 2720 973 2775 Ν,
996 2701 1033 2762 dc
1055 2697 1202 2776 Matrini.)
1223 2694 1275 2776 qni
1296 2691 1509 2754 anattemans

228 2815 385 2857 censuram
404 2793 466 2855 iltis
486 2793 643 2874 inferunt,
660 2795 713 2874 qui
731 2789 910 2872 facultatem
925 2788 1136 2871 impedimenta
1154 2783 1327 2848 dirimentia
1343 2781 1509 2844 inducendi

227 2884 373 2946 Ecclesiae
387 2903 497 2965 necare
512 2881 655 2959 audeant,
670 2881 719 2942 uel
732 2901 791 2942 nen
806 2899 866 2941 esse
881 2879 1083 2960 dopmaticos,
1097 2877 1145 2940 uel
1157 2875 1193 2936 de
1207 2875 1262 2935 buc
1275 2879 1412 2934 mutuata
1424 2881 1505 2952 potc-

228 2982 303 3034 state
318 2971 549 3053 intellipenelos,·

270 3061 475 3122 Tridentinom
494 3061 623 3141 sormam
640 3059 696 3120 sub
713 3058 905 3142 infirmitatis
918 3076 1009 3138 pterea
1024 3076 1084 3117 non
1098 3054 1248 3138 oblipare,
1267 3054 1321 3114 ubi
1342 3051 1390 3113 tea
1408 3049 1507 3111 ciuilis

228 3151 319 3212 aliam
332 3149 463 3228 formam
480 3151 668 3230 prustituat,
685 3157 714 3211 et
732 3148 805 3210 uelit
824 3147 880 3208 buc
898 3166 978 3208 noua
997 3146 1095 3226 farma
1115 3143 1331 3206 interueniente
1349 3140 1507 3202 matrimo-

228 3241 311 3300 nium
327 3239 448 3316 ualere,·

267 3328 463 3410 bonifacium
478 3329 570 3405 VIII,
587 3337 688 3390 uotum
704 3329 853 3388 eastitatis
867 3329 900 3387 in
915 3325 1109 3387 ordinatione
1124 3322 1263 3385 emissum
1277 3319 1396 3400 nuptias
1408 3315 1509 3376 nullos

229 3417 368 3494 reddere,
382 3419 521 3498 primum
538 3420 706 3478 asseruisse.

270 3510 339 3570 793.
355 3541 396 3551 —
409 3509 447 3569 ΙΙ.
463 3509 499 3568 In
513 3507 702 3569 Allooutione
717 3503 777 3566 diei
794 3509 833 3567 st
850 3503 1038 3585 Septembris
1058 3505 1151 3576 taen,
1168 3501 1248 3562 cirea
1263 3516 1310 3560 res
1321 3492 1511 3574 Reipublicae

229 3595 481 3674 Neogranatensis
494 3595 504 3675 t
515 3592 849 3674 Nouaelte-Grenade),
867 3591 910 3654 sic
924 3591 1025 3655 aiebat
1043 3595 1192 3656 Summus
1206 3585 1344 3650 Pontifex
1357 3604 1365 3646 ε

332 3683 409 3746 Cum
426 3703 510 3745 neura
530 3704 568 3745 eu
586 3683 739 3745 catleolicis
758 3685 892 3764 ipnaret,
910 3691 964 3743 aut
982 3685 1129 3762 ipnorare
1147 3681 1255 3760 possit,
1277 3671 1507 3736 Matrimonium

230 3793 290 3836 csse
300 3792 366 3836 aare
376 3782 405 3835 et
413 3775 541 3856 proprie
552 3793 646 3834 unum
657 3792 694 3834 ea
706 3781 817 3853 septem
824 3773 857 3834 Ε
859 3771 1022 3852 canpelicec
1034 3771 1108 3851 lepis
1120 3765 1343 3840 Sacramentis,
1359 3783 1377 3823 a
1391 3753 1508 3824 cbristo

230 3863 361 3924 Domine
375 3863 564 3940 institutum,
579 3881 614 3923 ac
626 3871 791 3943 propterea
807 3862 887 3922 inter
901 3858 1008 3939 fideles
1023 3859 1252 3921 Matrimonium
1267 3853 1340 3915 dari
1353 3870 1416 3911 non
1429 3865 1510 3931 passe

231 3970 301 4020 anm
313 3971 371 4014 ano
384 3969 540 4021 ronauoaa
552 3969 689 4014 taurona
699 3969 746 4026 srr
759 3967 999 4023 saannuaumrr,
1014 3959 1105 4030 atque
1118 3946 1230 4008 idcirco
1240 3939 1411 4025 quamlibet
1420 3937 1508 4000 aliam

232 4041 313 4099 inter
337 4040 516 4102 christianos
536 4040 646 4100 viriet
666 4039 820 4116 mulieris,
846 4057 969 4101 enarra
991 4043 1236 4108 secuturarum,
1264 4031 1509 4112 conjunctionem

232 4127 444 4209 cujuscumque
458 4133 549 4192 etiam
569 4129 643 4211 lepis
658 4129 755 4190 ciuilis
776 4129 806 4188 ui
823 4128 958 4207 facturn,
981 4126 1064 4188 nibil
1077 4124 1240 4187 aliudesse
1255 4120 1317 4181 nisi
1332 4128 1453 4200 turpem
1470 4121 1513 4174 et-

232 4233 290 4298 que
306 4216 462 4279 exitialem
476 4218 722 4296 eoricubinatum‚
740 4217 778 4279 ab
796 4216 937 4280 Ecclesia
954 4225 1111 4298 tantopere
1127 4215 1320 4287 damnatum,
1338 4227 1374 4269 ao
1388 4199 1514 4288 proinde

233 4305 424 4388 a'jeanjupali
442 4305 550 4386 sedere
567 4309 794 4370 sacrararum
812 4325 959 4370 surenam
975 4323 1122 4377 uauounu
1141 4321 1244 4375 rossa,
1262 4298 1430 4362 eromuino
1448 4308 1516 4373 spe-

233 4403 316 4456 ctare
331 4395 372 4454 ad
388 4395 536 4458 Ecclesiae
552 4407 729 4478 potestatem
749 4415 785 4458 ea
802 4397 902 4458 omnia
920 4396 1098 4471 decernere,
1117 4413 1185 4478 quae
1204 4390 1245 4456 ad
1258 4388 1341 4451 idern
1355 4383 1519 4449 Matrimo-

234 4484 318 4544 nium
334 4485 438 4564 puovis
451 4485 539 4546 maele
551 4496 675 4566 possunt
687 4487 857 4569 pertinere,
873 4495 929 4549 etc.
