3206 5042
207 171 276 232 400
739 169 946 218 rnacrarus

246 301 278 360 4⁰
293 292 555 375 Reprehendendus
579 293 653 351 sunt
674 304 784 349 uxores
803 301 871 366 quae
888 283 1008 346 maritis
1028 283 1109 358 suia,
1123 285 1218 349 etiam
1239 291 1367 357 remisse
1387 306 1499 376 peton-

206 385 300 461 tibus,
315 384 430 463 absque
443 378 607 443 sufficienti
622 395 712 440 causa
727 373 864 437 debitum
879 378 1008 452 negant;
1026 373 1074 436 vel
1086 391 1156 454 quaa
1170 393 1233 439 non
1245 383 1418 448 concedunt
1430 390 1496 452 nisi

206 477 328 548 coacta,
346 471 473 552 viroque
488 469 563 532 dure
577 470 608 529 et
622 463 839 528 contumeliose
851 481 922 525 suas
937 460 1099 542 petitiones
1111 465 1307 545 exprobrant.

247 567 279 627 5⁰
295 567 361 626 Non
385 562 547 622 excusatur
560 575 579 618 a
592 553 695 617 debito
710 553 863 615 reddendo
882 569 960 614 uxor
978 550 1016 612 ob
1036 549 1192 616 ordinaria
1210 564 1335 636 partus,
1353 567 1492 641 gravidi-

206 652 279 715 tatis
293 657 348 714 aut
367 646 546 712 nutritionis
560 643 768 716 incommoda,
785 659 840 703 nec
859 640 896 702 ob
916 640 1031 702 dolores
1050 658 1159 720 graves
1175 644 1319 724 quidem,
1336 653 1390 714 sed
1411 660 1490 718 tem.

205 760 278 822 pore
299 741 423 812 breves,
445 755 499 799 nec
518 734 555 798 ob
575 733 691 796 dolores
712 731 876 793 diuturnos
898 730 948 791 sed
969 729 1156 806 moderatos,
1176 751 1207 794 u.
1228 751 1288 814 gn,
1308 740 1417 819 capitis
1435 763 1488 823 per

206 832 308 911 plures
328 845 448 890 menses
470 829 538 906 post
555 828 695 904 partum,
715 838 771 882 nec
791 820 829 881 ob
850 818 1013 880 sanitatem
1036 818 1260 903 aliquantisper
1273 826 1484 908 debilitatum

206 918 279 999 quia
293 919 358 980 hec
367 915 472 978 omnia
485 911 652 976 conditioni
661 907 883 971 matrimoniali
895 908 1012 969 adnexa
1027 913 1115 982 sunt;
1133 927 1219 973 secus
1240 917 1346 978 autem
1359 917 1386 978 si
1403 922 1486 1000 peri-

207 1008 311 1070 culum
333 1005 419 1078 vite,
436 1009 491 1065 aut
509 999 609 1062 morbi
628 997 802 1078 grauissimi
821 1015 858 1058 ex
874 996 989 1076 judicio
1007 996 1117 1058 medici
1131 1016 1201 1061 vere
1216 1003 1378 1081 prudentis
1392 1010 1486 1088 perti-

207 1095 404 1158 mescendum
416 1095 506 1153 esset.
518 1125 557 1133 —
570 1088 604 1148 S.
620 1087 690 1168 Lr'q.
708 1107 739 1146 n.
755 1089 826 1148 951.

247 1189 280 1246 6⁰
295 1187 361 1245 Nou
376 1187 422 1244 est
436 1177 579 1258 obligatio
594 1174 736 1237 debitum
754 1174 899 1236 reddendi
913 1173 1001 1236 alteri
1015 1174 1167 1237 laboranti
1187 1179 1295 1242 morbo
1312 1185 1483 1265 contagioso

207 1272 240 1334 in
257 1291 288 1334 se
298 1269 394 1351 gravi,
407 1273 443 1331 ut
456 1274 503 1330 est
516 1265 619 1346 pestis,
638 1263 763 1326 morbus
774 1281 935 1336 verterem,
953 1269 1008 1324 aut
1022 1262 1097 1342 quid
1112 1263 1224 1328 simile.
1244 1269 1361 1332 Pariter
1378 1273 1415 1333 ob
1430 1293 1483 1336 uo

209 1361 332 1422 labilem
347 1357 477 1438 corporis
491 1353 681 1417 debilitatem
698 1357 882 1414 exornantur
896 1371 914 1412 a
931 1352 1083 1414 reddendo
1097 1352 1200 1416 debito
1218 1355 1389 1423 laborantes
1403 1361 1484 1424 febri

207 1447 308 1509 valida
320 1452 374 1509 aut
386 1445 444 1506 alio
454 1443 560 1506 morbo
575 1442 672 1522 gravi.
687 1477 726 1486 -
737 1441 773 1504 S.
787 1443 858 1522 try.
875 1463 907 1501 n.
924 1445 995 1505 950.

248 1542 281 1598 7⁰
295 1541 362 1599 Non
381 1539 545 1596 excusatur
561 1534 673 1612 conjux
691 1549 709 1592 a
728 1530 830 1592 debito
842 1531 994 1591 reddendo
1012 1530 1049 1592 ob
1067 1529 1204 1594 timorem
1222 1533 1312 1612 prolis
1330 1551 1481 1600 numero-

208 1625 314 1700 sioris;
336 1621 502 1704 procreatio
524 1621 607 1682 enirn
631 1619 724 1699 prolis
747 1620 785 1680 ad
804 1618 994 1698 praecipuum
1019 1618 1113 1682 finem
1138 1619 1316 1684 Matrimonii
1340 1633 1478 1704 spectat;

208 1715 290 1776 uude
304 1711 535 1775 incommodum
553 1709 630 1771 illud
648 1711 694 1770 est
711 1706 837 1787 ipsimet
852 1707 1045 1772 Matrimonia
1064 1708 1275 1772 intrinsecum.
1291 1743 1331 1758 -
1349 1712 1382 1774 S.
1402 1715 1478 1796 Lip.

207 1823 239 1864 n.
255 1805 326 1866 etr.

708 1911 924 1974 ARTICULUS
945 1911 985 1970 lll

660 2067 698 2111 tm
718 2065 860 2111 Puccn'tts
882 2066 1036 2112 contutum

249 2211 363 2269 att-
374 2205 491 2268 Patrari
500 2211 629 2285 possmrt
641 2210 761 2284 peccata
773 2203 852 2264 inter
866 2205 1008 2283 conjuges
1018 2202 1133 2266 ratione
1143 2210 1229 2268 actus
1242 2210 1405 2290 conjugalis
1415 2213 1480 2276 siro
1585 2267 1586 2272 ,

209 2315 262 2378 per
282 2315 447 2368 accessum,
462 2294 518 2356 hoc
534 2301 595 2368 est,
617 2299 702 2355 actus
724 2293 762 2354 ad
781 2291 1008 2370 generationem
1026 2291 1151 2356 inutiles
1169 2299 1326 2374 ponendo,
1348 2299 1411 2362 sive
1428 2319 1481 2380 per
1585 2345 1586 2368 ,

209 2385 366 2464 desectum,
384 2388 487 2445 actum
502 2381 695 2444 essentialem
710 2399 772 2443 non
786 2381 979 2460 perficiendo,
998 2399 1051 2444 seu
1065 2381 1193 2446 orirniue
1207 2391 1359 2450 cataniensi
1380 2395 1480 2453 torum
1585 2377 1586 2454 l

209 2472 400 2534 maculando.
1585 2463 1586 2478 ¹

250 2558 328 2622 Hinc
342 2559 549 2639 paragraphus
562 2557 684 2637 duplex.

456 2745 515 2837 §t
542 2748 588 2814 Dc
602 2746 749 2832 peccetis
767 2748 954 2836 conjugum
969 2769 1034 2835 per
1052 2766 1226 2815 occasum.

250 2910 391 2991 'triplicis
410 2908 528 2989 generis
547 2908 784 2989 distinguuntur
797 2914 883 2972 actus
897 2909 951 2991 qui
966 2915 1076 2991 preter
1087 2910 1239 2990 copulam,
1255 2911 1308 2972 sed
1320 2913 1385 2993 ejus
1397 2931 1480 2976 occa-

208 3000 293 3062 sione
308 3004 362 3062 aut
374 3001 532 3078 pretextu,
548 2998 757 3078 aconjugibus
771 2998 903 3061 exerceri
916 3006 1056 3079 possunt.
1069 3005 1100 3063 l⁰
1113 2998 1175 3062 Alii
1190 3005 1264 3062 sunt
1276 3001 1376 3064 nocivi
1390 3021 1481 3082 gene-

208 3086 335 3161 rationi,
352 3094 389 3148 ut
403 3087 539 3149 sodomia
558 3091 588 3149 et
603 3087 744 3167 pollutio,
765 3093 796 3151 et
815 3092 1225 3151 11111111111111111111ο
1243 3088 1306 3151 Alii
1321 3090 1424 3164 utiles,
1443 3099 1479 3155 ut

208 3183 308 3240 tactus
321 3175 488 3238 excitantes
501 3179 646 3238 naturam
656 3182 687 3240 et
698 3194 833 3240 amorem
847 3175 1035 3242 1111111113ο
1048 3176 1176 3240 Aliinec
1188 3178 1290 3242 nocivi
1306 3197 1360 3244 nec
1374 3180 1478 3251 utiles,

208 3272 237 3328 et
250 3266 397 3328 dicuntur
409 3269 519 3346 prater
533 3271 688 3328 naturam.

329 3419 550 3499 Prlneipla.

247 3571 317 3630 918.
333 3601 373 3612 -—
387 3568 411 3626 1.
428 3565 583 3648 Quidquid
598 3572 645 3628 est
658 3565 863 3628 necessarium
878 3567 1033 3630 adactum
1048 3567 1238 3648 conjugalem
1252 3561 1481 3647 complendum,

207 3661 261 3718 aut
282 3656 358 3718 utile
379 3657 417 3716 ad
438 3655 527 3715 illurn
541 3654 674 3729 lucilius,
689 3655 797 3728 citius,
820 3662 875 3717 aut
895 3653 1053 3735 perfectius
1076 3657 1293 3730 exercendum,
1315 3661 1362 3717 est
1376 3659 1483 3737 conju·

208 3746 297 3824 gibus
311 3743 437 3807 omnino
451 3743 582 3805 licitum.
598 3743 702 3818 Ratio,
718 3743 792 3824 quia
812 3743 866 3824 qui
879 3743 972 3806 babet
988 3747 1041 3825 jus
1060 3744 1194 3820 adrem,
1210 3744 1303 3806 babet
1319 3747 1373 3825 jus
1388 3742 1483 3806 etiam

207 3836 245 3895 ad
267 3835 367 3897 media
388 3831 556 3895 necessaria
578 3833 624 3894 vel
642 3831 746 3907 utilia,
768 3851 823 3894 nec
844 3831 967 3894 aliunde
986 3831 1153 3913 probibita3
1174 3838 1205 3894 et
1224 3832 1340 3912 quibus
1361 3831 1483 3894 licitum

207 3930 253 3985 ost
271 3921 452 4004 principale,
469 3921 592 3984 licitum
612 3921 707 3985 etiam
724 3927 771 3984 est
788 3921 1004 3998 accessorium,
1024 3921 1215 3984 armedium
1239 3921 1278 3983 ad
1299 3920 1377 3983 illud
1402 3920 1485 3983 ordi-

207 4016 327 4073 natum.

246 4099 284 4159 11.
301 4099 455 4180 Quidquid
470 4102 504 4164 in
520 4104 589 4164 actu
610 4101 758 4182 conjugali
774 4100 962 4180 generationi
977 4101 1078 4175 obest,
1095 4118 1150 4162 seu
1163 4099 1365 4179 pollutionem
1380 4117 1437 4180 per
1456 4115 1488 4160 se

206 4186 327 4250 inducit
347 4193 432 4252 entra
450 4189 697 4272 conjunctionem
718 4191 907 4264 naturalem,
930 4197 976 4254 est
990 4189 1124 4271 graviter
1141 4187 1297 4250 illicitum.
1315 4187 1407 4252 Ratio
1423 4191 1488 4256 est,

206 4279 280 4360 quia
291 4277 399 4341 effusio
413 4279 587 4343 uoluntaria
601 4278 728 4342 seminis
751 4298 815 4342 non
833 4279 983 4346 estlicita
1001 4279 1064 4342 nisi
1080 4278 1115 4340 in
1135 4277 1242 4340 ordine
1261 4279 1300 4340 ad
1314 4276 1490 4356 generatio-

205 4385 292 4442 nem,
309 4376 339 4431 et
350 4368 476 4450 proinde
491 4368 723 4434 Matrimonium
737 4387 800 4432 non
812 4369 865 4431 dat
876 4369 1056 4450 conjugibus
1070 4367 1249 4430 facultatem
1263 4364 1326 4428 nisi
1338 4366 1377 4427 ad
1393 4362 1492 4426 semi-

207 4455 256 4518 nis
270 4457 465 4532 effusionem,
482 4475 550 4538 quae
571 4457 759 4537 generationi
777 4476 830 4538 per
853 4477 885 4520 ee
903 4456 1051 4523 inservire
1068 4456 1179 4539 possit;
1196 4453 1335 4536 alioquin
1354 4471 1448 4526 vero,
1467 4451 1496 4512 si
