3180 5040
617 255 659 298 nr
680 255 853 300 cursurus
1304 246 1370 308 181

7 403 8 406 ¹
98 367 243 442 solemni,
266 364 390 447 publica
409 371 440 428 et
461 364 638 428 recitatione
660 369 814 428 Horarum
835 365 869 428 in
890 366 995 441 choro,
1020 368 1229 432 benedictione
1252 370 1374 452 publica

98 475 197 540 aquae,
214 457 281 530 olei,
298 453 416 534 templi,
433 471 599 527 cereorum,
616 459 673 516 etc.
689 453 796 517 Clerici
811 452 866 534 qui
880 471 943 517 non
958 456 1071 518 cadunt
1086 457 1144 519 sub
1159 457 1372 536 interdictum,

7 597 8 600 ,
97 546 246 610 celebrare
259 545 399 625 possunt,
417 543 468 605 sed
476 541 582 623 januis
597 541 708 604 clausis
722 547 753 605 et
767 541 833 604 sine
847 560 1066 625 campanarum
1081 545 1243 607 sonitu-
1255 547 1289 610 S.
1302 550 1373 631 Lip.

97 655 129 696 n.
147 637 216 699 333.
805 651 807 656 ·

136 727 171 785 30
181 720 353 783 Protttttto
370 720 408 781 ab
417 719 669 782 administrandis
683 731 711 782 et
724 720 908 803 recipiendis
923 720 1077 803 aliquibus
1090 722 1309 800 sacramentis,
1321 726 1377 789 sci-

102 811 172 873 licet
186 807 389 884 Eucharistia,
405 809 517 873 Ordine
528 816 559 872 et
573 812 719 872 Extrema
731 809 891 873 Unctione.
902 808 1059 874 Viaticum
1074 811 1268 876 moribundis
1283 813 1377 876 mini-

97 897 191 962 strari
213 903 329 980 potest,
345 903 376 959 et
396 901 488 978 juxta
508 898 625 978 aliquos
653 897 748 959 etiam
769 901 914 960 Extrema
934 900 1052 962 Unatio.
1069 900 1245 980 Baptismus
1268 901 1378 984 (etiarn

97 987 275 1065 solemnis),
291 986 490 1050 Confirmatio
504 992 535 1048 et
549 985 735 1048 Paenitentia
752 985 897 1048 omnibus
915 987 1152 1066 permittuntur,
1169 990 1302 1071 exceptis
1316 991 1378 1054 illis

95 1075 150 1156 qui
166 1073 332 1138 interdicto
344 1091 468 1136 causam
483 1074 578 1137 etiam
593 1074 709 1136 auxilio
723 1073 771 1136 vel
784 1073 885 1136 lavore
900 1074 1058 1137 dederunt.
1075 1077 1267 1140 probabilius
1281 1079 1376 1142 ctiam

95 1163 344 1238 Matrimonium,
362 1163 413 1226 scd
429 1163 544 1244 absque
557 1161 777 1226 benedictione.
793 1197 834 1208 —
855 1161 928 1224 Vide
942 1161 977 1224 S.
992 1163 1062 1244 Lip.
1080 1185 1111 1225 n.
1127 1169 1197 1229 331.

137 1257 171 1316 30
185 1251 359 1312 Prodibitic
375 1273 393 1312 a
408 1251 564 1334 sepultura
583 1250 793 1313 ecclesiastiea.
815 1251 1000 1314 Extenditur
1022 1252 1117 1315 etiam
1139 1255 1178 1316 ad
1195 1253 1329 1318 infantes
1348 1263 1379 1319 et

96 1345 238 1404 mucules
253 1339 288 1403 in
302 1339 464 1403 interdicto
478 1339 576 1403 locali.
592 1339 698 1403 Clerici
713 1346 818 1402 tamen
838 1357 901 1402 non
920 1339 1106 1403 nominatim
1119 1341 1277 1404 interdicti
1296 1363 1380 1426 sepe·

95 1429 148 1490 liri
164 1432 296 1509 possunt
313 1428 347 1491 in
369 1428 491 1492 ecclesia
505 1428 591 1509 (cum
605 1428 730 1509 Missa);
747 1427 810 1490 irno
829 1427 952 1491 etiamsi
975 1429 1097 1492 ecclesia
1113 1436 1191 1492 esset
1213 1431 1381 1510 specialiter

95 1515 263 1580 interdicta
277 1516 344 1598 (sed
357 1517 423 1579 sine
436 1517 554 1598 Missa).
569 1553 609 1563 -
625 1516 661 1579 S.
678 1515 761 1598 Lip,
778 1537 809 1578 n.
824 1521 894 1581 335.

138 1606 453 1680 1051.-Οι1111.30
474 1605 628 1682 Quomodo
644 1615 771 1686 peccent
792 1605 940 1668 violantes
957 1606 1165 1680 interdictum,
1184 1618 1213 1670 et
1234 1627 1380 1691 wasnau

93 1714 205 1776 poenos
218 1693 401 1757 incurrunt?

138 1783 230 1865 Resp.
248 1787 296 1844 1οε
312 1781 421 1857 Quoad
438 1781 590 1844 Clericus:
601 1786 634 1845 l⁰
648 1786 776 1844 Peccant
790 1781 925 1861 graviter
938 1783 1080 1846 violando
1098 1783 1298 1847 interdictum
1312 1803 1384 1867 per-

97 1871 220 1948 sonale,
236 1869 310 1950 quia
331 1869 433 1948 agitur
451 1870 487 1931 de
502 1887 534 1931 re
552 1869 653 1950 gravi,
671 1868 733 1931 nisi
754 1875 877 1931 excuset
896 1870 1033 1934 materia
1047 1871 1198 1952 parvitas,
1215 1891 1262 1936 ex.
1280 1891 1339 1954 gr,
1356 1873 1382 1936 si

96 1962 263 2023 exerceant
276 1957 448 2020 func-tiones
461 1975 531 2038 quse
550 1975 568 2019 a
586 1957 671 2019 laicis
688 1955 754 2019 fiori
769 1964 914 2038 possunt,
930 1961 978 2022 vel
992 1959 1019 2022 si
1035 1959 1121 2022 brevi
1142 1965 1275 2042 tempore
1289 1961 1382 2025 relin-

100 2053 202 2130 quant
214 2045 333 2108 ostium
349 2045 455 2126 templi
467 2050 621 2125 apertum,
631 2051 688 2107 etc.
701 2048 871 2108 3οΡ1111111
883 2047 1018 2126 graviter
1029 2049 1123 2111 etiam
1136 2049 1276 2112 violando
1289 2049 1385 2113 inter·

98 2137 228 2199 dictum
251 2135 358 2206 locale,
378 2134 404 2196 si
418 2135 501 2196 locus
526 2133 567 2196 sit
589 2133 758 2213 specialiter
771 2134 818 2197 vel
838 2135 1018 2214 generaliter
1036 2136 1231 2214 interdictus,
1248 2143 1386 2219 elegant

97 2224 236 2306 publice,
253 2222 367 2304 apertis
378 2222 495 2305 januis,
511 2227 616 2284 contra
630 2221 889 2303 prohibitionem:
906 2243 992 2287 secus
1006 2225 1167 2288 venialiter
1180 2231 1304 2289 tantum
1318 2245 1384 2308 pec·

97 2316 181 2376 cant.
199 2311 236 2376 Si
248 2319 353 2374 autem
367 2310 540 2374 bructiones
554 2328 669 2385 sacras,
685 2312 903 2374 nonobstante
923 2312 1103 2388 interdicto,
1120 2321 1292 2390 exerceant,
1309 2315 1383 2378 irre·

98 2402 301 2484 gularitatem
315 2400 490 2462 incurrunt.
498 2403 629 2462 [ternum
637 2398 703 2480 ipso
711 2399 789 2462 facto
799 2399 965 2462 incurrunt
979 2401 1176 2464 interdictum
1189 2403 1226 2465 ab
1242 2402 1383 2484 ingressu

98 2489 250 2565 ecclcsiae,
267 2488 293 2552 si
308 2489 414 2551 divina
429 2487 559 2551 scienter
573 2486 724 2550 celebrent
738 2487 771 2550 in
786 2489 848 2551 loco
862 2487 1038 2552 interdicto.

140 2580 233 2662 Resp.
251 2583 301 2640 2⁰:
320 2578 428 2654 Quoad
442 2577 535 2639 laicos
546 2596 560 2639 .·
574 2582 607 2639 10
621 2579 747 2639 Peccant
761 2577 894 2656 graviter
910 2576 1057 2642 violantes
1071 2578 1271 2643 interdictum
1279 2599 1386 2663 perso-

99 2669 188 2744 nale,
203 2685 276 2730 curn
290 2667 371 2747 ipsos
390 2665 502 2729 directe
519 2664 640 2728 afficiat.
658 2669 690 2727 30
704 2667 831 2726 Peccant
848 2665 924 2727 item
941 2665 1073 2744 graviter
1088 2667 1237 2729 violantes
1256 2667 1386 2729 interdi-

101 2765 194 2820 ctum
211 2753 312 2828 locale,
325 2753 353 2812 si
367 2753 549 2830 compellant
562 2751 693 2812 scienter
705 2748 833 2811 Glericos
847 2749 995 2812 adOfficia
1005 2751 1111 2812 divina
1123 2752 1301 2815 celebranda
1315 2773 1384 2818 con-

100 2851 153 2905 tra
175 2837 394 2912 interdictum,
415 2855 476 2917 quo
499 2836 533 2897 in
554 2853 626 2897 casu
646 2840 678 2896 et
700 2834 759 2914 ipsi
779 2835 936 2914 personale
962 2835 1163 2899 interdictum
1184 2839 1223 2902 ab
1245 2839 1386 2922 ingressu

101 2925 237 2994 acclesiae
250 2925 431 2998 incurrunt,
447 2924 541 2986 donec
559 2925 598 2986 ad
617 2921 783 2984 arbitrium
806 2922 1017 2988 interdicentis
1039 2925 1249 2992 satisfecerint.
1266 2931 1343 2992 Item
1357 2929 1385 2992 si

101 3019 306 3083 Sacramenta
324 3012 359 3074 in
376 3012 439 3074 loco
461 3010 624 3074 interdicto
646 3009 829 3091 reciperent,
845 3010 919 3091 quia
938 3013 1026 3077 adid
1044 3022 1287 3096 cooperarentur,
1304 3019 1387 3098 quod

101 3103 231 3172 Clericis
245 3102 303 3166 sub
316 3107 434 3182 peccato
454 3099 539 3180 gravi
560 3099 749 3181 prohibetur.
767 3105 797 3164 30
810 3101 935 3162 Peccant
954 3109 1059 3165 autem
1072 3110 1197 3169 tanturn
1211 3105 1384 3182 venialiter,

103 3197 144 3273 si,
162 3191 328 3258 interdicto
343 3190 416 3266 loco,
433 3189 493 3271 ipsi
508 3207 571 3251 non
584 3188 782 3270 personaliter
795 3187 951 3251 interdicti
965 3189 1080 3253 divinis
1095 3191 1205 3256 Officiis
1222 3194 1386 3256 dumtaxat

101 3283 266 3349 assistant.
281 3317 321 3326 —
336 3279 371 3342 S.
389 3279 471 3360 bip,
487 3277 562 3340 ibid.

147 3375 252 3448 Quen.
272 3374 303 3433 3ο
318 3370 413 3446 Quam
426 3365 463 3428 cb
477 3385 597 3429 causam
611 3365 693 3448 serti
702 3369 800 3449 possit
817 3365 1034 3430 interdictum?

148 3461 254 3541 Hesp:
264 3458 349 3523 Ferri
362 3475 424 3519 non
439 3462 539 3536 potest
550 3475 607 3538 per
621 3475 651 3517 se
666 3455 811 3538 loquendo
825 3455 887 3518 nisi
901 3463 1024 3537 propter
1037 3457 1159 3538 culpam
1171 3475 1294 3538 gravem
1309 3460 1388 3523 bono

103 3547 231 3632 publico
245 3545 414 3626 oppositam
430 3565 437 3606 :
455 3545 498 3607 sic
516 3563 570 3626 pro
585 3545 745 3608 interdicto
762 3544 913 3626 personali
934 3545 1104 3625 requiritur
1125 3547 1213 3628 crdpa
1231 3546 1314 3610 illius
1335 3547 1390 3627 qui

103 3634 323 3711 interdicitur;
340 3651 413 3696 narn
429 3651 520 3716 piena
534 3641 581 3696 est
594 3639 716 3715 propter
730 3633 861 3714 culpam.
878 3635 935 3696 Pro
953 3633 1113 3698 interdicto
1133 3641 1238 3699 autem
1256 3635 1388 3716 generali

104 3730 139 3790 et
153 3723 241 3786 locali
256 3722 369 3787 sufficit
384 3723 474 3804 culpa
488 3722 571 3785 illius
586 3722 641 3804 qui
662 3729 709 3785 est
729 3727 820 3802 caput
839 3722 1086 3799 communitatis,
1100 3725 1148 3788 vel
1166 3725 1392 3808 precipuorum

105 3818 177 3896 ejus
192 3812 413 3876 membrorum.
426 3815 474 3875 Ex
487 3815 559 3875 lure
574 3829 640 3875 can.
655 3811 786 3874 emitur.
800 3846 839 3857 -
854 3810 889 3872 S.
907 3811 977 3893 Lip.
994 3832 1025 3876 n.
1041 3817 1111 3877 337.

293 3993 340 4060 lle
357 3991 548 4061 interdictis
568 3991 826 4062 constitutionis
843 3993 1070 4061 Arosronrce
1096 3989 1210 4061 Snnrs.

380 4130 651 4191 1.-11311111111111
672 4147 705 4191 tri
727 4145 962 4192 constituemus
983 4145 1132 4191 undussa

157 4237 301 4316 1055.-1
314 4252 385 4313 Duo
404 4249 569 4325 habentur,
585 4269 718 4332 quorum
736 4249 823 4331 prius
840 4250 961 4331 speciali
980 4249 1069 4312 modo
1088 4253 1176 4313 Rom.
1194 4247 1332 4312 Pontifici
1346 4267 1392 4312 re-

110 4343 273 4406 servatum
289 4347 350 4416 est,
365 4340 497 4402 alterum
511 4345 610 4420 potest
624 4358 643 4402 1
659 4357 852 4420 quocumque
868 4336 1000 4412 absolvi,
1017 4344 1180 4418 postquam
1194 4336 1395 4404 interdictum

110 4430 278 4513 pallantea,
290 4430 329 4492 ad
339 4427 507 4491 arbitrium
521 4431 586 4509 ejus
601 4429 688 4511 cuius
701 4427 888 4490 sententiam
902 4425 1228 4492 excommunicationis
1237 4426 1283 4489 vel
1297 4425 1393 4490 inter·

112 4517 191 4584 dicti
206 4523 475 4599 contempserunt,
491 4522 695 4598 competenter
706 4515 919 4580 satisfecerint.

210 4632 283 4676 Ooxr.
294 4655 320 4666 -
332 4633 390 4676 Τοκ.
406 4632 437 4675 11.
935 4655 937 4662 κ
1255 4621 1286 4673 31
