3198 5036
222 199 289 258 tlt
750 205 959 251 rnacrarus

218 320 372 385 alterabile
393 319 428 381 in
447 317 617 390 stomacho,
638 324 669 380 et
686 323 794 397 aptum
815 315 852 378 ad
873 315 1088 378 nutritionem.
1115 314 1203 378 Ratio
1225 320 1286 390 est,
1311 316 1383 396 quia
1407 335 1490 381 secus
1589 345 1590 380 r

214 415 306 493 juxta
329 425 525 472 communem
544 405 731 486 concipiendi
757 406 885 471 modum
906 422 968 466 non
991 411 1037 466 est
1057 403 1219 479 comestio,
1243 423 1341 484 neque
1365 407 1490 485 potatio.
1589 437 1590 466 r

216 503 310 562 Nemo
322 499 405 562 enim
420 496 534 559 dicitur
548 495 731 557 manducare
743 493 875 565 ferrum,
887 493 1021 567 iitrum,
1033 492 1168 573 lignum,
1183 499 1239 555 etc.
1251 529 1291 538 —-
1304 493 1355 554 Ito
1365 514 1494 556 commn-

217 593 296 651 niter
312 586 447 668 theolopi
460 605 525 647 eum
544 583 579 646 S.
599 583 731 660 Tboma,
747 587 793 658 3.,
809 603 841 664 q.
859 587 909 658 80,
927 593 987 642 art.
1003 586 1031 646 8.
1046 618 1086 626 —
1098 582 1135 644 S.
1156 582 1226 663 Lip.
1244 602 1275 644 n.
1291 587 1361 646 est.

338 724 533 802 Quaeslta.

257 859 327 920 330.
347 890 387 898 -
408 854 508 927 Quae.
533 857 565 914 l⁰
587 853 638 912 An
662 851 799 932 trajectio
820 848 1034 931 reliquiarium
1055 847 1131 924 cibi,
1156 867 1222 931 qaae
1244 849 1397 912 inherent
1417 854 1495 912 inter
1589 847 1590 850 ’

217 944 327 1013 dentes,
346 940 655 1024 franpatjejuninm?

257 1033 345 1114 Besp.
364 1037 396 1093 ¹1⁰
409 1030 500 1110 Nep,
518 1029 544 1091 si
559 1029 600 1090 sit
615 1027 834 1101 involuntaria,
850 1027 922 1108 quia
934 1045 996 1089 nou
1010 1025 1103 1089 hahet
1114 1026 1266 1090 rationem
1278 1026 1348 1088 cibi.
1367 1029 1495 1090 Constat

217 1122 311 1184 etiam
325 1139 361 1184 ex
376 1118 508 1184 Rubrica
521 1117 667 1190 Missalis,
683 1116 719 1178 de
731 1117 848 1198 Defect.
865 1137 895 1176 n.
912 1120 940 1179 3.
954 1115 1005 1176 lta
1019 1134 1129 1177 omnes.

257 1211 346 1292 Resp.
361 1214 394 1271 2⁰
411 1227 418 1268 :
435 1207 467 1269 Si
482 1205 523 1268 sit
536 1205 725 1282 voluntario,
743 1204 988 1267 controvertitur.

260 1300 291 1360 pa
311 1297 470 1361 Sententia
487 1293 655 1376 probabilis
675 1303 784 1374 napea·
803 1293 877 1374 quia
899 1293 974 1354 tales
1000 1293 1136 1374 reliquiae
1160 1312 1222 1356 non
1249 1296 1418 1356 sumuntur
1441 1311 1495 1373 per

215 1388 346 1450 modum
362 1383 438 1459 cibi,
456 1383 528 1445 licet
542 1401 579 1444 ex
592 1381 759 1463 proposito,
776 1383 829 1444 sed
844 1399 898 1461 per
914 1382 1043 1444 medum
1062 1382 1174 1444 sahvae.
1196 1417 1235 1426 —
1249 1380 1302 1443 Sic
1315 1380 1350 1442 S.
1371 1380 1492 1460 Tiona,

217 1478 250 1536 in
262 1480 296 1549 l,
312 1474 382 1536 dist.
397 1477 431 1548 8,
448 1491 477 1553 q.
495 1477 528 1546 l,
545 1480 606 1532 nrt.
623 1475 657 1545 l,
672 1491 701 1552 q.
718 1475 754 1544 ἢ,
768 1470 809 1531 ed
819 1475 848 1534 3.
865 1507 904 1514 -
924 1469 996 1532 Vide
1007 1470 1097 1532 etiam
1112 1470 1209 1531 liuba.
1223 1471 1273 1532 tit.
1290 1489 1335 1544 tx,
1350 1491 1381 1531 n.
1399 1474 1429 1533 3.

257 1563 308 1626 II⁶
325 1563 483 1624 Sententia
497 1560 651 1642 affirmat,·
666 1559 739 1640 quia
753 1557 930 1639 hujusmodi
948 1558 1099 1639 trajectio,
1115 1576 1186 1622 cum
1199 1578 1236 1621 ex
1252 1558 1405 1621 industria
1420 1559 1492 1637 liat,

217 1671 296 1715 nova
310 1650 451 1714 comestio
467 1649 599 1712 videtur.
615 1684 655 1696 -
674 1648 724 1710 lta
744 1647 928 1730 Honeaplia,
949 1653 1005 1710 etc.
1023 1651 1107 1710 Hanc
1126 1649 1311 1710 sententiam
1331 1647 1405 1710 dicit
1421 1666 1494 1729 pro-

217 1740 395 1804 babiliorem
412 1739 447 1802 S.
464 1739 532 1820 Lip.
548 1760 578 1800 n.
594 1742 666 1802 279.

258 1833 360 1906 Quen.
377 1833 409 1891 2⁰
423 1831 475 1890 An
492 1829 620 1909 puttnlae
634 1847 719 1909 aquae
737 1825 914 1908 eatjnscnli
928 1826 1082 1906 depastati
1093 1847 1159 1887 cum
1173 1825 1271 1888 salice
1285 1830 1391 1889 miatae
1403 1828 1493 1909 frans

217 1928 292 1998 pant
300 1918 459 2000 jejuniam
472 1921 500 1979 si
511 1915 740 1997 deplanantur?

258 2008 346 2090 liesp.
372 2013 404 2070 t⁰
427 2007 518 2088 Nep,
535 2007 561 2069 si
581 2025 653 2069 casu
669 2011 781 2086 praeter
799 2005 1004 2067 intentionem
1021 2005 1223 2086 trajiciantur,
1242 2006 1332 2068 modo
1350 2023 1412 2068 non
1426 2006 1493 2068 sint

217 2097 253 2160 in
271 2115 383 2176 magna
401 2096 584 2176 qrrantitate.
602 2096 686 2156 Idem
705 2093 870 2156 dicendum
885 2094 921 2155 de
944 2094 1075 2173 garttulis
1090 2113 1158 2175 qna
1177 2092 1384 2155 involuntarie
1403 2095 1491 2176 traJi-

218 2187 345 2250 ciuntur
354 2203 386 2246 os
400 2184 540 2246 lavando.
557 2183 645 2246 Ratio
662 2186 716 2256 est,
734 2183 883 2262 quianon
899 2190 1069 2244 sumuntur
1083 2201 1137 2262 per
1150 2183 1277 2245 modum
1294 2181 1487 2246 nutritionis.

217 2278 343 2339 Constat
357 2273 450 2335 etiam
463 2291 499 2333 ox
511 2270 642 2335 Rubrica
666 2271 813 2346 blissah's,
831 2271 866 2332 de
879 2271 1013 2350 Desect.‚·
1027 2292 1058 2331 n.
1075 2276 1104 2334 3.

258 2363 346 2442 desp.
363 2365 397 2424 2⁰
408 2363 433 2421 Α
438 2361 549 2440 sinn,
569 2359 595 2420 si
608 2378 645 2421 ex
660 2359 812 2440 proposito
827 2358 1048 2438 deglutiantur.
1065 2358 1153 2424 Ratio
1168 2364 1212 2421 est
1226 2360 1299 2440 quia
1318 2367 1393 2424 tunc
1410 2361 1489 2425 nihil

217 2451 302 2514 deest
313 2455 350 2510 ut
361 2448 510 2511 rationem
525 2447 585 2509 cibi
599 2454 654 2509 aut
665 2454 755 2528 potus
767 2448 910 2510 habeant.
927 2484 966 2491 -
981 2447 1016 2508 S.
1033 2448 1101 2527 Lip.
1118 2469 1149 2509 n.
1166 2452 1236 2510 279.

257 2542 327 2601 33¹.
344 2573 383 2581 -
397 2538 497 2611 Quina.
513 2541 545 2599 3⁰
558 2538 608 2598 An
622 2536 880 2619 soloetjejnninm
888 2536 995 2618 pulvis
1011 2536 1112 2597 tabaei
1122 2541 1233 2619 compti
1242 2556 1299 2618 per
1313 2539 1423 2600 nores?

258 2627 346 2707 Hesp.
361 2625 452 2704 Nep,
469 2624 589 2687 etiamsi
601 2625 718 2706 aliquid
732 2625 764 2687 in
779 2625 971 2688 stomachum
989 2625 1228 2687 transmittatur.
1242 2627 1332 2691 Ratio
1344 2633 1400 2702 est,
1416 2627 1490 2708 quia

217 2715 287 2778 licet
308 2713 378 2776 talis
398 2714 528 2776 nrateria
547 2713 588 2776 sit
606 2713 774 2788 nutritiva,
795 2719 901 2776 tamen
921 2732 983 2776 nou
1004 2713 1141 2776 sumitur
1163 2733 1217 2795 per
1238 2715 1366 2777 modurn
1390 2733 1488 2778 come-

217 2802 337 2866 stionis
352 2802 457 2864 -Sic
473 2803 681 2864 communiter.
699 2839 738 2847 —-
754 2799 790 2864 SI
808 2803 879 2880 Lip.
896 2823 926 2862 n.
941 2805 1011 2865 280.

257 2895 358 2968 Quale.
372 2896 406 2954 l⁰
420 2893 471 2952 An
484 2891 581 2952 soleat
589 2892 744 2972 jejunium
759 2890 859 2971 snmus
875 2891 977 2952 toboci
986 2901 1040 2952 ant
1054 2891 1184 2953 similis?

256 2981 346 3062 desp.
367 2980 458 3061 Nep,
475 2999 546 3042 cum
565 2980 717 3042 sententia
734 2979 937 3042 communiori
954 2985 984 3042 et
1005 2979 1212 3060 probabiliori,
1229 2979 1303 3060 quia
1323 2979 1429 3044 fumus
1444 2988 1503 3044 ta··
1587 2977 1588 3000 ¹

216 3069 282 3132 baci
296 3087 395 3149 neque
409 3075 454 3130 est
466 3068 552 3130 cibus
566 3087 620 3130 nec
638 3076 742 3150 potua,
759 3086 858 3148 neque
877 3068 1014 3131 sumitur
1029 3087 1082 3149 per
1098 3068 1313 3131 comestionem
1332 3076 1387 3131 aut
1403 3077 1488 3150 pota-

216 3158 347 3233 tionenr;
365 3175 450 3220 secus
464 3157 562 3219 dicere
574 3158 762 3232 deberemus,
780 3157 916 3236 frangere
923 3157 1080 3238 jejunium
1096 3157 1189 3220 etiam
1202 3177 1251 3220 eos
1268 3156 1322 3238 qui
1337 3157 1371 3220 in
1386 3159 1488 3222 culina

216 3245 355 3308 ciborum
375 3244 499 3308 famarm
518 3253 587 3308 tum
608 3264 658 3309 ore
681 3253 750 3308 tum
768 3245 896 3309 naribus
918 3247 1088 3309 attrahunt.
1105 3249 1144 3308 Et
1162 3247 1218 3309 hoc
1236 3247 1329 3322 valet,
1345 3248 1440 3310 etiam
1461 3247 1488 3310 si

215 3335 320 3398 bimus
346 3333 518 3397 voluntarie
542 3334 734 3398 immittatur
758 3335 791 3397 in
817 3335 1021 3398 stomachum.
1047 3373 1086 3380 -
1110 3335 1160 3396 lto
1183 3334 1219 3397 S.
1244 3335 1327 3417 Lip,
1351 3335 1425 3399 ibid.
1448 3373 1488 3382 -

215 3425 300 3486 Idem
323 3422 448 3485 videtur
469 3423 631 3485 dicendum
651 3424 688 3486 de
709 3443 795 3486 succo
819 3443 872 3486 seu
895 3425 984 3487 odore
1008 3424 1193 3504 camphora,
1208 3424 1262 3506 qui
1285 3443 1338 3505 per
1359 3427 1487 3488 modum

215 3511 296 3576 fumi
312 3511 412 3575 tabaci
424 3511 568 3574 hauritur
580 3512 719 3593 (gallicez
736 3515 882 3593 ciparette
896 3513 932 3574 de
946 3513 1100 3594 Respuit).

258 3607 383 3666 332-
404 3603 505 3676 Quae.
531 3605 563 3662 5⁰
584 3605 634 3662 An
657 3601 750 3663 soleat
763 3603 934 3683 jejuniam,
960 3605 1014 3682 qui
1036 3603 1128 3663 sumit
1155 3601 1265 3683 foliam
1295 3602 1410 3683 tabaci,
1442 3604 1487 3666 cel

216 3712 333 3764 aroma,
348 3699 384 3750 at
395 3689 533 3752 dentibus
548 3699 700 3766 conterat,
714 3701 741 3753 et
750 3691 927 3772 pblepmata
942 3690 1089 3772 exspuat?

255 3781 343 3859 Iiesp.
365 3778 443 3858 Nep.
457 3777 670 3859 probabiliter,
688 3779 811 3842 etiamsi
825 3778 1012 3859 deglutiatur
1025 3784 1135 3860 pretor
1147 3779 1351 3844 intentionem
1371 3781 1488 3864 ah'quid

216 3869 372 3931 modicum
394 3867 474 3930 succi
497 3867 600 3930 salivae
620 3866 862 3947 inseparabiliter
880 3868 990 3942 mixti3
1008 3868 1082 3948 quia
1104 3868 1130 3931 si
1150 3887 1221 3931 casu
1236 3868 1268 3930 id
1286 3869 1485 3950 deglutiatur,

168 4009 172 4015 .
216 3974 278 4018 non
294 3975 347 4036 per
363 3957 491 4019 modurn
505 3955 584 4030 cibi,
604 3957 654 4018 sed
666 3975 720 4037 per
733 3957 861 4018 modum
873 3957 975 4019 saliva
988 3957 1151 4040 trajicitur.
1167 3960 1279 4019 Omnes
1299 3965 1406 4021 autem
1418 3979 1486 4024 cou-

216 4043 361 4118 veniunt,
380 4044 558 4125 hujusmodi
573 4045 816 4107 masticationem
834 4051 906 4107 ante
924 4045 1180 4108 communionem
1197 4064 1262 4108 esse
1275 4046 1484 4124 indecentem,

217 4131 298 4193 unde
311 4149 372 4194 non
388 4133 510 4196 videtur
522 4135 694 4196 excusanda
712 4152 730 4196 a
746 4135 834 4215 culpa
847 4133 977 4210 veniali,
994 4134 1056 4196 nisi
1071 4134 1263 4198 rationabilis
1279 4135 1383 4218 aliqua
1399 4155 1487 4200 cause

217 4220 494 4283 intercedat—S.
511 4224 593 4302 Lip„
612 4223 686 4286 ibid.
791 4226 796 4236 '
849 4283 852 4292 .

257 4311 358 4384 Quaen.
376 4311 409 4370 6⁰
427 4311 478 4370 An
497 4315 593 4392 possit
607 4313 841 4389 rorramanz'care,
858 4312 914 4393 qui
930 4315 1059 4394 peritiae
1077 4312 1198 4375 dabitat
1219 4323 1322 4373 utram
1340 4325 1410 4394 pest
1429 4333 1487 4374 me-

218 4397 297 4459 diam
307 4406 422 4459 nectem
439 4398 536 4462 cibam
549 4411 603 4463 acet
614 4413 719 4483 potum
730 4403 902 4483 sumpserit,
919 4410 974 4462 aut
985 4404 1091 4484 inipso
1105 4399 1488 4483 diealiqnidcleplutieritl

257 4485 347 4570 llesp.
364 4485 492 4570 affirm.
505 4489 703 4570 probabilius.
720 4489 807 4552 Ratio
824 4496 881 4564 est,
896 4490 969 4570 quia
983 4490 1016 4552 in
1031 4509 1102 4554 casu
1118 4509 1180 4553 non
1192 4497 1311 4553 constat
1326 4491 1362 4554 de
1376 4490 1488 4554 violato
