3220 5042
487 256 531 298 na
551 255 787 302 sscnaunaro
808 256 1047 300 rannrrnarrn
1337 243 1404 302 187

132 368 164 432 id
173 366 270 430 iaciat.
284 401 322 412 -
337 369 428 430 Secus
441 371 546 428 autem
560 365 726 428 dicendum
738 372 832 441 esset,
848 365 923 428 side
937 364 1119 428 mortalibus
1134 364 1238 427 dubiis
1252 373 1403 446 ageretur,

132 453 360 536 obpoenitentis
375 453 558 534 paricidam.
1402 480 1407 490 ·

154 542 237 608 ‘tta
252 577 291 590 -
303 544 404 618 Quart.
426 545 458 605 t·
476 542 526 603 Aa
542 544 581 604 sit
603 547 766 604 necessario
786 543 985 605 absolvendas
999 543 1148 626 poeniteas
1169 547 1224 625 qai
1243 564 1301 605 aaa
1315 547 1408 625 affert

130 633 286 696 materiam
304 635 539 694 ancnssanrnut

166 723 255 803 Resp.
275 720 352 802 Nep.
365 739 424 802 per
438 739 482 796 se,
502 719 529 782 si
547 722 699 801 paenitens
718 720 942 784 absolutionem
961 741 1024 784 uon
1040 725 1139 801 petat;
1157 723 1208 784 sed
1227 721 1321 784 etiam
1341 723 1407 785 sine

130 811 318 874 absolutione
336 808 363 870 ei
384 808 522 890 permitti
547 815 646 890 potest
667 828 758 873 sacrae
780 811 911 891 Synaxis
931 810 1095 890 susceptio;
1117 810 1207 891 quia,
1224 828 1294 872 cum
1315 810 1407 874 sitin

129 904 210 962 statu
232 898 352 979 gratiae,
376 916 440 959 non
466 897 636 978 requiritur
660 900 891 961 Sacramentum
916 897 1109 961 Paenitentia
1130 900 1169 977 ad
1191 899 1282 961 illurn
1305 899 1407 980 dispo-

127 989 275 1051 nendum.
294 989 442 1048 Attamen
461 987 615 1049 ordinarie
633 987 756 1068 expedit
776 987 867 1048 talem
886 987 1054 1063 absolvere,
1070 992 1108 1049 ut
1121 995 1152 1048 et
1171 988 1276 1068 gratia
1294 987 1407 1051 sancti-

127 1075 248 1140 ficantis
269 1080 487 1156 augmentum,
510 1079 540 1138 et
561 1075 675 1158 gratias
699 1075 945 1150 sacramentales,
966 1072 1193 1157 facilioremque
1213 1084 1407 1156 peccatorum

127 1164 312 1240 venialium,
333 1181 368 1226 ac
386 1181 549 1244 poenarum
567 1163 781 1228 remissionem
800 1165 939 1248 recipiat,
962 1171 1019 1227 etc.
1035 1199 1076 1208 -
1092 1164 1243 1243 Locroia,
1260 1185 1291 1225 a.
1310 1167 1405 1240 1889,

128 1273 194 1315 cum
209 1253 289 1315 aliis.

168 1341 200 1406 Si
219 1360 369 1404 veronen
388 1343 532 1423 receperit
555 1345 824 1407 Sacramentume
845 1341 972 1406 notabili
988 1347 1142 1424 ternpore,
1158 1341 1207 1407 rel
1224 1341 1251 1403 si
1271 1340 1408 1424 indigeat

126 1430 253 1494 auxiliis
267 1430 447 1511 specialibus
461 1432 499 1493 ad
514 1431 713 1506 tentationes,
729 1451 761 1494 v.
774 1451 833 1512 gn,
849 1431 1055 1514 superandas,
1070 1437 1126 1494 aut
1137 1430 1165 1494 si
1178 1431 1243 1514 ipse
1253 1431 1407 1514 penitens

126 1519 159 1581 id
173 1519 291 1599 cupiat,
308 1525 364 1581 aut
376 1520 525 1600 postulet,
542 1524 587 1583 cst
600 1519 813 1586 absolvendus.

269 1647 480 1713 Resolves

167 1779 238 1837 sat.
251 1807 293 1819 —
307 1781 339 1836 1ο
351 1776 477 1838 Materia
491 1773 643 1838 sufficiens
658 1780 690 1837 et
699 1773 784 1836 licita
798 1773 994 1835 confessionis
1008 1782 1083 1836 sunt
1097 1773 1244 1850 venialia,
1255 1781 1311 1836 aut
1322 1791 1405 1838 anor·

128 1861 203 1922 talia
222 1861 297 1923 alias
315 1859 464 1937 confessa,
481 1863 651 1924 secundnm
671 1863 795 1944 speeiem
813 1881 899 1922 suam
918 1860 1013 1923 etiarn
1032 1861 1219 1942 genericam,
1236 1881 1267 1924 v.
1283 1881 1341 1942 gn,
1359 1881 1407 1925 aa

10 2007 14 2024 ,
124 1968 195 2011 auto
210 1969 256 2010 me
275 1949 311 2012 de
322 1953 459 2032 peccatis
472 1953 639 2032 praeteritis
656 1959 759 2011 contra
776 1952 961 2024 castitatem,
983 1954 1157 2029 caritatem,
1177 1956 1247 2024 etc,
1264 1949 1408 2030 praescin-

124 2038 226 2100 dendo
240 2055 399 2100 enumero
410 2045 441 2101 et
453 2057 470 2100 a
484 2037 724 2101 circumstantiis
736 2037 935 2119 quibuslibet.
952 2038 1041 2102 Ratio
1053 2043 1113 2114 est,
1128 2037 1203 2120 quia
1217 2039 1261 2100 sic
1275 2038 1408 2102 habetur

10 2167 12 2188 .
125 2124 274 2189 confessio
292 2127 407 2207 peccati
427 2133 457 2190 et
476 2126 601 2208 quidem
619 2125 831 2200 detomninati,
854 2127 963 2189 saltem
984 2126 1079 2190 unins
1097 2126 1133 2190 in
1152 2126 1265 2208 specie;
1286 2144 1342 2194 nec
1361 2133 1408 2191 est

125 2213 271 2294 obligatio
290 2215 423 2278 addendi
446 2233 614 2278 numerum
631 2215 821 2290 venialium,
843 2215 891 2278 rel
908 2215 1090 2277 mortalium
1104 2218 1169 2297 J‘am
1188 2215 1405 2279 remissorum.

62 2309 63 2314 ’
124 2301 210 2366 Ninil
225 2302 310 2366 enim
324 2309 370 2366 est
384 2303 418 2366 in
432 2302 532 2366 forma
545 2303 761 2379 absolutionis,
778 2303 860 2384 quod
876 2303 969 2365 talem
983 2303 1273 2368 determinationem
1292 2303 1403 2386 exigat.

125 2427 167 2436 -
181 2391 307 2470 Reater,
322 2411 354 2452 o.
370 2395 441 2456 202.
1012 2461 1014 2468 ,

167 2483 202 2543 2⁰
222 2479 256 2543 si
273 2480 343 2561 quis
360 2481 396 2542 de
413 2483 498 2544 nullo
520 2487 640 2562 peccato
661 2499 692 2543 se
713 2486 834 2544 accuset
851 2479 885 2542 in
906 2479 1099 2561 particulari,
1123 2489 1155 2545 et
1179 2482 1275 2558 dicat,
1296 2502 1326 2546 v.
1345 2501 1405 2564 gr,

125 2567 209 2630 aila't
224 2571 299 2647 saio,
315 2567 377 2630 nisi
393 2571 474 2650 quod
490 2589 567 2651 saepe
581 2568 674 2632 debui
691 2587 812 2650 peccare
826 2568 907 2632 sicut
921 2570 1022 2632 ceteri
1038 2570 1194 2645 heminae,
1212 2571 1408 2635 examinetur

127 2663 165 2718 ut
188 2657 275 2737 pueri
302 2657 475 2722 examinari
503 2660 611 2722 solent.
639 2656 672 2721 Si
695 2656 775 2720 nihil
797 2655 835 2720 ab
856 2657 967 2720 ultima
993 2658 1179 2722 confessione
1205 2659 1273 2722 elici
1295 2659 1405 2742 possit,

126 2745 331 2827 interrogetur
344 2747 381 2809 de
397 2747 464 2810 rita
481 2747 687 2828 praeterita...,
709 2765 749 2808 an
768 2764 909 2827 unquam
930 2747 971 2809 sit
989 2747 1140 2810 mentitus
1159 2746 1193 2809 in
1212 2747 1278 2810 vita
1298 2765 1405 2823 sua...,

126 2851 168 2896 an
190 2853 330 2916 unquam
352 2842 492 2916 parentes
516 2833 691 2914 offenderit,
710 2839 765 2897 aut
785 2833 885 2898 iratus
907 2833 1015 2910 fuerit,
1035 2837 1082 2898 rel
1107 2835 1247 2918 proximo
1272 2836 1408 2900 detraxe

127 2921 184 2998 rit,
201 2926 257 2985 etc.
274 2927 358 2986 eto?

168 3017 200 3075 3·
220 3014 299 3074 Cum
322 3012 526 3087 mulierculis,
549 3011 699 3075 devotulis'
721 3017 752 3074 et
774 3011 844 3074 aliis
870 3011 1037 3094 eiusmodi,
1060 3012 1115 3094 qui
1138 3011 1263 3076 nonnisi
1285 3011 1408 3075 condam

128 3105 159 3162 et
179 3099 216 3162 de
235 3101 322 3164 valde
345 3099 463 3163 levibus
486 3099 686 3175 confitentur,
706 3101 894 3174 curandum,
916 3106 952 3163 ut
969 3093 1100 3182 ‘culpam
1122 3099 1259 3184 aliquam
1283 3101 1320 3162 de
1340 3099 1408 3164 vita

128 3188 282 3269 preterita
297 3196 351 3251 aut
365 3189 400 3250 in
412 3189 524 3270 specie,
538 3193 594 3250 aut
608 3187 717 3250 saltem
728 3189 763 3252 in
775 3206 883 3269 genere
896 3188 1023 3252 addant.
1038 3191 1126 3252 'lunc
1138 3208 1209 3253 vero
1222 3191 1260 3252 ad
1274 3189 1408 3254 dolorem

129 3284 160 3340 et
179 3277 371 3360 propositum
396 3277 526 3340 excitare
547 3295 596 3339 eos
618 3277 789 3352 conaberis,
810 3283 840 3339 et
867 3277 1022 3340 absolutos
1047 3277 1082 3340 in
1104 3296 1177 3362 paco
1198 3277 1345 3340 dimittes.
1368 3311 1408 3322 ·-

128 3365 238 3446 attat,
254 3387 285 3428 a.
301 3371 350 3430 19.

168 3459 201 3518 l⁰
220 3457 270 3519 Ad
287 3457 434 3537 majorem
454 3455 647 3518 securitatem
669 3457 698 3516 et
715 3453 875 3518 certiorem
895 3453 1126 3536 percipiendum
1147 3455 1286 3520 fructum
1306 3453 1407 3536 preni-

128 3543 266 3606 tentibus
288 3545 480 3607 suadendum
498 3551 559 3619 est,
580 3547 617 3606 nt
634 3549 744 3626 praeter
764 3549 885 3624 peccata
903 3542 998 3604 dubia
1016 3548 1071 3604 ant
1091 3542 1186 3608 etiam
1205 3543 1286 3606 levia
1305 3541 1408 3628 qnoti-

129 3631 235 3709 diana,
256 3651 374 3714 semper
393 3651 429 3696 ex
444 3635 511 3714 jam
532 3629 675 3696 confessis
694 3632 879 3698 subnectant
900 3632 1008 3694 saltem
1028 3629 1165 3714 generice
1183 3631 1269 3696 alind
1289 3635 1408 3694 certum

127 3727 299 3804 peccatum,
321 3723 358 3784 de
380 3739 441 3803 quo
462 3721 673 3784 vehementius
694 3721 832 3796 doleant,
854 3739 893 3784 ne
914 3719 993 3783 forto
1014 3721 1247 3783 Sacramentum
1273 3717 1407 3804 periculi)

128 3805 336 3872 frustrationis
355 3817 537 3894 exponatur.
550 3847 589 3856 —
604 3809 714 3888 atter,
730 3829 762 3871 a.
780 3813 827 3874 19.
1396 3889 1397 3894 ¹

168 3903 201 3961 5⁰
221 3899 364 3962 Monendi
384 3917 455 3963 roro
474 3907 548 3962 sunt
566 3898 767 3982 prenitentes,
784 3898 839 3981 qui
859 3899 1037 3980 predictam
1060 3898 1182 3980 praxim
1202 3902 1346 3978 servant,
1367 3915 1407 3964 nt

128 3991 252 4050 tantum
266 4007 302 4050 er
314 3989 448 4069 quadam
461 3987 681 4052 consuetudine
695 3992 855 4070 peccatum
872 3987 944 4051 rite
957 3987 1119 4070 praeterite
1135 3985 1273 4050 clavibus
1289 3985 1406 4049 itorurn

127 4075 308 4157 subjiciant,
330 4077 500 4156 prasertim
522 4077 549 4137 si
570 4082 727 4158 peecatum
750 4075 827 4139 illud
847 4077 913 4138 lere
937 4076 993 4152 sit,
1015 4074 1090 4156 quie
1115 4074 1220 4138 subest
1241 4073 1346 4151 timor,
1366 4093 1407 4138 ne

127 4181 190 4228 non
217 4165 291 4228 satis
319 4165 453 4240 doleant,
481 4170 511 4228 et
531 4165 658 4245 proinde
681 4183 806 4246 scopum
830 4164 1033 4246 prospiciendi
1058 4162 1212 4230 validitati
1238 4168 1271 4232 et
1290 4161 1406 4226 fructui

127 4254 317 4317 Sacramenti
337 4273 398 4316 non
419 4254 587 4333 attingant.

167 4346 202 4406 6⁰
215 4341 332 4406 Sufficit
346 4345 439 4423 juxto
461 4359 568 4404 omnes
587 4341 737 4406 mrrlasio
752 4341 787 4404 in
804 4359 926 4424 perere,
941 4340 966 4404 si
982 4339 1189 4407 wesema
1203 4342 1295 4424 plane
1314 4357 1406 4420 agno-

128 4437 191 4493 scat
214 4431 337 4494 aliunde
357 4430 578 4511 paenitentem,
592 4450 623 4494 r.
640 4449 698 4512 ga,
718 4449 756 4494 ex
775 4429 889 4495 recenti
902 4429 1090 4495 anensem
1108 4430 1205 4496 latins
1226 4430 1315 4505 rita,
1329 4435 1401 4503 etz,

124 4523 156 4582 et
170 4519 256 4594 sciat,
272 4520 362 4582 illum
376 4537 518 4584 accusem
535 4539 567 4584 so
579 4519 656 4582 selle
674 4519 712 4584 de
728 4517 857 4600 peccatis
866 4518 1008 4600 jarn'sibi
1022 4518 1118 4596 notis,-
1133 4524 1209 4584 timo
1222 4518 1307 4584 enirn
1323 4516 1403 4581 eatis
