3206 5042
206 206 274 266 pqp
735 204 946 250 reserares

247 337 337 417 Resp.
351 353 362 394 .·
376 332 541 394 Difficultas
555 329 619 392 trec
633 326 819 408 quotidiana
834 323 937 405 praxis
949 341 1013 385 non
1025 324 1099 385 adeo
1112 323 1200 387 facile
1212 327 1355 405 solvitur,
1370 337 1492 399 nostris

204 423 374 508 praesertim
398 419 605 500 temporibus,
623 416 657 478 in
674 416 787 495 quibus
804 413 958 476 onauismi
977 412 1045 474 lues
1059 413 1200 494 undique
1214 425 1384 495 grassatur.
1410 425 1491 488 Hinc

205 515 290 578 varia
312 517 358 574 est
379 507 639 574 Confessariorum
661 502 770 584 agendi
790 501 878 564 ratio.
896 501 958 563 Alii
979 508 1120 576 censent,
1145 506 1289 585 conjuges
1314 514 1488 587 generatim
1577 506 1580 515 ¹

204 603 304 684 quoad
323 597 511 664 Matrimonii
532 613 625 658 usum
643 612 706 656 esse
723 591 970 670 interrogandos,
992 589 1066 670 quia
1087 591 1204 654 abusus
1229 596 1421 661 Matrimonii
1441 611 1487 665 est

204 688 492 761 communissimus,
507 703 563 746 nec
585 684 619 745 in
640 701 673 744 re
696 682 768 744 adeo
786 679 851 761 juri
872 684 992 741 naturae
1012 679 1149 759 opposita
1169 681 1325 746 ordinarie
1338 693 1485 766 praesumi

203 782 283 843 bona
306 779 379 840 fides
404 779 514 857 potest.
538 773 599 836 Alii
625 769 815 834 econtrario
843 768 1020 850 opinantur,
1051 767 1240 832 omittendas
1266 774 1394 838 omnino
1420 797 1483 842 esse

204 868 329 950 quasvis
347 863 616 943 interrogationes,
637 860 711 941 quia
730 862 888 938 conjugae,
905 857 974 919 licet
992 857 1147 920 onanismi
1166 860 1267 939 reipsa
1283 863 1344 937 rei,
1360 863 1436 928 forte
1448 869 1482 930 in

203 957 283 1020 bona
297 957 355 1018 fido
369 958 544 1024 versantur,
559 957 589 1012 et
603 951 660 1013 hac
675 947 800 1027 expulsa
812 951 939 1026 pergent
952 943 1157 1009 nibilominus
1179 947 1214 1010 in
1227 966 1324 1029 prava
1343 957 1480 1032 peccandi

204 1042 435 1114 consuetudine,
452 1058 507 1100 nec
519 1038 646 1119 proinde
656 1040 722 1118 jam
741 1035 875 1115 amplius
889 1033 1005 1096 absolvi
1017 1040 1179 1114 poterunt,
1196 1043 1261 1100 eta
1280 1043 1479 1105 sacramentis

204 1130 386 1211 recipiendis
398 1128 593 1189 exsulabunt.
613 1125 772 1188 Aduolans
789 1123 839 1185 his
856 1121 1003 1185 extremis
1017 1123 1239 1200 recedendum,
1257 1127 1401 1210 viamque
1417 1149 1477 1192 me-

205 1222 288 1284 diam
302 1219 478 1281 sectandam
492 1233 556 1277 esse
566 1214 791 1276 existimamus.
809 1212 943 1284 Etenim,
961 1229 999 1272 ex
1013 1230 1076 1273 una
1088 1216 1184 1292 parte,
1201 1213 1236 1276 in
1250 1233 1282 1277 re
1295 1218 1367 1280 adm
1383 1221 1476 1281 ardua

205 1315 236 1372 et
249 1308 417 1389 periculosa
435 1304 565 1366 minime
579 1303 678 1376 decet,
692 1307 729 1364 ut
746 1299 954 1363 Confessarius
976 1299 1161 1380 quaestiones
1176 1302 1360 1384 multiplices
1378 1307 1478 1369 minn-

205 1403 313 1476 tasque
327 1391 496 1474 conjugatis
515 1397 673 1472 proponat.
690 1393 774 1464 Imo,
789 1389 850 1450 nisi
870 1388 971 1468 gravis
991 1387 1072 1449 adsit
1090 1389 1302 1468 probabilitas,
1320 1396 1401 1473 quod
1415 1415 1478 1476 poe-

205 1485 308 1546 nitens
325 1480 502 1562 hujusmodi
521 1487 640 1559 peccato
660 1478 853 1558 inquinetur,
875 1478 974 1539 altum
999 1495 1119 1538 servare
1141 1478 1404 1542 debetsilentium.
1426 1487 1476 1544 Ex

205 1573 299 1635 altera
319 1577 405 1650 parte
419 1568 627 1632 confessarius
641 1568 678 1630 ab
698 1565 784 1629 omni
796 1565 963 1645 quaestione
982 1584 1045 1627 nou
1061 1583 1177 1646 semper
1193 1565 1339 1630 abstinere
1352 1575 1475 1647 potest,

205 1661 278 1742 quia
292 1678 329 1722 ex
344 1657 438 1720 officio
446 1657 559 1738 judicis
574 1656 782 1734 integritatem
797 1653 993 1716 confessionis
1002 1674 1061 1735 per
1074 1674 1103 1715 se
1118 1673 1270 1736 procurare
1283 1656 1381 1730 debet,
1396 1677 1479 1738 quo-

205 1750 261 1810 ties
285 1746 417 1827 graviter
442 1745 611 1825 suspicetur
632 1744 832 1825 poenitentem
854 1742 1033 1822 obligationi
1057 1761 1119 1806 suae
1139 1761 1200 1806 non
1219 1743 1396 1808 satisfacere.
1415 1751 1479 1809 Nec

205 1837 286 1900 dicas
301 1833 526 1898 Confessariunr
541 1832 678 1894 excusari
692 1833 729 1894 ab
745 1831 928 1910 obligatione
942 1830 1152 1911 interrogandi
1167 1832 1284 1894 ratione
1304 1834 1480 1913 gravissimi

205 1924 408 1998 incommodi,
426 1923 506 2003 quod
529 1922 563 1982 in
584 1921 729 2001 prasenti
750 1939 822 1982 casu
843 1920 987 1995 occurrit;
1009 1938 1084 1980 narn
1103 1921 1274 2000 generatim
1296 1923 1478 2002 prenitentes

205 2014 319 2094 absque
333 2019 418 2074 tanto
435 2010 628 2072 incommodo
644 2009 827 2089 interrogari
843 2015 988 2088 possunt,
1008 2008 1035 2070 si
1052 2015 1140 2071 caute
1154 2017 1184 2071 et
1199 2011 1364 2090 prudenter
1381 2031 1478 2092 proce-

205 2103 307 2174 datur,
324 2121 354 2163 r.
378 2119 436 2179 gr,
452 2099 634 2179 inquirendo
652 2097 782 2177 generali
801 2098 906 2170 modo,
929 2115 1007 2160 num
1025 2097 1144 2180 aliquid
1161 2099 1379 2163 conscientiam
1399 2101 1477 2163 circa
1583 2107 1584 2184 ξ

204 2188 393 2254 Matrimonii
417 2188 610 2250 sanctitatem
634 2189 814 2249 remordeat.
841 2187 926 2262 Quod
946 2186 972 2247 si
995 2192 1124 2266 negent,
1147 2189 1316 2267 generatim
1341 2189 1477 2251 ulteriori
1583 2203 1584 2278 p

204 2277 443 2358 interrogatione
463 2295 525 2339 non
544 2282 636 2338 erunt
654 2276 794 2355 urgendi.
814 2275 1020 2338 confirmatur
1037 2275 1100 2338 haec
1115 2277 1255 2339 doctrina
1269 2278 1380 2340 recenti
1399 2279 1478 2340 Doci-
1583 2299 1584 2306 ¹

205 2367 289 2428 sione
303 2368 338 2427 S.
358 2366 507 2444 Conprep.
527 2365 657 2444 inquis,
678 2365 727 2425 die
745 2367 778 2425 tt
803 2363 875 2426 Maii
896 2368 984 2428 1851.
1001 2365 1172 2440 Quaesitum
1189 2366 1274 2428 enim
1288 2366 1404 2442 fuerat,
1420 2386 1479 2448 qua
1583 2385 1584 2412 t

204 2460 277 2515 nota
289 2454 382 2530 digna
399 2453 461 2512 sore
490 2469 619 2530 sequens
637 2451 821 2530 propositio:
838 2452 1004 2534 Nunquam
1027 2453 1147 2534 expedit
1163 2455 1354 2535 r'oterropore
1373 2455 1411 2516 de
1425 2457 1480 2516 loc

204 2540 333 2601 motoria
348 2537 534 2618 (onanismi)
550 2539 707 2620 utriusque
721 2559 809 2600 semus
828 2542 988 2622 conjuges,
1006 2542 1122 2602 etiamsi
1132 2541 1306 2621 prudenter
1319 2545 1476 2621 Minentur,

204 2648 242 2689 reo
257 2627 413 2710 conjuges,
431 2628 491 2688 sive
505 2628 563 2702 cir,
583 2631 644 2689 sice
654 2628 773 2706 mulier,
791 2629 960 2689 abutantur
974 2631 1175 2692 Matrimonia.
1187 2633 1380 2706 Responsum
1395 2631 1477 2692 luit:

203 2717 451 2798 Propositionem
459 2763 468 2794 ,
482 2717 688 2799 proutjccot,
707 2737 769 2779 esse
783 2717 913 2799 salsam,
930 2720 1021 2780 nimis
1041 2717 1139 2778 locum
1153 2725 1180 2778 et
1196 2719 1227 2776 in
1240 2716 1333 2796 proci
1350 2718 1477 2798 por-icu-

206 2805 312 2868 losorn.
330 2843 369 2851 -
391 2805 463 2868 Vide
475 2807 576 2884 infra,
595 2827 626 2867 rr.
645 2809 715 2870 930.

243 2899 314 2959 925.
330 2931 369 2941 -
383 2897 484 2969 Quae.
501 2899 534 2957 2⁰
550 2896 599 2956 Aa
613 2915 690 2957 ocor
705 2897 864 2958 debitomc
878 2900 944 2958 ciro
959 2899 1098 2958 ononisto
1111 2903 1210 2978 petere
1222 2894 1339 2978 possit?

242 2985 331 3064 Resp.
348 2983 475 3063 Affirm.
491 2983 698 3064 probabilius,
712 2985 799 3065 gravi
811 2987 848 3047 de
863 3003 969 3060 causa,
984 3005 1015 3048 v.
1033 3004 1091 3066 gr,
1108 2985 1134 3048 si
1148 2985 1281 3065 periculo
1289 2984 1478 3047 incontinen-

203 3073 254 3134 tire
266 3073 333 3151 ipse
346 3077 531 3150 exponatur3
548 3073 621 3154 quia
632 3077 684 3155 jus
700 3073 793 3136 habet
811 3075 849 3136 ad
871 3075 1025 3155 copulam,
1043 3082 1073 3136 et
1092 3093 1110 3136 a
1129 3077 1248 3154 peccato
1262 3072 1479 3155 cooperationis

202 3160 469 3224 excusatur-lta
484 3161 520 3223 S.
537 3161 619 3242 Lip„
636 3183 666 3223 n.
684 3167 753 3225 etr.
771 3162 820 3225 Sic
834 3161 927 3225 ctiam
940 3162 1364 3224 declaravitPoeuiterrtiarios
1376 3162 1481 3242 Major·

203 3250 296 3316 Card.
305 3250 340 3311 de
347 3249 495 3331 Gregorio
504 3250 537 3312 in
547 3251 755 3314 admonitione
765 3252 803 3313 ad
812 3251 952 3331 praefatas
967 3255 997 3314 S.
1007 3251 1245 3314 Poenitentiariae
1256 3249 1477 3330 responsiones,

201 3338 344 3418 quamvis
357 3339 463 3414 addat,
481 3339 517 3400 S.
534 3339 799 3401 Paenitenticm'om
814 3340 967 3404 haedere
984 3338 1168 3403 decisionem
1180 3340 1250 3402 dare
1264 3357 1424 3400 recusasse.

240 3430 309 3490 926.
320 3463 360 3472 -
371 3430 472 3503 Quen.
487 3433 520 3490 3⁰
531 3429 583 3488 Are
592 3439 695 3510 peccet
704 3449 784 3490 ocor
796 3448 968 3491 consensum
978 3433 1132 3490 internum
1144 3427 1291 3510 voluptati
1296 3425 1482 3508 pretende,

200 3515 321 3596 quondo
335 3527 433 3579 actum
448 3518 638 3598 conjugalem
654 3521 719 3580 ciro
733 3523 880 3580 ononistae
893 3518 1068 3599 permittere
1080 3517 1200 3600 potest?

239 3605 329 3686 Resp.
351 3605 442 3686 Nep„
461 3607 552 3668 modo
573 3625 732 3670 assensum
750 3613 869 3687 peccato
890 3605 949 3669 viri
971 3626 1032 3670 non
1051 3606 1197 3688 prebeat.
1219 3606 1309 3670 Ratio
1328 3610 1390 3679 est,
1406 3605 1482 3684 quia

198 3711 269 3755 cum
280 3694 409 3756 minimo
419 3701 519 3774 peccet
531 3701 635 3757 actum
645 3696 823 3777 hujusmodi
831 3696 1167 3778 permittendo,neqne
1175 3701 1278 3775 peccat
1288 3693 1482 3774 voluptatem
1583 3755 1584 3764 ,

198 3799 235 3844 ex
258 3801 293 3844 ea
310 3782 542 3863 provenientem
565 3785 772 3860 admittendo,
792 3785 935 3866 quamvis
956 3785 1111 3866 praesciat,
1133 3783 1240 3846 virum
1259 3783 1400 3864 copulam
1418 3799 1482 3844 non

197 3889 262 3932 esse
281 3871 500 3952 perfecturum
517 3880 604 3935 actus
623 3874 707 3936 enim
726 3874 776 3936 ille
792 3882 839 3936 ost
858 3874 891 3936 in
910 3892 942 3936 se
959 3875 1107 3937 honestus
1125 3881 1155 3935 ct
1174 3872 1279 3935 licitus
1293 3871 1436 3944 mulieri,
1453 3877 1483 3931 ct

197 3975 338 4108 peqqrgqr
365 3981 426 4025 non
451 3967 527 4039 stat,
555 3963 722 4044 quominus
746 3963 846 4026 debito
872 3963 962 4026 modo
988 3963 1173 4044 perficiatur.
1200 3997 1239 4008 -
1270 3961 1342 4023 Vide
1370 3960 1482 4032 Cosas,

198 4065 229 4104 ll.
329 4093 335 4106 .

709 4155 957 4208 DEClSlONES

507 4265 645 4302 sicnsnuu
663 4266 901 4303 cononeosrrouou
918 4267 997 4304 cinca
1014 4267 1167 4302 osaursuou

237 4385 308 4445 927.
325 4419 365 4430 -
381 4387 407 4446 l·
426 4387 642 4450 Consuararro.
669 4411 684 4446 «
708 4389 872 4469 Episcopus
893 4393 929 4452 N.
950 4389 1127 4451 humillime
1146 4385 1298 4468 supplicat
1315 4404 1372 4466 pro
1387 4387 1490 4465 hujus

194 4477 215 4525 'o
237 4469 325 4532 dubii
340 4473 490 4536 solutione
507 4495 513 4535 :
536 4480 566 4537 l⁰
583 4477 632 4538 An
646 4476 742 4556 possit
756 4477 870 4540 absolvi
888 4477 1085 4558 mulierque
1101 4483 1258 4557 pateretur
1275 4474 1427 4556 equidem
1442 4470 1493 4533 ri-
