3220 5042
484 261 526 303 oa
552 259 789 303 snenaunuro
815 260 1053 306 rmnrrasrrrs
1335 249 1404 310 25¹1

130 373 276 452 frequens
291 369 484 443 scandulum,
501 380 554 430 aut
568 369 661 429 ulium
679 369 877 430 necessariam
894 390 1033 444 censoru,
1052 371 1150 454 aliqui
1164 373 1339 453 hujusmodi
1356 396 1406 438 ce-

131 480 183 521 sus
198 459 376 520 nominatim
391 457 567 519 reservandi
581 457 774 534 viderentur,
785 477 881 538 neque
896 479 993 532 casus,
1004 461 1036 520 in
1052 460 1159 542 quibus
1172 461 1333 536 absolutio,
1347 465 1407 526 uisi

133 569 200 609 cum
219 548 425 620 restitutione,
448 547 497 608 vel
512 547 702 608 ensecntione
717 565 819 606 eornm
841 545 883 607 ad
895 565 963 628 quoe
972 549 1156 628 poenitentes
1172 559 1327 625 tenentur,
1344 573 1405 612 non

133 638 292 718 confertur
296 653 308 714 ,·
323 656 419 716 neque
429 635 498 696 illos
510 637 573 717 qui,
588 636 645 696 etsi
659 635 786 696 mortale
794 645 956 715 peccatum
972 637 1129 710 inducant,
1147 640 1228 698 circa
1243 659 1290 700 res
1306 649 1405 702 tumen

130 727 223 808 parvi
241 726 384 786 momenti
408 735 581 798 versantur,
603 734 631 784 et
651 725 831 806 frequenter
855 724 935 784 inter
954 725 1065 787 idiotas
1085 727 1204 788 evenire
1226 727 1337 802 solent,
1360 731 1407 790 uti

134 815 238 876 domni
257 813 323 874 clati
333 862 340 887 ,
361 822 391 874 et
412 813 567 875 similium.
582 813 622 874 ln
641 813 774 893 peccatis
793 814 884 874 etiarn
906 813 1083 874 carnalibus
1101 816 1289 880 reservandis
1310 818 1407 879 multu

134 913 261 964 utantur
280 903 547 985 circumspectione
566 911 698 984 propter
711 901 888 982 perieulum
909 902 1138 976 scandalorum,
1159 905 1249 966 iniis
1274 907 1407 973 manime

128 993 272 1074 personis
287 993 319 1052 in
331 1011 406 1072 quus
420 990 456 1051 ob
469 1010 620 1051 necessum
635 989 676 1050 nd
688 988 713 1052 C
714 990 897 1070 onsessurios
911 991 1190 1066 extraordinarios,
1206 994 1256 1054 vel
1264 994 1407 1076 frequen-

134 1091 193 1142 tem
216 1081 346 1142 reditum
368 1079 409 1140 ud
429 1079 627 1152 Ordinorios,
651 1079 834 1158 suspicionis
855 1078 975 1160 aliquid
990 1079 1097 1141 cudere
1115 1091 1225 1162 potest.
1247 1083 1406 1144 Postremo

134 1189 200 1230 earn
209 1170 405 1250 potissimum
417 1169 523 1228 ineant
541 1177 568 1228 et
580 1177 747 1249 sequantur
758 1167 924 1240 rationem,
935 1187 1019 1249 qun,
1035 1170 1232 1231 connderutis
1245 1169 1408 1252 dilipeutei·

134 1258 282 1339 cujusque
298 1257 469 1338 prouincia
481 1277 516 1317 uc
525 1257 716 1338 populorum
730 1255 879 1330 moritus,
896 1266 1010 1317 notura
1024 1278 1059 1318 oc
1070 1259 1292 1340 propensione,
1308 1261 1407 1341 inopis

136 1348 167 1406 in
180 1345 312 1406 Domino
328 1344 472 1428 enpedire
485 1344 645 1407 videbitur.

175 1439 271 1498 sacre
289 1433 533 1514 congregationis
553 1432 771 1514 Episcoporurn
788 1437 818 1496 et
835 1434 1032 1514 Regularium
1051 1436 1184 1498 Decretis
1210 1437 1408 1500 consentiunt

137 1523 305 1586 Deeisiones
326 1527 423 1586 Sacra
447 1525 555 1602 congr.
579 1522 725 1584 concilii:
749 1521 874 1597 etenim,
890 1540 963 1585 oum
985 1524 1120 1588 adhunc
1138 1525 1276 1588 delatum
1294 1526 1404 1600 luerit,

134 1613 217 1692 quod
229 1612 395 1692 Episcopus
405 1610 649 1672 Bellicnstrensis
659 1611 886 1690 supramodum
896 1611 1034 1674 auxisset
1043 1613 1350 1692 catalogumcasuum
1361 1633 1408 1676 re-

135 1706 337 1774 servaturum,
345 1700 394 1762 die
407 1703 447 1762 29
459 1698 598 1761 ianuarii
614 1699 817 1772 tacuissem
830 1706 885 1760 aut
897 1700 935 1760 ad
947 1717 1107 1762 summum
1118 1701 1278 1764 duodecim
1291 1703 1409 1781 gravio-

135 1789 224 1850 ribus
235 1786 526 1867 erceptialipiscopi
539 1786 667 1848 arbitrio
678 1785 883 1865 designandis,
891 1793 1013 1848 ceteros
1027 1806 1042 1848 e
1055 1789 1187 1867 catalogo
1196 1789 1289 1851 deleri
1301 1790 1405 1869 jussit.

176 1877 243 1936 Huc
257 1893 353 1954 usque
365 1873 543 1937 Benedictus
559 1877 644 1948 x1v;
664 1879 694 1934 et
708 1873 861 1954 responsis
879 1876 907 1936 S.
927 1877 1035 1954 Gongr.
1052 1875 1090 1938 ab
1109 1894 1143 1938 eo
1157 1875 1257 1938 allatis
1273 1877 1345 1939 eddi
1357 1897 1408 1958 op-

135 1967 265 2044 portune
278 1962 356 2024 illud
369 1965 480 2042 potest,
495 1962 577 2042 quod
595 1961 741 2041 Episcopo
760 1961 919 2024 Miracensi
938 1961 1124 2045 (Mirepoin)
1138 1964 1248 2026 datum
1261 1971 1308 2028 est
1322 1969 1341 2028 3
1355 1969 1409 2028 lu-

134 2051 171 2114 lii
185 2055 275 2114 1677.
291 2051 467 2114 cumcuim
481 2054 510 2114 S.
526 2051 634 2114 Sedem
652 2049 702 2111 bic
718 2049 920 2113 consuluisset
936 2051 973 2113 de
986 2051 1143 2114 nonnullis
1157 2051 1409 2117 ordinationibus

135 2159 155 2202 a
169 2159 200 2202 se
214 2139 360 2214 conditis,
375 2145 405 2202 et
417 2139 499 2200 inter
513 2139 588 2200 istas
604 2137 669 2201 hae
682 2155 804 2218 quoque
814 2145 1033 2219 proponeretur
1047 2159 1054 2201 :
1073 2139 1151 2216 Ouia
1163 2141 1253 2203 multi
1265 2161 1303 2204 ev
1319 2141 1409 2205 Claro

129 2229 333 2312 procliviores
349 2236 437 2290 erunt
451 2227 494 2288 ad
507 2227 679 2301 libidinem,
694 2227 779 2288 nobis
790 2229 1011 2288 reservavimus
1026 2227 1106 2290 bunc
1124 2250 1242 2305 cusum,
1259 2251 1353 2312 eoque
1364 2251 1411 2292 se-

136 2319 249 2378 veritas
259 2317 385 2378 multum
394 2315 518 2398 profuit
531 2315 574 2377 ud
583 2335 700 2378 morum
714 2314 972 2390 reveritae-tonan,-
984 2317 1014 2378 S.
1027 2317 1225 2398 Gougregativ
1236 2319 1407 2400 respoudit:

136 2404 209 2467 Non
224 2405 428 2487 approbatur.

258 2506 452 2622 Quaesita.

178 2675 247 2734 571.
259 2708 299 2717 -
315 2673 416 2746 Qum.
435 2677 467 2734 1⁰
480 2672 529 2732 An
542 2671 720 2751 ipnorantin
735 2671 883 2752 simplicis
898 2673 1111 2732 reservationis
1127 2673 1165 2732 ab
1177 2692 1213 2733 eu
1226 2673 1411 2734 incurrendo

135 2761 282 2822 excuset?

179 2847 268 2926 Hesp.
284 2865 296 2906 .·
312 2846 449 2926 Simplex
462 2847 641 2921 reservatio,
663 2845 757 2909 idest
774 2865 843 2929 quse
861 2848 940 2910 nulli
956 2847 1152 2931 conjungitur
1166 2865 1314 2924 censurae,
1331 2849 1411 2914 divi-

136 2934 236 3007 ditur,
252 2951 306 3014 pro
321 2933 406 2998 vario
420 2933 479 2995 fine
501 2934 539 2996 ad
557 2951 650 3015 quern
669 2933 773 2996 referri
792 2939 906 3015 potest,
921 2935 956 2997 in
965 2935 1135 3017 penalem,
1149 2936 1359 2998 medicinalem
1381 2945 1412 3000 et

135 3023 277 3084 mistero.
293 3022 429 3083 Poenulis
441 3028 498 3096 est,
513 3041 582 3102 quae
596 3021 746 3085 statuitur
765 3022 972 3102 principaliter
990 3023 1024 3086 in
1047 3043 1170 3104 poenam
1188 3043 1222 3086 ac
1241 3023 1411 3088 vindictam

136 3109 267 3193 peccati;
283 3109 410 3190 ideoque
425 3110 536 3171 directe
549 3108 672 3189 respicit
683 3111 900 3188 paenitentem,
916 3129 1009 3192 quem
1026 3112 1136 3192 punire
1151 3113 1297 3175 intendit.
1316 3111 1411 3174 Medi-

138 3199 249 3262 einolis
273 3217 308 3261 ea
329 3205 392 3272 est,
415 3217 484 3280 quae
506 3199 546 3259 ad
565 3198 683 3260 bonum
702 3197 879 3260 animarum
898 3198 1035 3278 regimen
1052 3200 1224 3280 praesertim
1249 3200 1408 3281 dirigitur3

137 3289 266 3369 ideoque
285 3285 522 3368 sapientioribus
545 3292 576 3348 et
596 3284 862 3366 prudentioribus,
888 3287 1096 3367 superioribus
1115 3289 1270 3364 videlicet,
1291 3289 1412 3370 gravio-

138 3393 210 3439 rum
224 3383 415 3458 peccatorum
429 3375 653 3438 absolutionem
672 3379 821 3448 reservat,
838 3382 874 3437 ut
890 3375 1000 3438 melius
1016 3377 1135 3456 possint
1155 3377 1338 3440 salubriores
1353 3377 1431 3439 im-·

139 3483 248 3545 ponere
262 3465 460 3545 paenitentias
475 3471 507 3528 et
524 3465 562 3527 de
577 3461 721 3526 remediis
736 3462 1005 3542 opportunioribus
1019 3463 1186 3544 providere.
1202 3467 1271 3528 Haec
1285 3465 1410 3546 respicit

138 3553 251 3617 directe
269 3553 494 3618 confessarios:
514 3551 651 3616 intendit
674 3549 760 3614 enim
784 3550 953 3631 sapientem
967 3552 1191 3635 jurisdictionis
1214 3553 1410 3617 distributio-

138 3659 226 3718 nem,
250 3646 375 3724 ejusque
400 3641 436 3705 in
458 3639 654 3705 confessariis
676 3638 873 3702 inferioribus
896 3639 1123 3704 limitationem.
1149 3643 1266 3720 dlicta,
1290 3661 1359 3723 qum
1381 3651 1412 3705 et

132 3749 230 3813 poene
244 3731 433 3793 medicinalis
451 3731 630 3812 appellatur,
650 3728 835 3810 prenitentes
851 3727 967 3792 iterum
981 3729 1093 3792 directe
1106 3729 1253 3811 respicit:
1276 3747 1310 3792 ea
1327 3730 1412 3792 eninr

138 3837 203 3882 esse
216 3819 411 3900 intelligitur,
434 3838 502 3901 qum
519 3839 573 3900 pro
590 3819 650 3881 fine
668 3817 775 3893 habet,
793 3823 828 3880 ut
841 3816 999 3895 homines,
1023 3816 1131 3881 timore
1149 3817 1296 3882 molestia
1318 3837 1411 3901 quarn

137 3907 243 3982 affert,
259 3926 277 3970 a
291 3908 483 3987 gravioribus
496 3907 625 3990 peccatis
640 3907 878 3969 absterreantur.

180 3997 321 4059 lamvero
335 3997 415 4060 circa
428 3995 612 4076 propositam
624 3994 826 4078 questionem
838 3995 907 4076 dirae
922 4003 996 4059 sunt
1010 3995 1179 4059 sententia.

179 4083 212 4146 1⁰
231 4084 392 4146 Sententia
404 4085 542 4166 affirmat
553 4101 714 4164 nunquam
724 4083 840 4145 incurri
853 4083 1020 4163 simplicem
1033 4083 1268 4148 reservationem
1278 4085 1316 4148 ab
1326 4084 1412 4166 igno-

138 4179 228 4236 rante
242 4171 338 4236 illam.
355 4173 445 4238 Ratio
459 4177 517 4247 est,
528 4174 620 4253 juxta
631 4173 795 4252 quosdam,
812 4172 885 4251 quia
901 4172 1003 4234 omnis
1020 4172 1184 4236 reservatio
1204 4174 1332 4255 poenalis
1347 4181 1409 4249 est;

139 4279 231 4342 poerra
245 4269 365 4337 autem,
387 4261 495 4344 saltem
515 4258 758 4322 extraordinaria
776 4266 807 4321 et
825 4277 893 4340 quae
914 4259 1072 4340 previderi
1092 4279 1154 4324 non
1174 4269 1290 4344 potest,
1310 4261 1411 4343 qualis

138 4357 188 4413 est
199 4350 382 4425 reservatio,
397 4367 459 4412 non
472 4348 586 4428 obligat
597 4347 806 4428 ignorantem
825 4350 917 4428 juxta
934 4347 1024 4424 alios,
1041 4347 1116 4429 quia
1129 4351 1230 4414 omnis
1245 4349 1410 4415 reservatio

138 4445 187 4502 est
198 4437 308 4514 mixta,
322 4457 376 4502 seu
387 4455 478 4518 prena
488 4443 534 4500 est
549 4437 657 4500 saltem
669 4433 874 4510 medicinalis,
890 4453 959 4515 quae
972 4435 1006 4498 in
1016 4437 1101 4500 hunc
1111 4435 1204 4502 finem
1217 4438 1408 4510 instituitur,

138 4535 178 4590 ut
190 4527 332 4590 homines
343 4527 541 4590 retrahantur
552 4525 589 4590 ab
607 4523 806 4588 atrocioribus
820 4523 963 4604 peccatis;
980 4531 1114 4590 cessante
1134 4527 1231 4609 igitur
1246 4547 1281 4591 eo
1300 4527 1360 4590 fine
1377 4526 1411 4587 in

219 4642 290 4685 corre.
302 4663 328 4672 -
346 4643 404 4685 Tou.
418 4641 449 4685 11.
1257 4632 1287 4681 17
