3180 5040
445 239 488 286 oe
507 237 764 284 ruouneervrus
786 237 828 282 er
849 235 1003 282 tunicato
1293 223 1357 285 bll

89 359 203 417 sancte
217 351 372 416 memoriae
387 349 440 413 Pio
454 352 492 426 V,
506 351 627 413 valeant
640 367 695 431 pro
714 350 775 413 solo
789 348 889 412 Officio
907 353 1059 422 Romano,
1076 348 1124 410 vel
1140 366 1180 410 an
1196 366 1250 429 pro
1265 348 1360 412 variis

88 442 199 506 Officiis
213 446 248 505 Β.
262 445 302 506 ld.
320 439 471 520 Virginis,
486 441 524 504 ab
537 440 716 504 auctoritate
728 436 888 520 episcopali
899 435 1089 518 compositis,
1103 437 1252 502 adinstar
1264 437 1360 502 Officii

89 531 242 596 Romani?

130 625 163 682 11ο
174 619 234 696 Qaai
244 619 351 682 recitat
361 619 516 700 hymnum
529 618 618 696 Veni,
631 627 760 693 creator,
772 622 842 690 etc,
857 635 918 678 non
926 617 1017 697 juxta
1027 616 1239 680 correctionem
1250 618 1359 694 metri,

89 709 142 771 scd
152 710 245 789 iuxta
259 705 427 787 pristinum
443 714 595 780 metrum,
611 705 786 768 lucratume
806 705 1035 785 indulgentias?
1052 705 1219 785 Donologiae
1233 705 1361 790 (hymni

95 797 168 858 Veni
176 843 183 866 ‚
201 795 337 876 creator)
353 795 482 858 variatio
501 795 585 857 intra
603 801 725 875 tempus
745 793 884 856 Paschale
903 800 934 856 et
951 797 1050 868 extra,
1072 801 1157 856 estne
1176 795 1212 856 de
1230 797 1363 866 essentia

88 884 189 965 operis
204 886 242 948 ad
258 884 418 946 lucrandas
433 882 662 963 indulgentias?

127 977 163 1036 ln
178 973 283 1038 Galliis
298 972 435 1054 hymnus
459 973 546 1048 Veni,
565 985 681 1032 creator
695 970 884 1052 doxologiam
897 970 990 1033 babet
1004 972 1183 1034 auctoritaie
1202 973 1360 1053 episcopali
1377 1043 1379 1048 7

86 1062 293 1142 propositam;
310 1061 364 1142 qui
380 1059 561 1141 predictum
577 1060 732 1141 hymnum
747 1060 876 1122 recitant
893 1077 964 1122 cum
977 1059 1036 1122 ista
1049 1060 1205 1139 doxologia
1220 1063 1361 1126 valeatne

87 1170 159 1214 suas
176 1150 262 1213 illius
275 1150 370 1211 lacere
384 1149 614 1230 indulgentias?

128 1245 161 1303 5⁰
175 1238 354 1318 Antiphone
372 1238 490 1320 Regino
509 1237 591 1311 coeli,
610 1255 678 1317 qua
692 1236 752 1299 dici
767 1237 840 1300 solet
853 1244 989 1318 tempore
1006 1236 1142 1300 Paschali
1161 1239 1223 1302 loco
1237 1258 1362 1320 precum

87 1329 226 1410 Aaevqetus
246 1327 386 1402 Barcini,
407 1326 554 1390 recitatur
572 1326 606 1388 in
625 1326 780 1406 aliquibus
802 1326 875 1388 locis
893 1345 964 1388 cuna
985 1327 1143 1389 versiculis
1162 1334 1194 1390 et
1211 1331 1363 1410 responsis

87 1417 220 1479 diversis
239 1417 277 1478 ab
296 1415 356 1478 illis
373 1435 441 1496 quae
461 1416 574 1477 dantur
592 1415 626 1476 in
645 1413 807 1476 Breviorio
823 1417 981 1478 Romano:
996 1433 1036 1478 an
1056 1415 1192 1479 recitatio
1212 1419 1363 1497 praedicte

86 1505 266 1586 antiphonae
281 1524 350 1567 cum
365 1505 427 1567 ista
441 1503 681 1566 commutatione
690 1507 743 1584 jus
758 1505 808 1566 det
822 1505 937 1585 aequale
951 1505 990 1567 ad
1003 1504 1233 1584 Indulgentiae?

129 1593 251 1670 Quibus
265 1593 371 1656 Dubiis
384 1592 422 1654 ab
437 1591 700 1655 Eminentissimis
714 1592 855 1655 Patribus
869 1593 962 1656 sacris
976 1592 1178 1673 Indulgentiis
1192 1596 1363 1676 praepositis

86 1684 119 1745 in
136 1682 271 1764 generali
291 1681 530 1762 congregatione
544 1682 625 1761 apud
639 1681 821 1742 Vaticanum
838 1681 887 1743 die
905 1681 1014 1761 quinta
1031 1681 1132 1744 Martii
1149 1688 1226 1746 l855
1239 1684 1361 1760 habita,

85 1781 212 1836 mature
224 1771 380 1851 perpensis
396 1777 526 1850 votoque
538 1769 754 1832 consultorum
768 1770 888 1844 audito,
902 1769 952 1832 die
964 1774 1002 1832 16
1015 1769 1090 1831 lulli
1102 1774 1180 1835 1855
1193 1771 1318 1836 fuerunt
1329 1773 1363 1835 in

85 1867 160 1924 voto
174 1859 406 1922 rescribendum
421 1876 484 1920 csso
498 1877 505 1918 ε

595 1955 789 2037 Affirmotice
804 1956 843 2018 ad
857 1955 990 2037 primam
1004 1961 1131 2037 partem.

596 2043 743 2125 Nepotive
808 2046 846 2107 ad
861 2046 1035 2108 secundam.

596 2147 743 2228 Nepotice
808 2151 846 2213 ad
862 2151 992 2230 primam
1007 2157 1137 2232 partem,

595 2237 793 2320 Affirmatioe
809 2239 847 2301 ad
861 2240 1036 2302 secundam.

596 2342 793 2424 Affirmotioe
809 2345 846 2406 ad
862 2344 994 2424 primam
1008 2351 1137 2425 partem.

595 2431 744 2514 Nepotioe
810 2433 851 2494 ad
868 2433 1042 2496 secundam.

273 2538 320 2600 Ad
347 2544 519 2618 quartum:
540 2573 580 2582 -
598 2536 745 2618 Nepotioe
809 2536 844 2600 in
857 2537 1011 2601 omnibus.

272 2643 320 2704 Ad
345 2643 493 2724 quintum
510 2661 517 2704 :
539 2678 579 2688 -
596 2641 754 2723 Nepotive.

272 2002 320 2064 Ad
333 2001 493 2082 primum:
557 1957 570 2118 l

273 2194 321 2257 dd
335 2194 525 2258 secundum:
556 2151 569 2311 l

271 2389 318 2451 Ad
331 2389 482 2452 tertium:
556 2347 568 2503 l

287 2841 435 2887 nutamus
455 2841 496 2886 AD
516 2843 649 2888 GORONAS
670 2843 702 2886 IN
724 2841 847 2888 srucluu
867 2841 982 2887 nauum
1004 2843 1170 2888 tumueras

129 2991 224 3052 1131.
238 3021 278 3031 -
292 2986 340 3048 Ad
354 2985 539 3067 quesitum:
555 2987 669 3049 Utrum
682 2986 790 3049 annuli
804 2986 889 3049 aurei
904 2987 950 3050 vel
963 2988 1113 3068 argentei,
1128 2990 1231 3052 decem
1243 2989 1367 3053 nodulis

84 3073 290 3150 circumdati,
306 3075 419 3156 quibus
434 3080 568 3138 utuntur
582 3076 723 3157 quaedam
737 3075 794 3156 piae
809 3093 942 3156 personae
956 3077 995 3139 ad
1009 3077 1171 3142 Rosarium
1180 3084 1215 3143 B.
1230 3078 1367 3160 Virginis

84 3165 303 3239 recitandum,
317 3163 454 3226 benedici
467 3163 588 3245 possim
603 3183 673 3226 cum
688 3163 834 3245 appositis
847 3163 1071 3244 indulgentiis?

126 3253 300 3334 Respondit
315 3251 587 3315 Eminentissimus
604 3253 773 3316 cardinalis
787 3255 985 3328 Castracone,
1004 3255 1255 3318 Paenitentierius
1273 3258 1367 3337 Major

84 3347 123 3407 dc
139 3342 291 3407 mandato
306 3341 483 3406 Sanctitatis
497 3344 566 3406 Sue
580 3341 714 3423 Gregorii
728 3345 815 3405 XVl:
833 3343 990 3423 Negotioe.

168 3557 210 3602 ΒΕ
231 3555 423 3602 turbaverim
444 3555 599 3602 clamitanti
620 3556 717 3608 QUOAD
738 3555 956 3601 Incubantibus
977 3557 997 3602 A
1019 3557 1091 3602 SEDE
1112 3557 1289 3603 erosrotrdn

647 3651 809 3698 GONGESSAS

129 3801 224 3862 1133.
240 3833 281 3842 -
296 3799 397 3872 Qomo.
413 3803 446 3860 l⁰
464 3798 572 3860 Utrum
588 3798 786 3879 indulgentiae
803 3795 926 3876 locales,
943 3798 1046 3874 idest,
1064 3817 1131 3880 puae
1145 3799 1266 3862 cuidam
1283 3799 1364 3876 loco,

82 3909 113 3950 o.
131 3907 199 3968 qr,
216 3885 361 3963 ecclesiae,
379 3886 475 3948 attari
487 3888 674 3970 affiguntur,
691 3887 787 3951 nullae
801 3889 863 3950 sint
878 3897 906 3950 et
919 3888 1032 3950 nullius
1046 3889 1175 3964 caloris,
1192 3888 1237 3950 ita
1251 3897 1284 3949 at
1297 3891 1367 3969 sru-

81 3987 154 4038 atra
176 3984 363 4036 conarentur
380 3975 485 4058 fideles
506 3977 577 4038 illas
596 3977 726 4054 lucrari,
751 3971 893 4060 ptiomdiu
912 3996 961 4039 eas
979 3996 1039 4038 non
1055 3977 1193 4059 permisit
1206 3977 1367 4060 publicari

84 4063 177 4126 itlius
194 4062 254 4123 loci
268 4065 460 4145 Episcopus?

126 4157 222 4230 Resp.
234 4151 387 4230 Negative,
397 4151 497 4232 quoad
507 4152 682 4216 nullitatem
690 4154 965 4236 Indulgentiarum.
973 4157 1182 4236 Exspectanda
1193 4163 1295 4220 tamen
1306 4155 1366 4218 erit

81 4238 259 4322 publicatio
274 4239 435 4313 ordinarii,
452 4247 613 4320 postquam
631 4241 698 4305 illas
712 4244 933 4324 recognoverit,
956 4251 992 4306 ut
1010 4244 1108 4308 sciant
1122 4245 1223 4308 fideles
1242 4264 1282 4308 an
1301 4243 1366 4306 sint

81 4325 294 4404 indulgentie
313 4326 454 4407 plenariae
474 4327 521 4390 vel
545 4327 702 4408 partiales,
723 4338 841 4414 atquae
861 4330 924 4394 siut
943 4331 1131 4396 conditiones
1150 4334 1312 4414 assignate
1328 4332 1366 4394 ad

80 4417 158 4481 illas
175 4413 389 4494 acquirendae.

127 4507 236 4580 Quian.
256 4507 288 4567 2⁰
305 4503 418 4566 Utrum
434 4503 647 4588 indolpentioe,
659 4504 825 4592 privilegia
840 4516 870 4570 et
882 4509 1042 4590 facultates
1052 4511 1231 4594 personales
1237 4559 1246 4590 ,
1264 4509 1297 4574 id
1310 4521 1365 4592 eat,
