3224 5044
228 249 299 310 696
760 259 970 305 reserares

231 379 357 436 tenetur
371 391 409 435 ex
420 373 543 452 justitia
556 370 719 453 impedire,
736 389 774 432 ne
791 389 847 432 sua
861 369 979 432 actione
999 370 1093 432 etiam
1112 369 1290 449 inculpabili
1304 369 1404 450 pariat
1418 371 1507 434 alieri

229 463 378 524 damnum
393 462 475 541 quod
488 459 573 523 facile
585 477 751 540 praecavere
765 462 879 538 potest;
896 462 926 519 et
940 457 1063 520 aliunde
1077 477 1115 521 ex
1132 459 1220 538 culpa
1232 457 1293 522 levi
1310 464 1366 520 aut
1378 465 1506 522 tantum

229 549 379 613 materiali
393 551 544 612 ordinarie
557 567 619 611 non
633 546 732 610 oritur
747 546 890 626 obligatio
905 563 976 608 oum
991 547 1077 626 gravi
1091 546 1295 609 incommodo.
1309 583 1350 592 -
1365 547 1403 609 S.
1417 548 1504 630 Lae„

227 661 259 700 6.
276 644 346 702 661.

267 733 337 792 ola
351 761 392 772 -—
403 729 504 802 oona.
518 731 552 789 60
562 724 612 786 Ad
628 725 703 807 qaid
716 732 854 786 teneone·
872 723 1085 805 Confessaiius
1105 723 1157 806 qai
1170 724 1270 786 6611611
1280 743 1401 786 monere
1411 729 1507 807 paeni-

228 827 342 878 tentem.
358 816 394 876 de
409 816 603 876 restitutione
619 813 784 895 facienda?

269 905 358 987 desp.
372 908 405 966 1ο
418 922 426 965 :
440 906 575 966 Tenetur
588 917 712 965 monere
722 899 924 982 penitentem
938 900 1022 963 intra
1034 899 1255 964 mnimsionern
1268 902 1305 964 de
1319 901 1504 982 obligatione

161 1033 168 1044 ·
229 1011 302 1057 cum
316 993 420 1073 aliquo
433 993 636 1066 incommodo,
647 991 673 1053 si
685 991 771 1053 nulla
783 996 838 1053 aut
849 989 924 1052 levis
937 996 1061 1052 tantum
1073 990 1162 1069 culpa
1172 989 1384 1060 intervenerit.
1395 993 1502 1055 saltem

114 1131 117 1138 .
227 1083 346 1145 ratione
360 1081 518 1157 Caritatis;
534 1079 643 1162 majori
657 1083 759 1142 autern
778 1095 850 1142 cum
870 1079 1077 1151 incommodo,
1095 1077 1121 1139 si
1140 1078 1174 1140 in
1190 1077 1356 1142 omissione
1369 1081 1503 1160 graviter

226 1171 404 1253 peccaverit.
419 1170 521 1232 -Ito
534 1169 733 1230 communiter
746 1185 817 1230 cnm
834 1167 871 1230 S.
888 1168 972 1248 Liq,
986 1187 1018 1228 6.
1034 1171 1105 1229 661.

266 1259 359 1341 Besp.
375 1263 428 1320 2⁰:
443 1257 633 1320 Probabilius
649 1275 713 1318 non
725 1262 848 1319 tenetur
863 1255 1038 1330 restituere,
1055 1253 1177 1318 etiamsi
1192 1256 1396 1319 monitionem
1411 1259 1499 1321 omit

226 1349 318 1410 tendo
332 1347 466 1427 gratim
480 1344 662 1425 peccaverit;
676 1343 771 1419 ratio,
786 1345 860 1424 quia
878 1343 1091 1407 Goniessarius
1109 1361 1172 1407 non
1191 1348 1313 1406 tenetur
1326 1363 1363 1407 ex
1377 1348 1500 1427 justitia

225 1435 375 1515 impedire
390 1436 541 1497 damnum
556 1435 632 1515 ejus,
648 1433 698 1495 oui
713 1433 841 1495 debetur
859 1433 1026 1496 restitutio.
1040 1467 1081 1478 -
1093 1432 1200 1495 Recole
1214 1431 1297 1494 dieto
1315 1435 1350 1495 in
1367 1445 1501 1498 tramam

225 1523 263 1585 de
281 1523 410 1587 ,lustitia
430 1531 459 1584 et
481 1521 573 1600 Jure,
591 1521 646 1583 ubi
668 1521 705 1582 de
726 1519 969 1601 cooperatoribus
989 1521 1155 1600 negativis,
1171 1539 1203 1584 a.
1223 1525 1294 1584 691.
1311 1557 1351 1568 -
1363 1521 1401 1584 S.
1416 1526 1496 1606 Liy,

227 1612 305 1673 ibid.

264 1705 335 1765 616.
347 1735 387 1746 -
401 1701 502 1775 Quna.
514 1705 547 1763 3⁰
561 1699 611 1758 rin
627 1707 765 1760 teneatur
778 1699 820 1759 od
834 1701 1054 1760 restitutionem
1066 1703 1129 1780 qai,
1145 1717 1183 1760 ea
1196 1699 1256 1761 levi
1266 1710 1383 1762 6661661
1397 1702 1497 1784 calpa,

219 1793 421 1872 penitentem
432 1789 470 1850 ab
483 1788 665 1870 obligatione
680 1787 863 1849 restituendi
877 1787 976 1866 solvit,
987 1789 1014 1847 si
1022 1787 1131 1849 deinde
1142 1788 1278 1869 66911961
1291 1809 1358 1851 eam
1368 1809 1495 1868 monete,

225 1899 293 1938 6666
306 1878 400 1958 focile
412 1877 532 1959 poss-it?

263 1967 352 2050 Resp.
368 1968 395 2028 A
398 1965 498 2048 [firm.
514 1965 603 2030 Ratio
619 1971 680 2039 est,
698 1965 772 2044 quia
791 1966 861 2027 licet
879 1961 1086 2027 Gonlessarius
1104 1965 1170 2026 sine
1187 1966 1274 2046 culpa
1293 1967 1398 2028 saltem
1410 1968 1499 2046 gravi

223 2056 424 2136 paenitentem
444 2053 592 2116 exemerit
615 2071 633 2114 a
654 2054 864 2129 restitutione,
888 2060 1007 2128 tamen,
1029 2071 1099 2115 cum
1118 2057 1183 2135 ejus
1209 2054 1369 2116 eonsilium
1391 2065 1500 2135 pergat

223 2144 351 2206 influere
374 2143 409 2206 in
430 2144 580 2205 damnum
601 2142 775 2218 creditoris
793 2143 872 2223 ipse,
895 2142 1015 2221 cognito
1038 2160 1154 2215 erroro,
1175 2147 1299 2205 1666166
1320 2161 1355 2204 ex
1373 2145 1501 2224 justitia

224 2249 347 2295 oausam
358 2232 464 2294 damni
477 2231 606 2304 auferre,
614 2229 641 2292 si
654 2230 739 2292 facile
753 2230 945 2311 possit-S.
956 2230 1041 2311 Liq,
1055 2251 1086 2291 a.
1097 2234 1170 2304 666,
1184 2239 1212 2291 et
1226 2230 1283 2291 olii
1292 2234 1499 2296 communiter.

264 2323 364 2395 Qonn.
381 2325 414 2382 4⁰
429 2319 477 2380 An
493 2319 708 2400 t'cnfeasurius
721 2322 787 2380 sine
798 2319 971 2401 paenitentis
985 2319 1111 2379 licentio
1121 2320 1221 2401 possit
1234 2331 1322 2382 extra
1337 2323 1500 2402 consessio-

224 2429 290 2470 nem
305 2429 373 2468 cum
385 2427 417 2470 eo
431 2408 512 2488 toqui
526 2409 562 2469 de
577 2407 694 2488 61616616
709 2410 866 2469 commisso
881 2407 1134 2488 inconfusione?

263 2497 353 2578 Hesp.
370 2497 462 2576 Neo,
476 2497 503 2558 si
524 2497 676 2576 penitens
694 2499 761 2577 jam
784 2495 970 2571 discesserit;
986 2497 1080 2571 ratio,
1102 2497 1177 2577 quia
1193 2495 1325 2560 monitio
1343 2499 1397 2562 illa
1414 2507 1500 2563 entra

223 2585 444 2648 confessionem
458 2603 585 2647 onerosa
598 2592 645 2647 est
658 2585 833 2665 poenitenti.
849 2584 982 2647 Aliunde
995 2591 1064 2666 post
1075 2585 1297 2649 absolutionem
1312 2589 1499 2667 completum

223 2682 271 2737 est
280 2673 449 2756 judicium;
463 2691 518 2736 666
533 2673 638 2748 refert,
654 2675 735 2754 quod
749 2674 880 2736 monitio
895 2673 949 2735 liat
963 2674 1001 2736 ad
1015 2675 1221 2754 reparandum
1236 2675 1369 2756 ejusdem
1382 2677 1501 2741 666166-

224 2763 319 2826 sionis
333 2763 492 2826 delectum.
509 2800 549 2808 -
563 2763 599 2826 S.
614 2763 697 2844 Liq„
712 2785 743 2824 a.
761 2767 832 2826 666.
849 2799 888 2807 -
904 2761 1053 2838 Locroie,
1070 2783 1100 2823 n.
1117 2768 1210 2838 1716,
1227 2770 1284 2826 616.
1298 2765 1498 2828 —Attamen

224 2853 252 2914 si
265 2871 347 2915 error
360 2852 542 2916 confessarii
555 2853 682 2914 inducat
695 2852 896 2932 poenitentem
912 2852 946 2913 in
960 2851 1130 2932 periculum
1146 2851 1265 2927 salutis,
1277 2871 1308 2916 v.
1322 2873 1380 2934 gr,
1395 2853 1422 2916 si
1435 2873 1498 2917 non

224 2941 418 3016 absolvisset,
433 2941 527 3004 etiam
542 2957 605 3002 non
618 2941 713 3020 petita
727 2940 849 3003 licentia
862 2945 964 3020 posset
974 2957 1010 3002 ex
1022 2940 1153 3020 abrupto
1165 2957 1299 3002 errorem
1318 2959 1411 3004 mum
1431 2961 1499 3024 epe·

224 3031 294 3104 rire,
309 3029 446 3104 dicendo,
463 3049 493 3091 v.
510 3047 568 3108 gn,
585 3045 616 3090 se
627 3047 690 3090 non
705 3029 885 3104 absolvisse;
903 3047 965 3110 qua
978 3029 1096 3090 ratione
1110 3047 1183 3090 sano
1199 3047 1254 3091 666
1270 3029 1407 3110 sigillum
1419 3031 1499 3094 1666-

224 3118 324 3198 gitur,
347 3135 401 3180 nec
429 3116 620 3180 rationabilis
648 3118 756 3180 adesse-
778 3124 877 3198 potest
908 3117 1089 3197 paenitentis
1117 3116 1254 3180 offensio.
1282 3153 1323 3164 -—
1349 3119 1387 3183 S.
1414 3121 1498 3202 leq,

224 3228 256 3268 o.
276 3211 346 3271 619.
430 3217 435 3226 “

594 3338 611 3420 §
632 3335 678 3403 ll.
698 3338 745 3403 De
758 3338 871 3424 sigillo
890 3336 1120 3423 confessionis.

264 3496 406 3576 Sigillum
429 3494 624 3559 confessionis
644 3499 688 3558 est
706 3495 846 3576 religiosa
865 3497 1009 3576 obligatio
1031 3496 1174 3559 servandi
1187 3502 1334 3559 secretum
1349 3495 1428 3558 circa
1443 3516 1495 3570 66,

224 3605 292 3667 quae
306 3604 342 3647 ex
354 3584 538 3647 confessione
553 3584 766 3646 sacramentali
780 3585 901 3664 cognita
916 3590 999 3648 sunt.
1099 3600 1101 3604 ’

264 3673 420 3755 Agendum
436 3678 468 3736 1ο
482 3673 519 3734 do
530 3672 714 3751 obligatione
727 3672 835 3752 sigilli;
849 3707 890 3719 -
901 3679 935 3736 6ο
946 3675 983 3736 de
996 3675 1132 3756 subjecto
1145 3674 1251 3755 sigilli;
1266 3705 1304 3720 -—
1320 3677 1353 3739 3⁰
1366 3675 1403 3738 (lc
1417 3675 1501 3758 obje-

224 3766 270 3824 cto
285 3762 390 3841 sigilli3
404 3767 490 3824 -10
504 3762 540 3823 de
555 3761 649 3824 uariis
663 3759 761 3824 modis
773 3761 850 3825 illud
864 3761 1010 3825 violandi.

776 3953 914 4000 PUNGTUM
934 3955 944 3999 1

687 4077 727 4131 Dc
744 4073 918 4145 obligatione
932 4075 1032 4148 sigilli.

348 4211 568 4300 Principia.

268 4355 338 4413 611.
354 4385 394 4399 --
412 4358 435 4416 1.
452 4363 548 4424 Datur
570 4362 765 4427 strictissima
785 4364 931 4444 obligatio
954 4363 1173 4428 inviolabiliter
1194 4364 1337 4428 servandi
1360 4363 1496 4445 sigillum

227 4436 622 4514 6661666616.66661611ο
634 4469 672 4514 ex
686 4453 764 4534 jare
782 4453 937 4532 nom-ali,
961 4460 992 4516 et
1011 4453 1137 4534 quidem
1159 4451 1250 4518 titulo
1271 4453 1496 4535 161611611ῑὶ6,

229 4534 298 4589 tum
312 4525 480 4608 religionis
494 4539 527 4596 6ο
541 4555 579 4600 ex
586 4540 659 4619 jose
678 4541 782 4604 6116166
796 4545 947 4624 positivo,
965 4543 1070 4605 saltem
1087 4542 1250 4623 implicito,
1265 4542 1499 4606 6666616611-
