3198 5034
727 190 938 244 rnucruuus

316 360 516 437 Quaeslta.

232 495 281 554 10.
298 523 337 534 -
349 491 451 564 Qumn.
470 493 500 549 l⁰
514 488 566 550 Au
580 486 720 548 aduocati
731 490 850 568 possiet
868 474 1027 568 defendere
1047 505 1150 548 coccus
1163 489 1260 550 ettam
1281 493 1379 550 miuus
1398 507 1471 571 pro·

194 577 306 640 totitas
318 586 382 638 tum
396 579 534 645 reorum,¹
550 585 612 637 tum
626 583 782 637 actorum?

233 665 324 748 Hesp.
340 671 391 728 1⁰:
406 667 442 728 In
456 665 557 728 causis
570 664 725 737 civilitas,
742 665 873 746 affirm,
892 681 964 727 cum
980 665 1132 727 sententia
1150 666 1308 728 communi
1323 671 1354 728 et
1373 673 1470 742 certa,

195 755 268 836 quia
282 773 367 836 spem
380 753 491 816 habere
504 759 647 834 possunt,
663 757 698 814 ut
710 753 820 815 veritas
835 753 991 816 elucescat.
1008 787 1049 798 -
1063 753 1098 816 S.
1115 753 1186 834 Liq.
1200 775 1231 815 u.
1245 757 1315 816 iti.
1330 787 1370 799 -
1386 756 1470 838 Lup-

192 863 295 905 maou.
309 841 508 917 -Suuclrez,
526 847 631 906 contra
642 861 760 925 paucus.

234 932 322 1016 Resp.
338 937 372 994 2⁰
389 951 396 992 :
413 934 449 993 ln
464 931 565 994 musis
579 949 649 993 vero
663 930 887 1005 mutuaticae,
905 947 992 1004 reue,
1009 934 1097 1012 cujus
1115 932 1232 993 crimen
1251 949 1319 994 vere
1337 931 1468 995 dubium

193 1024 253 1098 est,
270 1020 404 1083 accusari
418 1035 481 1083 non
494 1025 594 1100 potest
607 1021 689 1100 apud
700 1019 834 1100 judicem
844 1040 850 1094 ;
861 1025 907 1093 et,
917 1019 972 1099 qui
981 1025 1141 1082 accusatos
1151 1019 1210 1082 fuit
1221 1038 1339 1100 semper
1349 1019 1471 1084 defendi

193 1116 308 1190 potest,
324 1108 447 1172 etiamsi
460 1113 613 1171 constaret
626 1109 663 1170 de
677 1108 775 1188 ipsius
792 1107 1014 1187 culpabilitate,
1033 1109 1122 1170 modo
1136 1109 1168 1170 id
1187 1107 1239 1170 fiat
1254 1109 1364 1172 mediis
1374 1109 1469 1172 bone-

194 1197 250 1260 stis
271 1204 301 1260 et
324 1197 432 1270 licitis,
456 1197 581 1260 seclusis
603 1195 716 1260 scilicet
738 1195 920 1271 mendaciis,
940 1195 1114 1271 fraudibus,
1136 1201 1191 1260 eto.
1211 1197 1298 1262 Ratio
1316 1204 1376 1272 est,
1396 1198 1471 1278 quia

194 1287 358 1350 advocatus
377 1303 464 1349 reum
483 1285 646 1348 defendens
668 1285 787 1348 nemini
805 1283 898 1348 Infert
913 1285 1078 1367 injuriam,
1097 1285 1160 1348 imo
1177 1293 1208 1347 et
1227 1305 1281 1366 pro
1301 1306 1356 1349 suo
1375 1285 1471 1350 officio

189 1377 242 1455 jus
253 1379 368 1449 tuetur,
385 1375 467 1455 quod
481 1391 551 1438 reus
565 1375 672 1449 babet,
685 1392 723 1436 ne
735 1375 954 1436 condemnetur
967 1379 1132 1454 antequam
1145 1374 1303 1454 injudicio
1314 1376 1470 1438 convictus

193 1463 296 1526 buerit.
313 1499 351 1508 -
366 1463 402 1526 S.
415 1464 483 1546 Lt'y.
500 1483 531 1525 u.
547 1467 618 1528 220.

234 1557 283 1614 II.
300 1587 339 1598 -
358 1555 459 1627 Quaen.
482 1555 514 1615 2⁰
535 1551 586 1614 Ad
603 1551 678 1634 quid
694 1561 829 1614 tenuetur
847 1552 1011 1612 advocatus
1031 1552 1151 1612 rationu
1172 1551 1328 1614 honorarii
1344 1573 1392 1614 seo
1412 1557 1469 1614 sti-

191 1639 321 1722 penui?

234 1730 323 1812 Resp.
341 1735 373 1792 1⁰
391 1749 398 1791 :
413 1730 512 1806 Nihil,
528 1729 696 1809 generatim
710 1729 875 1810 loquendo,
890 1733 989 1808 potest
999 1729 1130 1809 accipere
1145 1730 1223 1792 ultra
1232 1733 1371 1811 justum,
1389 1732 1469 1812 quod

194 1818 241 1879 vel
260 1818 323 1898 loge
343 1817 419 1881 Iurte
439 1824 582 1880 taxatum
606 1818 660 1892 sit,
684 1818 731 1880 rel
750 1817 865 1898 judicio
888 1817 1089 1897 prudentium
1109 1824 1156 1879 est
1180 1818 1466 1894 determInandum,

192 1906 299 1968 habita
321 1905 439 1970 ratione
459 1907 588 1988 negotii,
607 1905 721 1986 peritiae
741 1906 893 1980 advocati,
912 1903 1025 1968 laboris
1046 1924 1138 1986 quem
1162 1907 1327 1986 impendit,
1347 1915 1377 1969 et
1397 1925 1469 1972 con-

194 1995 368 2058 suetudinis
383 2001 518 2076 receptes.

235 2083 326 2165 Hesp.
343 2088 377 2145 2⁰
392 2104 399 2145 :
414 2084 518 2159 Quoad
531 2101 677 2164 pauperes
692 2082 726 2144 in
740 2083 915 2161 particulari
935 2089 967 2146 t⁰
983 2087 1105 2146 tenetur
1123 2083 1257 2163 gratuito
1277 2102 1468 2160 succurrere,

194 2171 290 2234 etiam
300 2189 371 2234 uum
385 2172 472 2252 gravi
486 2191 541 2234 suo
555 2170 762 2245 incommodo,
779 2170 818 2232 iis
834 2171 888 2251 qui
903 2171 937 2232 In
951 2176 1088 2234 extrema
1102 2171 1281 2234 necessitate
1292 2178 1467 2250 versantur3

194 2263 227 2322 2⁰
243 2260 320 2322 item
334 2261 388 2334 iia,
404 2259 505 2340 quiin
517 2259 603 2340 gravi
615 2259 794 2322 necessitate
803 2258 973 2334 exsistunt,
987 2264 1111 2322 tenetur
1122 2259 1216 2339 gratis
1230 2262 1427 2340 patrocinari,
1440 2269 1473 2325 et

195 2348 321 2428 quidem
343 2348 400 2410 sub
421 2354 541 2428 peccato
561 2347 701 2422 mortali,
726 2365 789 2409 non
814 2353 918 2409 tamen
940 2365 1011 2409 eum
1034 2348 1164 2410 notabili
1187 2366 1242 2410 suo
1263 2349 1472 2426 Incommodo;

197 2441 230 2501 30
244 2436 376 2516 denique
390 2437 484 2498 etiam
495 2435 530 2499 in
543 2436 702 2500 communi
717 2435 896 2498 necessitate
907 2454 1014 2498 causas
1027 2454 1197 2516 pauperum
1211 2437 1291 2499 tueri
1303 2443 1424 2501 tenetur
1435 2457 1473 2502 ex

195 2523 342 2600 mutate,
369 2543 431 2588 non
453 2529 556 2587 tamen
579 2543 651 2588 cum
672 2525 758 2604 gravi
782 2525 998 2587 incommodo:
1020 2524 1133 2588 suffieit
1151 2524 1279 2600 scilicet,
1302 2533 1337 2588 ut
1355 2527 1474 2607 aliquid

195 2611 315 2693 operis,
332 2613 455 2694 quando
474 2613 513 2675 ab
534 2612 602 2676 aliis
623 2619 724 2688 vacet,
742 2612 786 2674 eis
807 2613 963 2693 largiatur.
980 2649 1019 2658 -
1032 2611 1123 2676 Hom.
1147 2623 1253 2696 opust,
1277 2622 1365 2676 tract.
1388 2617 1472 2690 XIII,

195 2703 342 2764 uam.6b

236 2791 338 2866 Qum.
357 2795 388 2854 30
408 2789 492 2866 Quid
508 2793 628 2871 occipere
643 2791 737 2873 possit
756 2791 932 2862 odcucotus,
951 2795 990 2861 si,
1007 2800 1168 2874 postquam
1181 2790 1216 2854 u
1233 2792 1381 2872 stipendio
1403 2809 1473 2852 ecu-

195 2889 316 2940 veutum
330 2888 388 2955 est,
406 2879 498 2940 eliens
512 2884 660 2961 Inceptum
675 2899 795 2941 courum
808 2879 948 2940 deserat?

238 2967 327 3049 Reep.
345 2987 357 3028 .·
371 2970 472 3030 Potest
486 2973 588 3030 totum
599 2967 735 3048 exigere,
752 2967 779 3030 si
795 2985 848 3048 per
864 2985 936 3030 eum
950 2985 1012 3032 non
1026 2975 1102 3042 stet,
1123 2969 1289 3048 quominus
1303 2969 1390 3031 litem
1404 2989 1475 3050 pro-

197 3062 353 3136 sequatur,
364 3073 426 3119 non
440 3073 526 3118 secus
538 3073 572 3118 ac
586 3073 675 3118 suam
689 3073 811 3136 operam
822 3075 876 3136 pro
887 3057 990 3138 aliqua
1004 3058 1139 3120 mercede
1154 3059 1253 3120 locans
1265 3057 1383 3138 exigere
1393 3059 1473 3122 hauc

195 3149 310 3224 potest,
331 3145 358 3206 si
380 3159 434 3226 per
452 3145 667 3207 conductorem
689 3148 762 3218 stet,
784 3161 822 3206 ne
843 3163 932 3225 opera
951 3147 1148 3227 compleatur.
1173 3147 1284 3228 Eonpe
1304 3153 1424 3222 umen,
1446 3147 1475 3208 si

192 3235 279 3314 justa
291 3231 458 3296 intervenit
471 3251 563 3295 causa
575 3232 662 3294 litem
674 3233 846 3308 deserendi,
860 3251 931 3296 cum
943 3235 1009 3297 hoec
1020 3235 1153 3298 conditio
1167 3255 1285 3316 semper
1299 3236 1332 3296 in
1346 3253 1474 3298 conven-

197 3321 280 3382 tione
294 3320 554 3402 subintelligatur.
566 3357 607 3367 -
621 3321 657 3384 S.
671 3323 754 3402 Lip„
771 3319 863 3384 Hom.
880 3333 990 3405 apost,
1011 3333 1099 3388 trost.
1113 3327 1197 3397 XIII,
1213 3331 1243 3382 o.
1260 3327 1310 3385 69.

237 3413 286 3471 In.
301 3445 340 3455 ——
351 3411 452 3484 Quian.
468 3415 501 3472 40
518 3410 570 3472 Au
586 3410 661 3492 quu'd
676 3420 812 3474 teneatur
828 3411 1071 3494 adnotatusque,
1092 3411 1257 3490 causujum
1274 3412 1404 3490 incoeptu,
1421 3410 1477 3472 ud-

196 3499 624 3581 uuudemuemedpuuumt

237 3587 329 3671 Hesp.
343 3607 356 3650 :
369 3587 462 3651 Debet
476 3587 582 3652 statim
596 3589 761 3653 admonere
775 3591 811 3652 de
825 3586 981 3670 injustitia
994 3605 1106 3660 causa,
1128 3593 1159 3648 et
1177 3603 1246 3648 eum
1266 3588 1417 3662 deserere,
1434 3603 1476 3652 ne

197 3673 310 3739 damno
329 3677 445 3759 injusto
457 3682 642 3758 cooperetur.
660 3682 763 3759 Neque
776 3675 1028 3755 compositionem
1047 3675 1173 3737 suadere
1186 3680 1300 3756 potest,
1319 3675 1474 3757 siquidem

196 3762 261 3824 hee
271 3765 395 3828 nonnIsi
409 3765 443 3828 in
457 3783 489 3828 re
503 3766 597 3828 dubia
607 3767 707 3828 locum
718 3765 829 3827 habere
841 3764 939 3826 debet.
956 3762 987 3824 ai
998 3781 1070 3838 cero
1081 3779 1204 3826 causam
1215 3765 1366 3846 injustam
1377 3767 1475 3829 scisn-

196 3855 245 3911 tcr
257 3847 351 3914 fuerit
364 3855 555 3933 prosecutus,
574 3853 678 3916 omnIa
698 3853 812 3915 damna
830 3851 953 3932 utrique
971 3852 1053 3933 parti
1068 3847 1264 3917 obvenientia
1279 3871 1473 3936 compensare

197 3937 362 4001 tenebitur.
387 3941 470 4005 Parti
490 3940 574 4005 enim
592 3941 728 4004 adversa
747 3941 907 4002 restituere
926 3939 1016 4003 debet
1036 3960 1076 4003 eu
1093 3951 1216 4024 peccato
1239 3945 1472 4018 commissione,

197 4040 268 4088 oum
287 4045 377 4090 carisa
397 4030 504 4094 damni
523 4029 656 4112 positiva
673 4028 737 4109 ipsa
758 4028 866 4104 luerit;
886 4045 940 4092 suo
956 4037 1062 4093 autem
1080 4030 1199 4107 clienti,
1220 4031 1247 4094 si
1265 4033 1300 4096 in
1317 4033 1397 4097 bona
1414 4031 1473 4096 fide

197 4115 388 4190 versabatur,
411 4137 449 4179 eu
466 4128 592 4202 peccato
611 4118 798 4196 omissorum
819 4117 972 4198 siquidem
992 4135 1065 4182 eum
1086 4120 1245 4202 aruspicia
1265 4123 1302 4186 de
1319 4119 1474 4204 injustitia

196 4220 296 4268 eausa
310 4205 474 4269 admonere
485 4208 655 4272 tenebatur.

236 4293 410 4358 Advocatos
431 4299 552 4373 tamen,
575 4296 738 4360 deserendo
759 4311 882 4359 musam
903 4313 998 4378 quam
1013 4298 1165 4378 Injtrstam
1181 4315 1246 4362 esse
1264 4297 1392 4377 deurit,
1409 4311 1472 4359 aon

196 4379 285 4444 debet
298 4383 391 4446 allum
406 4389 525 4466 partam
534 4389 659 4466 juvare,
676 4401 730 4450 sau
751 4391 864 4448 murata
878 4403 942 4452 sue
954 4403 1055 4450 musa
1071 4387 1160 4451 alteri
1176 4389 1257 4470 parti
1271 4387 1418 4460 waslare,
1434 4389 1472 4448 ct

193 4473 277 4550 patet
288 4489 325 4536 ex
335 4474 404 4554 jure
418 4473 568 4550 naturali,
581 4481 613 4538 et
621 4491 761 4557 expresse
773 4475 858 4538 docet
875 4473 912 4538 S.
931 4475 1048 4552 Thous„
1063 4477 1093 4539 2.
1106 4479 1149 4551 2,
1164 4495 1197 4560 q.
1213 4479 1263 4550 n,
1281 4483 1340 4538 ort.
1357 4478 1387 4537 3.
