<?xml version="1.0" encoding="UTF-8"?>
<!DOCTYPE html PUBLIC "-//W3C//DTD XHTML 1.0 Transitional//EN"
    "http://www.w3.org/TR/xhtml1/DTD/xhtml1-transitional.dtd">
<html xmlns="http://www.w3.org/1999/xhtml" xml:lang="en" lang="en">
 <head>
  <title>
</title>
<meta http-equiv="Content-Type" content="text/html;charset=utf-8" />
  <meta name='ocr-system' content='tesseract 3.04.00' />
  <meta name='ocr-capabilities' content='ocr_page ocr_carea ocr_par ocr_line ocrx_word'/>
</head>
<body>
  <div class='ocr_page' id='page_1' title='image "./compendiumtheol03gurygoog_0307.png"; bbox 0 0 3224 5044; ppageno 0'>
   <div class='ocr_carea' id='block_1_1' title="bbox 203 117 1481 320">
    <p class='ocr_par' dir='ltr' id='par_1_1' title="bbox 203 117 1481 320">
     <span class='ocr_line' id='line_1_1' title="bbox 203 117 942 176; baseline -0.014 0"><span class='ocrx_word' id='word_1_1' title='bbox 203 117 271 176; x_wconf 76' lang='grc'><strong>291</strong></span> <span class='ocrx_word' id='word_1_2' title='bbox 731 121 942 169; x_wconf 78' lang='lat' dir='ltr'>rnacraras</span> 
     </span>
     <span class='ocr_line' id='line_1_2' title="bbox 243 227 1481 320; baseline -0.011 -18"><span class='ocrx_word' id='word_1_3' title='bbox 243 243 280 303; x_wconf 90' lang='lat' dir='ltr'>Ii.</span> <span class='ocrx_word' id='word_1_4' title='bbox 294 239 452 320; x_wconf 80' lang='lat' dir='ltr'>Objeotum</span> <span class='ocrx_word' id='word_1_5' title='bbox 466 237 559 317; x_wconf 78' lang='lat' dir='ltr'>sigilli</span> <span class='ocrx_word' id='word_1_6' title='bbox 572 242 619 300; x_wconf 88' lang='lat' dir='ltr'>est</span> <span class='ocrx_word' id='word_1_7' title='bbox 637 235 732 298; x_wconf 89' lang='lat' dir='ltr'>etiam</span> <span class='ocrx_word' id='word_1_8' title='bbox 745 233 897 316; x_wconf 86' lang='lat' dir='ltr'>quidquid</span> <span class='ocrx_word' id='word_1_9' title='bbox 915 231 950 293; x_wconf 90' lang='lat' dir='ltr'>in</span> <span class='ocrx_word' id='word_1_10' title='bbox 968 229 1153 293; x_wconf 66' lang='lat' dir='ltr'>confusione</span> <span class='ocrx_word' id='word_1_11' title='bbox 1166 227 1403 292; x_wconf 78' lang='lat' dir='ltr'>manifestatum</span> <span class='ocrx_word' id='word_1_12' title='bbox 1412 233 1481 300; x_wconf 75' lang='lat' dir='ltr'>est,</span> 
     </span>
    </p>
   </div>
   <div class='ocr_carea' id='block_1_2' title="bbox 203 315 1483 501">
    <p class='ocr_par' dir='ltr' id='par_1_2' title="bbox 203 315 1483 501">
     <span class='ocr_line' id='line_1_3' title="bbox 204 315 1481 411; baseline -0.013 -18"><span class='ocrx_word' id='word_1_13' title='bbox 204 332 292 411; x_wconf 76' lang='lat' dir='ltr'>quus</span> <span class='ocrx_word' id='word_1_14' title='bbox 310 325 451 390; x_wconf 79' lang='lat' dir='ltr'>revelatio</span> <span class='ocrx_word' id='word_1_15' title='bbox 470 328 587 389; x_wconf 85' lang='lat' dir='ltr'>rederet</span> <span class='ocrx_word' id='word_1_16' title='bbox 604 325 638 388; x_wconf 89' lang='lat' dir='ltr'>in</span> <span class='ocrx_word' id='word_1_17' title='bbox 657 341 824 405; x_wconf 82' lang='lat' dir='ltr'>gravamen</span> <span class='ocrx_word' id='word_1_18' title='bbox 842 319 1021 403; x_wconf 73' lang='lat' dir='ltr'>paenitentis</span> <span class='ocrx_word' id='word_1_19' title='bbox 1039 325 1070 382; x_wconf 86' lang='lat' dir='ltr'>et</span> <span class='ocrx_word' id='word_1_20' title='bbox 1088 317 1123 380; x_wconf 92' lang='lat' dir='ltr'>in</span> <span class='ocrx_word' id='word_1_21' title='bbox 1143 318 1249 381; x_wconf 90' lang='lat' dir='ltr'>odium</span> <span class='ocrx_word' id='word_1_22' title='bbox 1270 315 1481 391; x_wconf 86' lang='lat' dir='ltr'>Sacrameuti;</span> 
     </span>
     <span class='ocr_line' id='line_1_4' title="bbox 203 407 1483 501; baseline -0.013 -19"><span class='ocrx_word' id='word_1_23' title='bbox 203 417 278 501; x_wconf 85' lang='lat' dir='ltr'>quia</span> <span class='ocrx_word' id='word_1_24' title='bbox 294 415 430 496; x_wconf 81' lang='lat' dir='ltr'>sigillum</span> <span class='ocrx_word' id='word_1_25' title='bbox 450 414 615 477; x_wconf 87' lang='lat' dir='ltr'>inductum</span> <span class='ocrx_word' id='word_1_26' title='bbox 636 418 701 489; x_wconf 90' lang='lat' dir='ltr'>est,</span> <span class='ocrx_word' id='word_1_27' title='bbox 712 430 752 474; x_wconf 88' lang='lat' dir='ltr'>ne</span> <span class='ocrx_word' id='word_1_28' title='bbox 770 430 808 474; x_wconf 83' lang='lat' dir='ltr'>ex</span> <span class='ocrx_word' id='word_1_29' title='bbox 822 416 909 473; x_wconf 89' lang='lat' dir='ltr'>metu</span> <span class='ocrx_word' id='word_1_30' title='bbox 922 407 1117 472; x_wconf 87' lang='lat' dir='ltr'>revelationis</span> <span class='ocrx_word' id='word_1_31' title='bbox 1128 407 1232 470; x_wconf 83' lang='lat' dir='ltr'>fideles</span> <span class='ocrx_word' id='word_1_32' title='bbox 1246 425 1266 468; x_wconf 93' lang='lat' dir='ltr'>a</span> <span class='ocrx_word' id='word_1_33' title='bbox 1282 408 1483 468; x_wconf 61' lang='lat' dir='ltr'>fflramanto</span> 
     </span>
    </p>
   </div>
   <div class='ocr_carea' id='block_1_3' title="bbox 202 503 615 571">
    <p class='ocr_par' dir='ltr' id='par_1_3' title="bbox 202 503 615 571">
     <span class='ocr_line' id='line_1_5' title="bbox 202 503 615 571; baseline -0.019 0"><span class='ocrx_word' id='word_1_34' title='bbox 202 505 395 571; x_wconf 75' lang='lat' dir='ltr'>Parianae</span> <span class='ocrx_word' id='word_1_35' title='bbox 408 503 615 566; x_wconf 75' lang='lat' dir='ltr'><strong>retrahantur.</strong></span> 
     </span>
    </p>
   </div>
   <div class='ocr_carea' id='block_1_4' title="bbox 326 668 537 732">
    <p class='ocr_par' dir='ltr' id='par_1_4' title="bbox 326 668 537 732">
     <span class='ocr_line' id='line_1_6' title="bbox 326 668 537 732; baseline -0.019 0"><span class='ocrx_word' id='word_1_36' title='bbox 326 668 537 732; x_wconf 84' lang='lat' dir='ltr'>Resolves.</span> 
     </span>
    </p>
   </div>
   <div class='ocr_carea' id='block_1_5' title="bbox 202 801 1598 1780">
    <p class='ocr_par' dir='ltr' id='par_1_5' title="bbox 203 801 1482 1146">
     <span class='ocr_line' id='line_1_7' title="bbox 244 801 1482 890; baseline -0.011 -13"><span class='ocrx_word' id='word_1_37' title='bbox 244 818 313 877; x_wconf 85' lang='grc'>666.</span> <span class='ocrx_word' id='word_1_38' title='bbox 330 848 371 858; x_wconf 93' lang='lat'><em>-</em></span> <span class='ocrx_word' id='word_1_39' title='bbox 391 811 454 876; x_wconf 88' lang='lat' dir='ltr'>Sub</span> <span class='ocrx_word' id='word_1_40' title='bbox 474 810 573 890; x_wconf 84' lang='lat' dir='ltr'>sigillo</span> <span class='ocrx_word' id='word_1_41' title='bbox 593 807 789 871; x_wconf 67' lang='lat' dir='ltr'>eonmsionis</span> <span class='ocrx_word' id='word_1_42' title='bbox 808 807 938 880; x_wconf 87' lang='lat' dir='ltr'>radunt,</span> <span class='ocrx_word' id='word_1_43' title='bbox 957 811 988 869; x_wconf 81' lang='grc' dir='ltr'>1ο</span> <span class='ocrx_word' id='word_1_44' title='bbox 1007 807 1119 868; x_wconf 82' lang='lat' dir='ltr'>Omnes</span> <span class='ocrx_word' id='word_1_45' title='bbox 1136 809 1329 885; x_wconf 89' lang='lat' dir='ltr'>peccatorum</span> <span class='ocrx_word' id='word_1_46' title='bbox 1348 801 1482 864; x_wconf 90' lang='lat' dir='ltr'>eircum-</span> 
     </span>
     <span class='ocr_line' id='line_1_8' title="bbox 204 893 1481 980; baseline -0.01 -15"><span class='ocrx_word' id='word_1_47' title='bbox 204 900 445 977; x_wconf 64' lang='lat' dir='ltr'>ammirantium</span> <span class='ocrx_word' id='word_1_48' title='bbox 457 903 525 980; x_wconf 89' lang='lat' dir='ltr'>post</span> <span class='ocrx_word' id='word_1_49' title='bbox 536 897 759 960; x_wconf 88' lang='lat' dir='ltr'>absolutionem</span> <span class='ocrx_word' id='word_1_50' title='bbox 772 895 929 959; x_wconf 81' lang='lat' dir='ltr'>declaratae</span> <span class='ocrx_word' id='word_1_51' title='bbox 940 915 948 956; x_wconf 74' lang='grc' dir='ltr'><em>τ</em></span> <span class='ocrx_word' id='word_1_52' title='bbox 958 913 1031 958; x_wconf 89' lang='lat' dir='ltr'>nam</span> <span class='ocrx_word' id='word_1_53' title='bbox 1042 911 1145 957; x_wconf 89' lang='lat' dir='ltr'>uuum</span> <span class='ocrx_word' id='word_1_54' title='bbox 1154 893 1309 955; x_wconf 74' lang='lat' dir='ltr'>moraliter</span> <span class='ocrx_word' id='word_1_55' title='bbox 1323 896 1399 954; x_wconf 90' lang='lat' dir='ltr'>sunt</span> <span class='ocrx_word' id='word_1_56' title='bbox 1408 909 1481 952; x_wconf 89' lang='lat' dir='ltr'>cum</span> 
     </span>
     <span class='ocr_line' id='line_1_9' title="bbox 203 981 1481 1073; baseline -0.009 -20"><span class='ocrx_word' id='word_1_57' title='bbox 203 991 331 1073; x_wconf 80' lang='lat' dir='ltr'>peccatis</span> <span class='ocrx_word' id='word_1_58' title='bbox 341 993 408 1071; x_wconf 87' lang='lat' dir='ltr'>jam</span> <span class='ocrx_word' id='word_1_59' title='bbox 422 987 593 1051; x_wconf 73' lang='lat' dir='ltr'>assumtis:</span> <span class='ocrx_word' id='word_1_60' title='bbox 609 987 673 1049; x_wconf 89' lang='lat' dir='ltr'>imo</span> <span class='ocrx_word' id='word_1_61' title='bbox 686 985 768 1048; x_wconf 88' lang='lat' dir='ltr'>idem</span> <span class='ocrx_word' id='word_1_62' title='bbox 783 985 962 1059; x_wconf 88' lang='lat' dir='ltr'>dicendum,</span> <span class='ocrx_word' id='word_1_63' title='bbox 978 981 1101 1046; x_wconf 89' lang='lat' dir='ltr'>etiamsi</span> <span class='ocrx_word' id='word_1_64' title='bbox 1116 981 1246 1044; x_wconf 89' lang='lat' dir='ltr'>dubium</span> <span class='ocrx_word' id='word_1_65' title='bbox 1262 987 1356 1054; x_wconf 88' lang='lat' dir='ltr'>esset,</span> <span class='ocrx_word' id='word_1_66' title='bbox 1370 985 1481 1042; x_wconf 91' lang='lat' dir='ltr'>utrum</span> 
     </span>
     <span class='ocr_line' id='line_1_10' title="bbox 204 1069 1336 1146; baseline -0.011 -4"><span class='ocrx_word' id='word_1_67' title='bbox 204 1079 443 1142; x_wconf 74' lang='lat' dir='ltr'>circumstantie</span> <span class='ocrx_word' id='word_1_68' title='bbox 459 1075 614 1139; x_wconf 87' lang='lat' dir='ltr'>inordina</span> <span class='ocrx_word' id='word_1_69' title='bbox 629 1077 666 1138; x_wconf 92' lang='lat' dir='ltr'>ad</span> <span class='ocrx_word' id='word_1_70' title='bbox 680 1074 899 1137; x_wconf 84' lang='lat' dir='ltr'>confessionem</span> <span class='ocrx_word' id='word_1_71' title='bbox 914 1073 1071 1136; x_wconf 74' lang='lat' dir='ltr'>declarata</span> <span class='ocrx_word' id='word_1_72' title='bbox 1085 1069 1214 1146; x_wconf 68' lang='lat' dir='ltr'>inierint,</span> <span class='ocrx_word' id='word_1_73' title='bbox 1230 1087 1336 1131; x_wconf 88' lang='lat' dir='ltr'>neone.</span> 
     </span>
    </p>

    <p class='ocr_par' dir='ltr' id='par_1_6' title="bbox 204 1159 1598 1340">
     <span class='ocr_line' id='line_1_11' title="bbox 243 1159 1478 1246; baseline -0.009 -16"><span class='ocrx_word' id='word_1_74' title='bbox 243 1173 277 1230; x_wconf 71' lang='lat'>20</span> <span class='ocrx_word' id='word_1_75' title='bbox 291 1171 411 1231; x_wconf 79' lang='lat' dir='ltr'>Peccata</span> <span class='ocrx_word' id='word_1_76' title='bbox 423 1164 592 1246; x_wconf 86' lang='lat' dir='ltr'>complicis,</span> <span class='ocrx_word' id='word_1_77' title='bbox 609 1164 668 1226; x_wconf 89' lang='lat' dir='ltr'>etsi</span> <span class='ocrx_word' id='word_1_78' title='bbox 682 1163 797 1244; x_wconf 87' lang='lat' dir='ltr'>absque</span> <span class='ocrx_word' id='word_1_79' title='bbox 810 1163 988 1224; x_wconf 84' lang='lat' dir='ltr'>necessitate</span> <span class='ocrx_word' id='word_1_80' title='bbox 1005 1179 1075 1223; x_wconf 87' lang='lat' dir='ltr'>cmn</span> <span class='ocrx_word' id='word_1_81' title='bbox 1089 1162 1208 1240; x_wconf 87' lang='lat' dir='ltr'>peccato</span> <span class='ocrx_word' id='word_1_82' title='bbox 1221 1162 1321 1220; x_wconf 87' lang='lat' dir='ltr'>esseut</span> <span class='ocrx_word' id='word_1_83' title='bbox 1334 1159 1478 1236; x_wconf 81' lang='lat' dir='ltr'>revelata,</span> 
     </span>
     <span class='ocr_line' id='line_1_12' title="bbox 204 1250 1598 1340; baseline -0.009 -21"><span class='ocrx_word' id='word_1_84' title='bbox 204 1257 277 1340; x_wconf 91' lang='lat' dir='ltr'>quia</span> <span class='ocrx_word' id='word_1_85' title='bbox 290 1275 328 1318; x_wconf 82' lang='lat' dir='ltr'>ex</span> <span class='ocrx_word' id='word_1_86' title='bbox 341 1255 508 1316; x_wconf 88' lang='lat' dir='ltr'>intrinseca</span> <span class='ocrx_word' id='word_1_87' title='bbox 522 1252 718 1315; x_wconf 83' lang='lat' dir='ltr'>confessionis</span> <span class='ocrx_word' id='word_1_88' title='bbox 730 1252 884 1313; x_wconf 86' lang='lat' dir='ltr'>occasione</span> <span class='ocrx_word' id='word_1_89' title='bbox 898 1250 1075 1313; x_wconf 89' lang='lat' dir='ltr'>dictasunt.</span> <span class='ocrx_word' id='word_1_90' title='bbox 1597 1295 1598 1334; x_wconf 75' lang='lat'>,</span> 
     </span>
    </p>

    <p class='ocr_par' dir='ltr' id='par_1_7' title="bbox 202 1335 1598 1510">
     <span class='ocr_line' id='line_1_13' title="bbox 243 1335 1598 1422; baseline -0.007 -16"><span class='ocrx_word' id='word_1_91' title='bbox 243 1350 275 1407; x_wconf 83' lang='lat'>3·</span> <span class='ocrx_word' id='word_1_92' title='bbox 298 1341 490 1405; x_wconf 80' lang='lat' dir='ltr'>Poerutentiae</span> <span class='ocrx_word' id='word_1_93' title='bbox 510 1341 676 1422; x_wconf 78' lang='lat' dir='ltr'>imposita,</span> <span class='ocrx_word' id='word_1_94' title='bbox 695 1338 758 1401; x_wconf 91' lang='lat' dir='ltr'>nisi</span> <span class='ocrx_word' id='word_1_95' title='bbox 776 1338 853 1401; x_wconf 82' lang='lat' dir='ltr'>forte</span> <span class='ocrx_word' id='word_1_96' title='bbox 872 1338 936 1400; x_wconf 90' lang='lat' dir='ltr'>sint</span> <span class='ocrx_word' id='word_1_97' title='bbox 950 1338 1037 1402; x_wconf 82' lang='lat' dir='ltr'>valde</span> <span class='ocrx_word' id='word_1_98' title='bbox 1054 1338 1149 1412; x_wconf 81' lang='lat' dir='ltr'>leves,</span> <span class='ocrx_word' id='word_1_99' title='bbox 1167 1355 1221 1399; x_wconf 83' lang='lat' dir='ltr'>sea</span> <span class='ocrx_word' id='word_1_100' title='bbox 1239 1355 1276 1398; x_wconf 82' lang='lat' dir='ltr'>ex</span> <span class='ocrx_word' id='word_1_101' title='bbox 1289 1336 1329 1398; x_wconf 87' lang='lat' dir='ltr'>iis</span> <span class='ocrx_word' id='word_1_102' title='bbox 1343 1353 1414 1417; x_wconf 83' lang='lat' dir='ltr'>quae</span> <span class='ocrx_word' id='word_1_103' title='bbox 1427 1353 1480 1416; x_wconf 94' lang='lat' dir='ltr'>pro</span> <span class='ocrx_word' id='word_1_104' title='bbox 1597 1335 1598 1366; x_wconf 62' lang='lat'>³</span> 
     </span>
     <span class='ocr_line' id='line_1_14' title="bbox 202 1428 1164 1510; baseline -0.008 -17"><span class='ocrx_word' id='word_1_105' title='bbox 202 1431 368 1494; x_wconf 72' lang='lat' dir='ltr'>leuissimis</span> <span class='ocrx_word' id='word_1_106' title='bbox 382 1430 479 1510; x_wconf 90' lang='lat' dir='ltr'>culpis</span> <span class='ocrx_word' id='word_1_107' title='bbox 490 1429 609 1510; x_wconf 91' lang='lat' dir='ltr'>imponi</span> <span class='ocrx_word' id='word_1_108' title='bbox 625 1428 731 1490; x_wconf 90' lang='lat' dir='ltr'>solent.</span> <span class='ocrx_word' id='word_1_109' title='bbox 746 1463 787 1474; x_wconf 91' lang='lat'><em>-</em></span> <span class='ocrx_word' id='word_1_110' title='bbox 802 1428 837 1490; x_wconf 89' lang='lat' dir='ltr'>S.</span> <span class='ocrx_word' id='word_1_111' title='bbox 853 1428 925 1508; x_wconf 79' lang='lat' dir='ltr'>Lip.</span> <span class='ocrx_word' id='word_1_112' title='bbox 940 1448 971 1490; x_wconf 92' lang='lat' dir='ltr'>n.</span> <span class='ocrx_word' id='word_1_113' title='bbox 988 1431 1048 1491; x_wconf 85' lang='grc'><strong>661</strong></span> <span class='ocrx_word' id='word_1_114' title='bbox 1061 1435 1090 1487; x_wconf 81' lang='lat' dir='ltr'>et</span> <span class='ocrx_word' id='word_1_115' title='bbox 1103 1445 1164 1507; x_wconf 86' lang='lat' dir='ltr'>seq.</span> 
     </span>
    </p>

    <p class='ocr_par' dir='ltr' id='par_1_8' title="bbox 204 1513 1480 1780">
     <span class='ocr_line' id='line_1_15' title="bbox 243 1513 1479 1597; baseline -0.005 -15"><span class='ocrx_word' id='word_1_116' title='bbox 243 1525 277 1583; x_wconf 77' lang='grc' dir='ltr'>1ο</span> <span class='ocrx_word' id='word_1_117' title='bbox 289 1519 426 1582; x_wconf 81' lang='lat' dir='ltr'>Deiectus</span> <span class='ocrx_word' id='word_1_118' title='bbox 436 1516 624 1580; x_wconf 84' lang='lat' dir='ltr'>manifestati</span> <span class='ocrx_word' id='word_1_119' title='bbox 633 1534 687 1597; x_wconf 87' lang='lat' dir='ltr'>per</span> <span class='ocrx_word' id='word_1_120' title='bbox 697 1515 915 1579; x_wconf 82' lang='lat' dir='ltr'>confessionem</span> <span class='ocrx_word' id='word_1_121' title='bbox 928 1516 966 1578; x_wconf 89' lang='lat' dir='ltr'>ad</span> <span class='ocrx_word' id='word_1_122' title='bbox 976 1515 1186 1596; x_wconf 82' lang='lat' dir='ltr'>explicandam</span> <span class='ocrx_word' id='word_1_123' title='bbox 1194 1513 1308 1595; x_wconf 86' lang='lat' dir='ltr'>peccati</span> <span class='ocrx_word' id='word_1_124' title='bbox 1317 1514 1479 1590; x_wconf 88' lang='lat' dir='ltr'>rationem,</span> 
     </span>
     <span class='ocr_line' id='line_1_16' title="bbox 204 1603 1480 1689; baseline -0.008 -17"><span class='ocrx_word' id='word_1_125' title='bbox 204 1626 234 1672; x_wconf 75' lang='lat' dir='ltr'>v.</span> <span class='ocrx_word' id='word_1_126' title='bbox 247 1627 305 1689; x_wconf 73' lang='lat' dir='ltr'>gn,</span> <span class='ocrx_word' id='word_1_127' title='bbox 318 1607 345 1670; x_wconf 90' lang='lat' dir='ltr'>si</span> <span class='ocrx_word' id='word_1_128' title='bbox 358 1608 512 1688; x_wconf 74' lang='lat' dir='ltr'>poenitens</span> <span class='ocrx_word' id='word_1_129' title='bbox 527 1605 608 1668; x_wconf 89' lang='lat' dir='ltr'>dicat</span> <span class='ocrx_word' id='word_1_130' title='bbox 623 1623 654 1668; x_wconf 85' lang='lat' dir='ltr'>se</span> <span class='ocrx_word' id='word_1_131' title='bbox 668 1623 768 1668; x_wconf 90' lang='lat' dir='ltr'>sacros</span> <span class='ocrx_word' id='word_1_132' title='bbox 782 1605 909 1668; x_wconf 87' lang='lat' dir='ltr'>Ordines</span> <span class='ocrx_word' id='word_1_133' title='bbox 924 1622 997 1667; x_wconf 91' lang='lat' dir='ltr'>eum</span> <span class='ocrx_word' id='word_1_134' title='bbox 1008 1603 1232 1684; x_wconf 72' lang='lat' dir='ltr'>irregrdaritate</span> <span class='ocrx_word' id='word_1_135' title='bbox 1247 1603 1430 1684; x_wconf 85' lang='lat' dir='ltr'>suscepisse,</span> <span class='ocrx_word' id='word_1_136' title='bbox 1447 1622 1480 1664; x_wconf 82' lang='lat' dir='ltr'>eo</span> 
     </span>
     <span class='ocr_line' id='line_1_17' title="bbox 205 1692 909 1780; baseline -0.003 -21"><span class='ocrx_word' id='word_1_137' title='bbox 205 1697 284 1780; x_wconf 70' lang='lat' dir='ltr'>quoad</span> <span class='ocrx_word' id='word_1_138' title='bbox 295 1697 337 1758; x_wconf 81' lang='lat' dir='ltr'>sit</span> <span class='ocrx_word' id='word_1_139' title='bbox 350 1695 539 1777; x_wconf 75' lang='lat' dir='ltr'>illepitimus,</span> <span class='ocrx_word' id='word_1_140' title='bbox 555 1701 613 1757; x_wconf 90' lang='lat' dir='ltr'>etc.</span> <span class='ocrx_word' id='word_1_141' title='bbox 628 1728 668 1741; x_wconf 94' lang='lat'>·-</span> <span class='ocrx_word' id='word_1_142' title='bbox 681 1692 716 1755; x_wconf 91' lang='lat' dir='ltr'>S.</span> <span class='ocrx_word' id='word_1_143' title='bbox 733 1695 816 1776; x_wconf 67' lang='lat' dir='ltr'>riq„</span> <span class='ocrx_word' id='word_1_144' title='bbox 833 1694 909 1757; x_wconf 77' lang='lat' dir='ltr'>ibid.</span> 
     </span>
    </p>
   </div>
   <div class='ocr_carea' id='block_1_6' title="bbox 326 1857 521 1933">
    <p class='ocr_par' dir='ltr' id='par_1_9' title="bbox 326 1857 521 1933">
     <span class='ocr_line' id='line_1_18' title="bbox 326 1857 521 1933; baseline -0.01 -12"><span class='ocrx_word' id='word_1_145' title='bbox 326 1857 521 1933; x_wconf 71' lang='lat' dir='ltr'>Quaesitae.</span> 
     </span>
    </p>
   </div>
   <div class='ocr_carea' id='block_1_7' title="bbox 204 1999 1487 2526">
    <p class='ocr_par' dir='ltr' id='par_1_10' title="bbox 205 1999 1485 2244">
     <span class='ocr_line' id='line_1_19' title="bbox 244 1999 1440 2084; baseline -0.007 -17"><span class='ocrx_word' id='word_1_146' title='bbox 244 2008 314 2068; x_wconf 76' lang='lat'>657.</span> <span class='ocrx_word' id='word_1_147' title='bbox 330 2039 371 2048; x_wconf 95' lang='lat'>-</span> <span class='ocrx_word' id='word_1_148' title='bbox 387 2005 488 2080; x_wconf 70' lang='lat' dir='ltr'>Quas.</span> <span class='ocrx_word' id='word_1_149' title='bbox 504 2008 537 2064; x_wconf 83' lang='grc' dir='ltr'>1ο</span> <span class='ocrx_word' id='word_1_150' title='bbox 549 2002 598 2063; x_wconf 82' lang='lat' dir='ltr'>Aa</span> <span class='ocrx_word' id='word_1_151' title='bbox 613 2005 778 2065; x_wconf 65' lang='lat' dir='ltr'>arremaro</span> <span class='ocrx_word' id='word_1_152' title='bbox 790 2002 929 2084; x_wconf 77' lang='lat' dir='ltr'>scrupuli</span> <span class='ocrx_word' id='word_1_153' title='bbox 936 2002 1114 2084; x_wconf 73' lang='lat' dir='ltr'>penitentis</span> <span class='ocrx_word' id='word_1_154' title='bbox 1128 2001 1184 2063; x_wconf 78' lang='lat' dir='ltr'>aab</span> <span class='ocrx_word' id='word_1_155' title='bbox 1193 2001 1293 2082; x_wconf 76' lang='lat' dir='ltr'>siptlto</span> <span class='ocrx_word' id='word_1_156' title='bbox 1308 1999 1440 2063; x_wconf 79' lang='lat' dir='ltr'>radant?</span> 
     </span>
     <span class='ocr_line' id='line_1_20' title="bbox 205 2088 1485 2244; baseline -0.002 -91"><span class='ocrx_word' id='word_1_157' title='bbox 205 2093 336 2244; x_wconf 42' lang='lat' dir='ltr'>eligere&amp;</span> <span class='ocrx_word' id='word_1_158' title='bbox 351 2092 389 2153; x_wconf 87' lang='lat' dir='ltr'>ad</span> <span class='ocrx_word' id='word_1_159' title='bbox 404 2095 457 2153; x_wconf 70' lang='lat'>1²²¹</span> <span class='ocrx_word' id='word_1_160' title='bbox 471 2090 551 2173; x_wconf 73' lang='lat' dir='ltr'>Nep.</span> <span class='ocrx_word' id='word_1_161' title='bbox 568 2110 628 2172; x_wconf 82' lang='lat' dir='ltr'>per</span> <span class='ocrx_word' id='word_1_162' title='bbox 642 2111 686 2167; x_wconf 81' lang='lat' dir='ltr'>re,</span> <span class='ocrx_word' id='word_1_163' title='bbox 707 2089 770 2152; x_wconf 89' lang='lat' dir='ltr'>nisi</span> <span class='ocrx_word' id='word_1_164' title='bbox 788 2090 860 2153; x_wconf 89' lang='lat' dir='ltr'>inde</span> <span class='ocrx_word' id='word_1_165' title='bbox 876 2097 1024 2172; x_wconf 84' lang='lat' dir='ltr'>sequatur</span> <span class='ocrx_word' id='word_1_166' title='bbox 1039 2107 1204 2171; x_wconf 70' lang='lat' dir='ltr'>gruum</span> <span class='ocrx_word' id='word_1_167' title='bbox 1221 2088 1416 2170; x_wconf 59' lang='lat' dir='ltr'>penitentis,</span> <span class='ocrx_word' id='word_1_168' title='bbox 1432 2089 1485 2151; x_wconf 80' lang='lat' dir='ltr'>vel</span> 
     </span>
    </p>

    <p class='ocr_par' dir='ltr' id='par_1_11' title="bbox 204 2225 1487 2526">
     <span class='ocr_line' id='line_1_21' title="bbox 244 2225 1486 2351; baseline -0.002 -20"><span class='ocrx_word' id='word_1_169' title='bbox 244 2225 348 2351; x_wconf 40' lang='lat' dir='ltr'>desp..</span> <span class='ocrx_word' id='word_1_170' title='bbox 357 2269 396 2330; x_wconf 89' lang='lat' dir='ltr'>ad</span> <span class='ocrx_word' id='word_1_171' title='bbox 410 2273 464 2331; x_wconf 57' lang='grc' dir='ltr'><em>Ψ</em></span> <span class='ocrx_word' id='word_1_172' title='bbox 475 2267 617 2350; x_wconf 65' lang='grc' dir='ltr'>ΑῄἲνιηἸ</span> <span class='ocrx_word' id='word_1_173' title='bbox 630 2268 738 2330; x_wconf 85' lang='lat' dir='ltr'>saltem</span> <span class='ocrx_word' id='word_1_174' title='bbox 750 2268 916 2347; x_wconf 71' lang='lat' dir='ltr'>gemmatim</span> <span class='ocrx_word' id='word_1_175' title='bbox 928 2267 1096 2348; x_wconf 85' lang='lat' dir='ltr'>loquendo,</span> <span class='ocrx_word' id='word_1_176' title='bbox 1109 2267 1182 2349; x_wconf 74' lang='grc'><strong>6616</strong></span> <span class='ocrx_word' id='word_1_177' title='bbox 1196 2267 1417 2350; x_wconf 73' lang='lat' dir='ltr'>scrupulositas</span> <span class='ocrx_word' id='word_1_178' title='bbox 1428 2265 1486 2328; x_wconf 84' lang='lat' dir='ltr'>ali-</span> 
     </span>
     <span class='ocr_line' id='line_1_22' title="bbox 205 2355 1485 2440; baseline 0 -20"><span class='ocrx_word' id='word_1_179' title='bbox 205 2377 265 2440; x_wconf 76' lang='lat' dir='ltr'>quo</span> <span class='ocrx_word' id='word_1_180' title='bbox 283 2358 374 2420; x_wconf 90' lang='lat' dir='ltr'>modo</span> <span class='ocrx_word' id='word_1_181' title='bbox 388 2363 436 2420; x_wconf 87' lang='lat' dir='ltr'>est</span> <span class='ocrx_word' id='word_1_182' title='bbox 448 2356 579 2420; x_wconf 84' lang='lat' dir='ltr'>materia</span> <span class='ocrx_word' id='word_1_183' title='bbox 599 2355 811 2432; x_wconf 74' lang='lat' dir='ltr'>contessianiS,</span> <span class='ocrx_word' id='word_1_184' title='bbox 829 2362 860 2419; x_wconf 87' lang='lat' dir='ltr'>et</span> <span class='ocrx_word' id='word_1_185' title='bbox 878 2355 1001 2418; x_wconf 86' lang='lat' dir='ltr'>aliunde</span> <span class='ocrx_word' id='word_1_186' title='bbox 1021 2375 1058 2419; x_wconf 85' lang='lat' dir='ltr'>ex</span> <span class='ocrx_word' id='word_1_187' title='bbox 1077 2357 1133 2419; x_wconf 76' lang='lat' dir='ltr'>tali</span> <span class='ocrx_word' id='word_1_188' title='bbox 1150 2356 1397 2420; x_wconf 80' lang='lat' dir='ltr'>manifestatione</span> <span class='ocrx_word' id='word_1_189' title='bbox 1415 2373 1485 2436; x_wconf 75' lang='lat' dir='ltr'>gra-</span> 
     </span>
     <span class='ocr_line' id='line_1_23' title="bbox 204 2445 1487 2526; baseline -0.002 -18"><span class='ocrx_word' id='word_1_190' title='bbox 204 2464 315 2508; x_wconf 82' lang='lat' dir='ltr'>vamen</span> <span class='ocrx_word' id='word_1_191' title='bbox 334 2445 515 2526; x_wconf 79' lang='lat' dir='ltr'>poenitentis</span> <span class='ocrx_word' id='word_1_192' title='bbox 535 2445 716 2525; x_wconf 87' lang='lat' dir='ltr'>plerumque</span> <span class='ocrx_word' id='word_1_193' title='bbox 737 2451 925 2525; x_wconf 88' lang='lat' dir='ltr'>sequeretur.</span> <span class='ocrx_word' id='word_1_194' title='bbox 944 2447 1034 2508; x_wconf 89' lang='lat' dir='ltr'>Sccus</span> <span class='ocrx_word' id='word_1_195' title='bbox 1051 2453 1157 2508; x_wconf 88' lang='lat' dir='ltr'>autem</span> <span class='ocrx_word' id='word_1_196' title='bbox 1170 2445 1352 2522; x_wconf 83' lang='lat' dir='ltr'>dicendum,</span> <span class='ocrx_word' id='word_1_197' title='bbox 1371 2445 1398 2507; x_wconf 89' lang='lat' dir='ltr'>si</span> <span class='ocrx_word' id='word_1_198' title='bbox 1416 2445 1487 2508; x_wconf 76' lang='lat' dir='ltr'>taus</span> 
     </span>
    </p>
   </div>
   <div class='ocr_carea' id='block_1_8' title="bbox 205 2531 1598 2616">
    <p class='ocr_par' dir='ltr' id='par_1_12' title="bbox 205 2531 1598 2616">
     <span class='ocr_line' id='line_1_24' title="bbox 205 2531 1598 2616; baseline -0.005 -17"><span class='ocrx_word' id='word_1_199' title='bbox 205 2535 277 2598; x_wconf 87' lang='lat' dir='ltr'>inde</span> <span class='ocrx_word' id='word_1_200' title='bbox 297 2533 398 2616; x_wconf 91' lang='lat' dir='ltr'>potius</span> <span class='ocrx_word' id='word_1_201' title='bbox 419 2532 587 2614; x_wconf 74' lang='lat' dir='ltr'>paenitenti</span> <span class='ocrx_word' id='word_1_202' title='bbox 603 2532 776 2607; x_wconf 86' lang='lat' dir='ltr'>obveniret,</span> <span class='ocrx_word' id='word_1_203' title='bbox 793 2553 823 2595; x_wconf 80' lang='lat' dir='ltr'>r.</span> <span class='ocrx_word' id='word_1_204' title='bbox 841 2551 900 2612; x_wconf 79' lang='lat' dir='ltr'>gr,</span> <span class='ocrx_word' id='word_1_205' title='bbox 918 2533 992 2614; x_wconf 88' lang='lat' dir='ltr'>quia</span> <span class='ocrx_word' id='word_1_206' title='bbox 1010 2533 1053 2596; x_wconf 88' lang='lat' dir='ltr'>sic</span> <span class='ocrx_word' id='word_1_207' title='bbox 1071 2541 1302 2614; x_wconf 82' lang='lat' dir='ltr'>cognosceretur</span> <span class='ocrx_word' id='word_1_208' title='bbox 1317 2551 1381 2596; x_wconf 76' lang='lat' dir='ltr'>asse</span> <span class='ocrx_word' id='word_1_209' title='bbox 1392 2533 1486 2595; x_wconf 83' lang='lat' dir='ltr'>bonae</span> <span class='ocrx_word' id='word_1_210' title='bbox 1597 2531 1598 2576; x_wconf 77' lang='lat' dir='ltr'>t</span> 
     </span>
    </p>
   </div>
   <div class='ocr_carea' id='block_1_9' title="bbox 205 2620 1488 3593">
    <p class='ocr_par' dir='ltr' id='par_1_13' title="bbox 205 2620 1488 2793">
     <span class='ocr_line' id='line_1_25' title="bbox 206 2620 1488 2703; baseline -0.002 -17"><span class='ocrx_word' id='word_1_211' title='bbox 206 2642 240 2686; x_wconf 89' lang='lat' dir='ltr'>ac</span> <span class='ocrx_word' id='word_1_212' title='bbox 260 2623 412 2685; x_wconf 72' lang='lat' dir='ltr'>timoratae</span> <span class='ocrx_word' id='word_1_213' title='bbox 432 2620 635 2684; x_wconf 76' lang='lat' dir='ltr'>couscientia.</span> <span class='ocrx_word' id='word_1_214' title='bbox 653 2655 693 2666; x_wconf 92' lang='lat'>—</span> <span class='ocrx_word' id='word_1_215' title='bbox 716 2621 753 2682; x_wconf 73' lang='lat' dir='ltr'>S,</span> <span class='ocrx_word' id='word_1_216' title='bbox 771 2621 878 2702; x_wconf 76' lang='lat' dir='ltr'>Lipor.</span> <span class='ocrx_word' id='word_1_217' title='bbox 901 2643 931 2682; x_wconf 89' lang='lat' dir='ltr'>n.</span> <span class='ocrx_word' id='word_1_218' title='bbox 956 2627 1025 2685; x_wconf 81' lang='grc'><strong>611.</strong></span> <span class='ocrx_word' id='word_1_219' title='bbox 1049 2659 1088 2667; x_wconf 92' lang='grc'><strong>-</strong></span> <span class='ocrx_word' id='word_1_220' title='bbox 1109 2623 1258 2703; x_wconf 70' lang='lat' dir='ltr'>Laenate,</span> <span class='ocrx_word' id='word_1_221' title='bbox 1280 2643 1312 2683; x_wconf 83' lang='lat' dir='ltr'>n.</span> <span class='ocrx_word' id='word_1_222' title='bbox 1335 2625 1427 2686; x_wconf 75' lang='lat' dir='ltr'>retr.</span> <span class='ocrx_word' id='word_1_223' title='bbox 1442 2656 1488 2668; x_wconf 93' lang='lat'><em>-</em></span> 
     </span>
     <span class='ocr_line' id='line_1_26' title="bbox 205 2712 377 2793; baseline -0.006 -20"><span class='ocrx_word' id='word_1_224' title='bbox 205 2712 305 2793; x_wconf 75' lang='lat' dir='ltr'>Lupa,</span> <span class='ocrx_word' id='word_1_225' title='bbox 322 2715 377 2773; x_wconf 84' lang='lat' dir='ltr'>etc.</span> 
     </span>
    </p>

    <p class='ocr_par' dir='ltr' id='par_1_14' title="bbox 206 2798 1487 2970">
     <span class='ocr_line' id='line_1_27' title="bbox 245 2798 1487 2883; baseline -0.002 -20"><span class='ocrx_word' id='word_1_226' title='bbox 245 2802 348 2876; x_wconf 73' lang='lat' dir='ltr'>Quina.</span> <span class='ocrx_word' id='word_1_227' title='bbox 364 2803 397 2862; x_wconf 74' lang='lat'>2⁰</span> <span class='ocrx_word' id='word_1_228' title='bbox 409 2799 458 2860; x_wconf 87' lang='lat' dir='ltr'>An</span> <span class='ocrx_word' id='word_1_229' title='bbox 473 2798 583 2861; x_wconf 84' lang='lat' dir='ltr'>cadant</span> <span class='ocrx_word' id='word_1_230' title='bbox 595 2799 650 2860; x_wconf 84' lang='lat' dir='ltr'>sub</span> <span class='ocrx_word' id='word_1_231' title='bbox 661 2798 766 2880; x_wconf 75' lang='lat' dir='ltr'>siptlto</span> <span class='ocrx_word' id='word_1_232' title='bbox 779 2799 911 2880; x_wconf 80' lang='lat' dir='ltr'>defectus</span> <span class='ocrx_word' id='word_1_233' title='bbox 926 2801 1081 2863; x_wconf 75' lang='lat' dir='ltr'>naturales</span> <span class='ocrx_word' id='word_1_234' title='bbox 1091 2801 1281 2883; x_wconf 68' lang='lat' dir='ltr'>penetentia,</span> <span class='ocrx_word' id='word_1_235' title='bbox 1290 2821 1319 2862; x_wconf 87' lang='grc' dir='ltr'>υ.</span> <span class='ocrx_word' id='word_1_236' title='bbox 1330 2821 1392 2882; x_wconf 61' lang='lat' dir='ltr'>pr,</span> <span class='ocrx_word' id='word_1_237' title='bbox 1403 2801 1487 2882; x_wconf 80' lang='lat' dir='ltr'>quad</span> 
     </span>
     <span class='ocr_line' id='line_1_28' title="bbox 206 2887 1078 2970; baseline 0 -20"><span class='ocrx_word' id='word_1_238' title='bbox 206 2890 245 2951; x_wconf 81' lang='lat' dir='ltr'>sit</span> <span class='ocrx_word' id='word_1_239' title='bbox 257 2888 383 2967; x_wconf 82' lang='lat' dir='ltr'>surdus,</span> <span class='ocrx_word' id='word_1_240' title='bbox 402 2887 582 2968; x_wconf 78' lang='lat' dir='ltr'>balbutiens,</span> <span class='ocrx_word' id='word_1_241' title='bbox 591 2908 722 2970; x_wconf 82' lang='lat' dir='ltr'>pauper,</span> <span class='ocrx_word' id='word_1_242' title='bbox 737 2893 876 2970; x_wconf 75' lang='lat' dir='ltr'>ipnarus,</span> <span class='ocrx_word' id='word_1_243' title='bbox 893 2889 1078 2951; x_wconf 65' lang='lat' dir='ltr'>standand...</span> 
     </span>
    </p>

    <p class='ocr_par' dir='ltr' id='par_1_15' title="bbox 207 2976 1487 3593">
     <span class='ocr_line' id='line_1_29' title="bbox 246 2976 1486 3059; baseline 0.002 -19"><span class='ocrx_word' id='word_1_244' title='bbox 246 2978 336 3059; x_wconf 84' lang='lat' dir='ltr'>Resp.</span> <span class='ocrx_word' id='word_1_245' title='bbox 356 2977 540 3058; x_wconf 59' lang='grc'><strong>1011666,</strong></span> <span class='ocrx_word' id='word_1_246' title='bbox 562 2976 590 3039; x_wconf 90' lang='lat' dir='ltr'>si</span> <span class='ocrx_word' id='word_1_247' title='bbox 607 2977 815 3040; x_wconf 69' lang='lat' dir='ltr'>confessarius</span> <span class='ocrx_word' id='word_1_248' title='bbox 837 2979 959 3042; x_wconf 80' lang='lat' dir='ltr'>noverit</span> <span class='ocrx_word' id='word_1_249' title='bbox 979 2979 1054 3041; x_wconf 84' lang='lat' dir='ltr'>tates</span> <span class='ocrx_word' id='word_1_250' title='bbox 1076 2977 1209 3041; x_wconf 63' lang='lat' dir='ltr'>minatus</span> <span class='ocrx_word' id='word_1_251' title='bbox 1229 2997 1268 3040; x_wconf 79' lang='lat' dir='ltr'>eu</span> <span class='ocrx_word' id='word_1_252' title='bbox 1285 2978 1486 3042; x_wconf 71' lang='lat' dir='ltr'>dermannus</span> 
     </span>
     <span class='ocr_line' id='line_1_30' title="bbox 207 3064 1487 3148; baseline 0 -20"><span class='ocrx_word' id='word_1_253' title='bbox 207 3064 402 3148; x_wconf 67' lang='lat' dir='ltr'>penitentis,</span> <span class='ocrx_word' id='word_1_254' title='bbox 426 3073 654 3146; x_wconf 77' lang='lat' dir='ltr'>saliquatenus</span> <span class='ocrx_word' id='word_1_255' title='bbox 676 3065 803 3129; x_wconf 78' lang='lat' dir='ltr'>fuerunt</span> <span class='ocrx_word' id='word_1_256' title='bbox 826 3066 1015 3129; x_wconf 81' lang='lat' dir='ltr'>manifestati</span> <span class='ocrx_word' id='word_1_257' title='bbox 1035 3068 1075 3129; x_wconf 91' lang='lat' dir='ltr'>ad</span> <span class='ocrx_word' id='word_1_258' title='bbox 1092 3067 1272 3130; x_wconf 82' lang='lat' dir='ltr'>dedaranda</span> <span class='ocrx_word' id='word_1_259' title='bbox 1295 3074 1433 3148; x_wconf 65' lang='lat' dir='ltr'>panau,</span> <span class='ocrx_word' id='word_1_260' title='bbox 1454 3072 1487 3129; x_wconf 89' lang='lat' dir='ltr'>et</span> 
     </span>
     <span class='ocr_line' id='line_1_31' title="bbox 208 3153 1484 3236; baseline 0 -18"><span class='ocrx_word' id='word_1_261' title='bbox 208 3173 316 3218; x_wconf 89' lang='lat' dir='ltr'>eorum</span> <span class='ocrx_word' id='word_1_262' title='bbox 334 3153 478 3216; x_wconf 80' lang='lat' dir='ltr'>revelatio</span> <span class='ocrx_word' id='word_1_263' title='bbox 499 3153 602 3234; x_wconf 89' lang='lat' dir='ltr'>aliqua</span> <span class='ocrx_word' id='word_1_264' title='bbox 622 3153 740 3218; x_wconf 83' lang='lat' dir='ltr'>ratione</span> <span class='ocrx_word' id='word_1_265' title='bbox 762 3154 868 3218; x_wconf 78' lang='lat' dir='ltr'>utura</span> <span class='ocrx_word' id='word_1_266' title='bbox 885 3155 927 3218; x_wconf 90' lang='lat' dir='ltr'>sit</span> <span class='ocrx_word' id='word_1_267' title='bbox 947 3155 1110 3236; x_wconf 84' lang='lat' dir='ltr'>pmnitenti</span> <span class='ocrx_word' id='word_1_268' title='bbox 1129 3155 1245 3235; x_wconf 77' lang='lat' dir='ltr'>gravis,</span> <span class='ocrx_word' id='word_1_269' title='bbox 1269 3163 1325 3219; x_wconf 88' lang='lat' dir='ltr'>aut</span> <span class='ocrx_word' id='word_1_270' title='bbox 1341 3156 1484 3232; x_wconf 74' lang='lat' dir='ltr'>mlesta;</span> 
     </span>
     <span class='ocr_line' id='line_1_32' title="bbox 208 3242 1486 3326; baseline -0.001 -20"><span class='ocrx_word' id='word_1_271' title='bbox 208 3243 282 3326; x_wconf 88' lang='lat' dir='ltr'>quia</span> <span class='ocrx_word' id='word_1_272' title='bbox 301 3250 377 3306; x_wconf 89' lang='lat' dir='ltr'>tune</span> <span class='ocrx_word' id='word_1_273' title='bbox 396 3248 426 3304; x_wconf 92' lang='lat' dir='ltr'>et</span> <span class='ocrx_word' id='word_1_274' title='bbox 447 3242 668 3305; x_wconf 80' lang='lat' dir='ltr'>connexionem</span> <span class='ocrx_word' id='word_1_275' title='bbox 687 3261 760 3306; x_wconf 88' lang='lat' dir='ltr'>eum</span> <span class='ocrx_word' id='word_1_276' title='bbox 785 3243 970 3308; x_wconf 70' lang='lat' dir='ltr'>conbmione</span> <span class='ocrx_word' id='word_1_277' title='bbox 990 3245 1122 3318; x_wconf 84' lang='lat' dir='ltr'>babent,</span> <span class='ocrx_word' id='word_1_278' title='bbox 1145 3250 1177 3307; x_wconf 86' lang='lat' dir='ltr'>et</span> <span class='ocrx_word' id='word_1_279' title='bbox 1196 3263 1304 3307; x_wconf 77' lang='lat' dir='ltr'>eorrmr</span> <span class='ocrx_word' id='word_1_280' title='bbox 1323 3243 1486 3308; x_wconf 72' lang='grc'><strong>6661666116</strong></span> 
     </span>
     <span class='ocr_line' id='line_1_33' title="bbox 208 3331 1486 3415; baseline -0.003 -18"><span class='ocrx_word' id='word_1_281' title='bbox 208 3335 441 3398; x_wconf 84' lang='lat' dir='ltr'>Sacramentum</span> <span class='ocrx_word' id='word_1_282' title='bbox 456 3332 595 3394; x_wconf 88' lang='lat' dir='ltr'>redderet</span> <span class='ocrx_word' id='word_1_283' title='bbox 604 3331 756 3395; x_wconf 86' lang='lat' dir='ltr'>odiosum.</span> <span class='ocrx_word' id='word_1_284' title='bbox 769 3334 804 3396; x_wconf 88' lang='lat' dir='ltr'>ld</span> <span class='ocrx_word' id='word_1_285' title='bbox 812 3339 917 3397; x_wconf 90' lang='lat' dir='ltr'>autem</span> <span class='ocrx_word' id='word_1_286' title='bbox 928 3333 983 3396; x_wconf 79' lang='lat' dir='ltr'>vix</span> <span class='ocrx_word' id='word_1_287' title='bbox 992 3351 1131 3414; x_wconf 68' lang='lat' dir='ltr'>unquam</span> <span class='ocrx_word' id='word_1_288' title='bbox 1140 3332 1201 3396; x_wconf 90' lang='lat' dir='ltr'>dici</span> <span class='ocrx_word' id='word_1_289' title='bbox 1213 3332 1323 3415; x_wconf 83' lang='lat' dir='ltr'>poterit</span> <span class='ocrx_word' id='word_1_290' title='bbox 1334 3333 1370 3394; x_wconf 87' lang='lat' dir='ltr'>de</span> <span class='ocrx_word' id='word_1_291' title='bbox 1381 3331 1486 3393; x_wconf 85' lang='lat' dir='ltr'>mani-</span> 
     </span>
     <span class='ocr_line' id='line_1_34' title="bbox 209 3418 1483 3502; baseline -0.004 -17"><span class='ocrx_word' id='word_1_292' title='bbox 209 3421 294 3485; x_wconf 81' lang='lat' dir='ltr'>festis</span> <span class='ocrx_word' id='word_1_293' title='bbox 308 3419 495 3496; x_wconf 82' lang='lat' dir='ltr'>defectibus,</span> <span class='ocrx_word' id='word_1_294' title='bbox 510 3419 565 3502; x_wconf 85' lang='lat' dir='ltr'>qui</span> <span class='ocrx_word' id='word_1_295' title='bbox 578 3439 632 3500; x_wconf 86' lang='lat' dir='ltr'>per</span> <span class='ocrx_word' id='word_1_296' title='bbox 649 3439 682 3483; x_wconf 88' lang='lat' dir='ltr'>se</span> <span class='ocrx_word' id='word_1_297' title='bbox 701 3421 824 3484; x_wconf 87' lang='lat' dir='ltr'>nullum</span> <span class='ocrx_word' id='word_1_298' title='bbox 843 3423 972 3485; x_wconf 75' lang='grc'><strong>6616666</strong></span> <span class='ocrx_word' id='word_1_299' title='bbox 990 3423 1151 3486; x_wconf 77' lang='lat' dir='ltr'>nullumve</span> <span class='ocrx_word' id='word_1_300' title='bbox 1168 3421 1310 3485; x_wconf 69' lang='lat' dir='ltr'>ruborem</span> <span class='ocrx_word' id='word_1_301' title='bbox 1327 3418 1483 3495; x_wconf 75' lang='lat' dir='ltr'>intentat,</span> 
     </span>
     <span class='ocr_line' id='line_1_35' title="bbox 210 3509 1062 3593; baseline -0.001 -21"><span class='ocrx_word' id='word_1_302' title='bbox 210 3510 314 3593; x_wconf 89' lang='lat' dir='ltr'>quales</span> <span class='ocrx_word' id='word_1_303' title='bbox 328 3514 417 3586; x_wconf 91' lang='lat' dir='ltr'>sunt,</span> <span class='ocrx_word' id='word_1_304' title='bbox 433 3510 562 3584; x_wconf 91' lang='lat' dir='ltr'>surdus,</span> <span class='ocrx_word' id='word_1_305' title='bbox 576 3509 765 3586; x_wconf 86' lang='lat' dir='ltr'>balbutiens,</span> <span class='ocrx_word' id='word_1_306' title='bbox 782 3517 838 3574; x_wconf 88' lang='lat' dir='ltr'>aut</span> <span class='ocrx_word' id='word_1_307' title='bbox 850 3512 978 3574; x_wconf 89' lang='lat' dir='ltr'>claudus</span> <span class='ocrx_word' id='word_1_308' title='bbox 987 3529 1062 3574; x_wconf 86' lang='lat' dir='ltr'>esse.</span> 
     </span>
    </p>
   </div>
   <div class='ocr_carea' id='block_1_10' title="bbox 248 3597 1485 3681">
    <p class='ocr_par' dir='ltr' id='par_1_16' title="bbox 248 3597 1598 3692">
     <span class='ocr_line' id='line_1_36' title="bbox 248 3597 1485 3681; baseline -0.003 -20"><span class='ocrx_word' id='word_1_309' title='bbox 248 3600 340 3681; x_wconf 79' lang='lat' dir='ltr'>Hesp.</span> <span class='ocrx_word' id='word_1_310' title='bbox 355 3602 389 3660; x_wconf 66' lang='lat'>2⁰</span> <span class='ocrx_word' id='word_1_311' title='bbox 403 3597 481 3680; x_wconf 76' lang='lat' dir='ltr'>Nep.</span> <span class='ocrx_word' id='word_1_312' title='bbox 499 3615 591 3674; x_wconf 70' lang='lat' dir='ltr'>vero,</span> <span class='ocrx_word' id='word_1_313' title='bbox 602 3598 629 3660; x_wconf 91' lang='lat' dir='ltr'>si</span> <span class='ocrx_word' id='word_1_314' title='bbox 645 3598 851 3662; x_wconf 77' lang='lat' dir='ltr'>confessarius</span> <span class='ocrx_word' id='word_1_315' title='bbox 865 3599 932 3662; x_wconf 91' lang='lat' dir='ltr'>illos</span> <span class='ocrx_word' id='word_1_316' title='bbox 947 3598 1081 3663; x_wconf 89' lang='lat' dir='ltr'>defectus</span> <span class='ocrx_word' id='word_1_317' title='bbox 1101 3601 1269 3663; x_wconf 86' lang='lat' dir='ltr'>incidenter</span> <span class='ocrx_word' id='word_1_318' title='bbox 1287 3605 1413 3662; x_wconf 88' lang='lat' dir='ltr'>tautum</span> <span class='ocrx_word' id='word_1_319' title='bbox 1432 3614 1485 3658; x_wconf 94' lang='lat' dir='ltr'>no·</span> 
     </span>
    </p>
   </div>
   <div class='ocr_carea' id='block_1_11' title="bbox 209 3686 1288 3768">
    <p class='ocr_par' dir='ltr' id='par_1_17' title="bbox 209 3686 1288 3768">
     <span class='ocr_line' id='line_1_37' title="bbox 209 3686 1288 3768; baseline -0.002 -17"><span class='ocrx_word' id='word_1_320' title='bbox 209 3688 300 3752; x_wconf 86' lang='lat' dir='ltr'>verit.</span> <span class='ocrx_word' id='word_1_321' title='bbox 314 3723 355 3733; x_wconf 90' lang='lat'><em>-</em></span> <span class='ocrx_word' id='word_1_322' title='bbox 368 3687 403 3749; x_wconf 90' lang='lat' dir='ltr'>S.</span> <span class='ocrx_word' id='word_1_323' title='bbox 423 3686 507 3768; x_wconf 69' lang='lat' dir='ltr'>Lip,</span> <span class='ocrx_word' id='word_1_324' title='bbox 530 3694 569 3750; x_wconf 73' lang='lat' dir='ltr'>a,</span> <span class='ocrx_word' id='word_1_325' title='bbox 580 3691 650 3762; x_wconf 78' lang='lat' dir='ltr'>aaa,</span> <span class='ocrx_word' id='word_1_326' title='bbox 668 3695 697 3748; x_wconf 88' lang='lat' dir='ltr'>et</span> <span class='ocrx_word' id='word_1_327' title='bbox 711 3687 767 3750; x_wconf 85' lang='lat' dir='ltr'>ab&#39;i</span> <span class='ocrx_word' id='word_1_328' title='bbox 780 3691 985 3765; x_wconf 77' lang='lat' dir='ltr'>communiter,</span> <span class='ocrx_word' id='word_1_329' title='bbox 1001 3696 1106 3752; x_wconf 87' lang='lat' dir='ltr'>contra</span> <span class='ocrx_word' id='word_1_330' title='bbox 1119 3689 1288 3761; x_wconf 84' lang='lat' dir='ltr'>nonnullos.</span> 
     </span>
    </p>
   </div>
   <div class='ocr_carea' id='block_1_12' title="bbox 250 3775 1598 3860">
    <p class='ocr_par' dir='ltr' id='par_1_18' title="bbox 250 3775 1598 3860">
     <span class='ocr_line' id='line_1_38' title="bbox 250 3775 1598 3860; baseline -0.004 -18"><span class='ocrx_word' id='word_1_331' title='bbox 250 3780 321 3842; x_wconf 78' lang='lat'><strong>658.</strong></span> <span class='ocrx_word' id='word_1_332' title='bbox 337 3812 377 3822; x_wconf 91' lang='lat'>-</span> <span class='ocrx_word' id='word_1_333' title='bbox 394 3780 495 3852; x_wconf 76' lang='lat' dir='ltr'>Quas.</span> <span class='ocrx_word' id='word_1_334' title='bbox 513 3780 545 3838; x_wconf 87' lang='lat'>3⁰</span> <span class='ocrx_word' id='word_1_335' title='bbox 560 3775 609 3836; x_wconf 90' lang='lat' dir='ltr'>An</span> <span class='ocrx_word' id='word_1_336' title='bbox 623 3776 734 3837; x_wconf 85' lang='lat' dir='ltr'>radant</span> <span class='ocrx_word' id='word_1_337' title='bbox 753 3776 807 3837; x_wconf 83' lang='lat' dir='ltr'>sab</span> <span class='ocrx_word' id='word_1_338' title='bbox 820 3777 922 3859; x_wconf 74' lang='lat' dir='ltr'>sr’qitlo</span> <span class='ocrx_word' id='word_1_339' title='bbox 933 3787 1060 3859; x_wconf 83' lang='lat' dir='ltr'>peccata</span> <span class='ocrx_word' id='word_1_340' title='bbox 1076 3778 1229 3840; x_wconf 77' lang='lat' dir='ltr'>cometissa</span> <span class='ocrx_word' id='word_1_341' title='bbox 1243 3780 1275 3839; x_wconf 82' lang='lat' dir='ltr'>r&#39;n</span> <span class='ocrx_word' id='word_1_342' title='bbox 1291 3779 1357 3860; x_wconf 80' lang='lat' dir='ltr'>ipsa</span> <span class='ocrx_word' id='word_1_343' title='bbox 1370 3775 1486 3858; x_wconf 73' lang='lat' dir='ltr'>consec·</span> <span class='ocrx_word' id='word_1_344' title='bbox 1597 3811 1598 3816; x_wconf 21' lang='grc' dir='ltr'><strong>κ</strong></span> 
     </span>
    </p>
   </div>
   <div class='ocr_carea' id='block_1_13' title="bbox 210 3865 1490 4480">
    <p class='ocr_par' dir='ltr' id='par_1_19' title="bbox 210 3865 1490 4480">
     <span class='ocr_line' id='line_1_39' title="bbox 210 3865 1170 3948; baseline 0.002 -22"><span class='ocrx_word' id='word_1_345' title='bbox 210 3868 306 3944; x_wconf 82' lang='lat' dir='ltr'>sione,</span> <span class='ocrx_word' id='word_1_346' title='bbox 321 3887 348 3927; x_wconf 87' lang='lat' dir='ltr'>o.</span> <span class='ocrx_word' id='word_1_347' title='bbox 364 3885 426 3947; x_wconf 72' lang='lat' dir='ltr'>pr„</span> <span class='ocrx_word' id='word_1_348' title='bbox 440 3865 656 3947; x_wconf 80' lang='lat' dir='ltr'>impatientia,</span> <span class='ocrx_word' id='word_1_349' title='bbox 674 3866 859 3927; x_wconf 76' lang='lat' dir='ltr'>contumelia</span> <span class='ocrx_word' id='word_1_350' title='bbox 872 3867 907 3928; x_wconf 80' lang='lat' dir='ltr'>in</span> <span class='ocrx_word' id='word_1_351' title='bbox 922 3867 1170 3948; x_wconf 77' lang='lat' dir='ltr'>confessarium?</span> 
     </span>
     <span class='ocr_line' id='line_1_40' title="bbox 252 3953 1484 4036; baseline -0.001 -21"><span class='ocrx_word' id='word_1_352' title='bbox 252 3953 343 4035; x_wconf 84' lang='lat' dir='ltr'>Resp.</span> <span class='ocrx_word' id='word_1_353' title='bbox 360 3960 393 4016; x_wconf 85' lang='grc' dir='ltr'>1ο</span> <span class='ocrx_word' id='word_1_354' title='bbox 406 3953 484 4035; x_wconf 73' lang='lat' dir='ltr'>Nep.</span> <span class='ocrx_word' id='word_1_355' title='bbox 496 3973 553 4035; x_wconf 84' lang='lat' dir='ltr'>per</span> <span class='ocrx_word' id='word_1_356' title='bbox 566 3973 612 4028; x_wconf 83' lang='lat' dir='ltr'>se,</span> <span class='ocrx_word' id='word_1_357' title='bbox 630 3954 704 4034; x_wconf 88' lang='lat' dir='ltr'>quia</span> <span class='ocrx_word' id='word_1_358' title='bbox 717 3953 819 4034; x_wconf 89' lang='lat' dir='ltr'>culpas</span> <span class='ocrx_word' id='word_1_359' title='bbox 833 3955 901 4018; x_wconf 89' lang='lat' dir='ltr'>illas</span> <span class='ocrx_word' id='word_1_360' title='bbox 913 3955 1065 4036; x_wconf 75' lang='lat' dir='ltr'>paenitens</span> <span class='ocrx_word' id='word_1_361' title='bbox 1079 3975 1140 4019; x_wconf 89' lang='lat' dir='ltr'>nou</span> <span class='ocrx_word' id='word_1_362' title='bbox 1155 3956 1328 4031; x_wconf 86' lang='lat' dir='ltr'>cantitetur,</span> <span class='ocrx_word' id='word_1_363' title='bbox 1345 3963 1382 4020; x_wconf 80' lang='lat' dir='ltr'>ut</span> <span class='ocrx_word' id='word_1_364' title='bbox 1392 3959 1484 4035; x_wconf 89' lang='lat' dir='ltr'>patet.</span> 
     </span>
     <span class='ocr_line' id='line_1_41' title="bbox 253 4041 1487 4125; baseline 0.002 -23"><span class='ocrx_word' id='word_1_365' title='bbox 253 4041 342 4121; x_wconf 79' lang='lat' dir='ltr'>Hesp.</span> <span class='ocrx_word' id='word_1_366' title='bbox 354 4046 387 4102; x_wconf 70' lang='lat'>2⁰</span> <span class='ocrx_word' id='word_1_367' title='bbox 403 4043 545 4124; x_wconf 70' lang='lat' dir='ltr'>affirm,</span> <span class='ocrx_word' id='word_1_368' title='bbox 562 4045 666 4105; x_wconf 87' lang='lat' dir='ltr'>tamen</span> <span class='ocrx_word' id='word_1_369' title='bbox 680 4042 873 4123; x_wconf 88' lang='lat' dir='ltr'>plerumque,</span> <span class='ocrx_word' id='word_1_370' title='bbox 889 4045 1096 4125; x_wconf 87' lang='lat' dir='ltr'>quamvisper</span> <span class='ocrx_word' id='word_1_371' title='bbox 1110 4044 1246 4107; x_wconf 85' lang='lat' dir='ltr'>accidens</span> <span class='ocrx_word' id='word_1_372' title='bbox 1264 4048 1403 4120; x_wconf 91' lang='lat' dir='ltr'>tautum;</span> <span class='ocrx_word' id='word_1_373' title='bbox 1416 4043 1487 4124; x_wconf 72' lang='lat' dir='ltr'>qiua</span> 
     </span>
     <span class='ocr_line' id='line_1_42' title="bbox 213 4129 1487 4214; baseline -0.002 -20"><span class='ocrx_word' id='word_1_374' title='bbox 213 4129 287 4194; x_wconf 88' lang='lat' dir='ltr'>licet</span> <span class='ocrx_word' id='word_1_375' title='bbox 305 4135 426 4209; x_wconf 84' lang='lat' dir='ltr'>peccata</span> <span class='ocrx_word' id='word_1_376' title='bbox 443 4131 495 4194; x_wconf 88' lang='lat' dir='ltr'>illa</span> <span class='ocrx_word' id='word_1_377' title='bbox 513 4150 576 4194; x_wconf 88' lang='lat' dir='ltr'>nou</span> <span class='ocrx_word' id='word_1_378' title='bbox 596 4130 659 4194; x_wconf 89' lang='lat' dir='ltr'>sint</span> <span class='ocrx_word' id='word_1_379' title='bbox 674 4149 726 4211; x_wconf 91' lang='lat' dir='ltr'>per</span> <span class='ocrx_word' id='word_1_380' title='bbox 745 4149 777 4194; x_wconf 84' lang='lat' dir='ltr'>se</span> <span class='ocrx_word' id='word_1_381' title='bbox 796 4133 926 4196; x_wconf 63' lang='lat' dir='ltr'>maaria</span> <span class='ocrx_word' id='word_1_382' title='bbox 944 4132 1051 4213; x_wconf 75' lang='lat' dir='ltr'>sigilli,</span> <span class='ocrx_word' id='word_1_383' title='bbox 1070 4152 1148 4214; x_wconf 86' lang='lat' dir='ltr'>saepe</span> <span class='ocrx_word' id='word_1_384' title='bbox 1161 4140 1265 4195; x_wconf 79' lang='lat' dir='ltr'>tamar</span> <span class='ocrx_word' id='word_1_385' title='bbox 1285 4150 1338 4212; x_wconf 83' lang='lat' dir='ltr'>per</span> <span class='ocrx_word' id='word_1_386' title='bbox 1351 4131 1487 4194; x_wconf 79' lang='lat' dir='ltr'>amideus</span> 
     </span>
     <span class='ocr_line' id='line_1_43' title="bbox 213 4215 1490 4303; baseline -0.003 -17"><span class='ocrx_word' id='word_1_387' title='bbox 213 4215 407 4286; x_wconf 80' lang='lat' dir='ltr'>revelationis</span> <span class='ocrx_word' id='word_1_388' title='bbox 428 4219 598 4298; x_wconf 83' lang='lat' dir='ltr'>pericrdum</span> <span class='ocrx_word' id='word_1_389' title='bbox 621 4219 831 4300; x_wconf 85' lang='lat' dir='ltr'>aliquomodo</span> <span class='ocrx_word' id='word_1_390' title='bbox 852 4221 1018 4286; x_wconf 77' lang='lat' dir='ltr'>involvunt</span> <span class='ocrx_word' id='word_1_391' title='bbox 1035 4241 1043 4283; x_wconf 92' lang='lat'><strong>:</strong></span> <span class='ocrx_word' id='word_1_392' title='bbox 1058 4221 1213 4303; x_wconf 73' lang='lat' dir='ltr'>jardicirrm</span> <span class='ocrx_word' id='word_1_393' title='bbox 1230 4219 1316 4282; x_wconf 88' lang='lat' dir='ltr'>euim</span> <span class='ocrx_word' id='word_1_394' title='bbox 1335 4217 1490 4301; x_wconf 83' lang='lat' dir='ltr'>probabile</span> 
     </span>
     <span class='ocr_line' id='line_1_44' title="bbox 213 4305 1490 4392; baseline -0.003 -20"><span class='ocrx_word' id='word_1_395' title='bbox 213 4305 364 4390; x_wconf 76' lang='lat' dir='ltr'>praebent,</span> <span class='ocrx_word' id='word_1_396' title='bbox 380 4307 461 4387; x_wconf 87' lang='lat' dir='ltr'>quod</span> <span class='ocrx_word' id='word_1_397' title='bbox 475 4308 682 4372; x_wconf 80' lang='lat' dir='ltr'>confessarius</span> <span class='ocrx_word' id='word_1_398' title='bbox 695 4309 743 4372; x_wconf 82' lang='lat' dir='ltr'>vel</span> <span class='ocrx_word' id='word_1_399' title='bbox 756 4310 958 4390; x_wconf 80' lang='lat' dir='ltr'>paenitentem</span> <span class='ocrx_word' id='word_1_400' title='bbox 972 4308 1106 4374; x_wconf 84' lang='lat' dir='ltr'>noluerit</span> <span class='ocrx_word' id='word_1_401' title='bbox 1119 4309 1292 4387; x_wconf 76' lang='lat' dir='ltr'>absolvere,</span> <span class='ocrx_word' id='word_1_402' title='bbox 1307 4309 1355 4374; x_wconf 77' lang='lat' dir='ltr'>rel</span> <span class='ocrx_word' id='word_1_403' title='bbox 1369 4314 1490 4392; x_wconf 83' lang='lat' dir='ltr'>propter</span> 
     </span>
     <span class='ocr_line' id='line_1_45' title="bbox 214 4394 1086 4480; baseline 0.003 -21"><span class='ocrx_word' id='word_1_404' title='bbox 214 4396 338 4478; x_wconf 89' lang='lat' dir='ltr'>culpam</span> <span class='ocrx_word' id='word_1_405' title='bbox 351 4394 522 4478; x_wconf 69' lang='lat' dir='ltr'>pararem</span> <span class='ocrx_word' id='word_1_406' title='bbox 533 4415 606 4460; x_wconf 85' lang='lat' dir='ltr'>enm</span> <span class='ocrx_word' id='word_1_407' title='bbox 620 4398 755 4462; x_wconf 81' lang='lat' dir='ltr'>severius</span> <span class='ocrx_word' id='word_1_408' title='bbox 768 4398 1012 4480; x_wconf 87' lang='lat' dir='ltr'>reprehenderit,</span> <span class='ocrx_word' id='word_1_409' title='bbox 1030 4403 1086 4463; x_wconf 85' lang='lat' dir='ltr'>etc.</span> 
     </span>
    </p>
   </div>
   <div class='ocr_carea' id='block_1_14' title="bbox 0 0 1624 5044">
    <p class='ocr_par' dir='ltr' id='par_1_20' title="bbox 0 0 1624 5044">
     <span class='ocr_line' id='line_1_46' title="bbox 0 0 1624 5044; baseline 0 0"><span class='ocrx_word' id='word_1_410' title='bbox 0 0 1624 5044; x_wconf 95' lang='lat' dir='ltr'> </span> 
     </span>
    </p>
   </div>
  </div>
 </body>
</html>
