3198 5036
487 219 530 262 nn
552 213 803 261 saonannnms
824 215 861 258 in·
883 215 1022 260 annuns
1347 200 1392 260 95

114 333 155 395 iu
166 329 239 394 locis
252 348 329 392 usus
344 328 445 408 vigere
459 327 642 403 contrariae,
658 325 819 388 Itocdettus
832 333 950 388 nonest
969 326 1055 386 vestis
1068 342 1155 386 sacra
1173 323 1344 387 mittendo
1359 327 1393 388 o'n

119 418 380 482 administratione
394 417 671 488 Somomentoram,
681 435 716 476 ao
722 413 854 497 proinde
869 413 910 476 od
924 433 958 476 eo
972 411 1217 475 administrando
1230 417 1395 476 naomsora'o

117 506 333 592 superpeltooeo
345 505 497 568 utendam.
509 541 548 550 -
565 505 613 568 Sic
626 503 659 566 S.
679 503 715 567 C.
728 505 794 566 itit.
811 507 850 568 10
864 503 936 564 don.
955 506 1047 576 1852,
1061 505 1093 562 in
1110 501 1338 565 cenomanensi.

160 596 245 660 Stela
265 601 372 658 autem
392 593 502 658 deferri
524 612 587 657 uon
604 593 709 666 debet,
724 592 786 654 nisi
804 592 839 654 in
861 595 1128 656 sacramentorum
1142 593 1173 652 et
1189 598 1393 654 sacramenta-

1 659 2 746 ᾗ
113 685 199 750 lium
213 683 409 758 coniectione,
424 691 455 746 et
467 683 501 746 in
513 689 585 746 actu
596 680 830 763 predicationis
849 680 905 744 ubi
916 680 998 760 viget
1012 680 1209 754 consuetudo,
1226 697 1346 742 necnon
1357 681 1392 742 in

1 779 2 782 ’
118 774 311 856 quibusdam
322 771 391 836 aliis
401 771 627 847 functionibus,
644 777 735 852 prout
747 770 782 834 in
798 768 915 834 Rituali
933 773 1069 834 Romano
1082 767 1299 849 prescribitur.
1313 772 1393 833 unis
1422 839 1426 847 ,

119 869 227 926 wtem
247 862 358 925 stolam
377 860 529 924 deferendi
546 879 602 924 ceu
620 861 744 940 siguum
758 859 990 941 jurisdictiones
1007 865 1038 921 et
1052 857 1307 938 praeminentia,
1324 863 1393 920 tau-

120 969 219 1032 quam
233 951 348 1014 abusus
362 949 551 1031 reprobatur.
568 981 608 1012 .-
621 945 1053 1029 eleemosynandum,
1068 951 1107 1010 10
1120 945 1290 1028 Septenos.
1303 951 1393 1020 4816,

120 1046 159 1104 al
175 1031 342 1123 Septima.
358 1043 436 1103 lata
451 1043 510 1102 et't
526 1037 695 1120 Septemdr.
713 1041 803 1102 leto.

165 1129 255 1192 Plura
268 1129 347 1191 circa
360 1129 488 1191 modum
505 1127 744 1192 administrandi
760 1127 968 1200 Sacramenta,
985 1125 1039 1188 ubi
1053 1126 1090 1188 de
1104 1125 1234 1206 singulis
1247 1125 1282 1187 in
1300 1124 1396 1205 parti-

121 1217 220 1280 culari
235 1223 352 1298 agetur.

628 1451 803 1529 CAPUT
834 1451 891 1527 IV

423 1649 472 1697 DE
503 1647 703 1698 SUBJECTO
737 1646 1101 1698 SACRAMENTORUM

169 1837 242 1896 Μ.
265 1832 442 1914 Subjectum
464 1834 653 1897 Sacramenti
674 1832 787 1896 dicitur
804 1833 869 1905 ille,
886 1832 942 1912 qui
960 1837 1193 1896 Sacramentum
1210 1832 1351 1913 suscipit,
1371 1837 1401 1894 et

123 1929 177 1987 cst
191 1939 287 2000 capax
301 1919 425 1983 affectus
439 1921 638 1985 sacramenti.

169 2008 350 2090 Subjectum
367 2013 634 2073 sacramentorum
654 2014 700 2073 est
718 2011 799 2073 solus
817 2010 909 2073 homo
928 2013 1045 2082 etatem
1063 2009 1151 2090 quia,
1168 2015 1204 2072 ut
1223 2027 1260 2073 ex
1273 2013 1303 2074 S.
1321 2009 1401 2074 Scri-

127 2097 233 2182 ptun's
246 2103 279 2159 et
289 2097 457 2160 traditione
469 2104 562 2179 patet,
576 2117 630 2179 pro
641 2099 713 2162 solis
727 2097 906 2161 hominibus
920 2098 1091 2162 viatoribus
1105 2103 1300 2163 Sacramenta
1312 2099 1403 2162 iusti-

124 2193 203 2250 tuta
229 2191 315 2250 aaut.
342 2189 412 2250 Non
433 2203 543 2250 >omnm
570 2193 675 2250 tamen
698 2186 838 2250 honiines
862 2193 936 2250 sunt
962 2186 1103 2250 omnium
1130 2191 1400 2252 sacramentorum

123 2292 261 2356 sapaces
277 2276 357 2337 Ναηι
373 2291 429 2337 uec
446 2275 591 2338 mulieres
610 2279 842 2339 Sacramentum
863 2275 995 2352 ordinis,
1011 2293 1066 2339 neo
1082 2276 1170 2357 pueri
1184 2277 1302 2339 ratione
1320 2293 1403 2339 non-

127 2364 208 2428 dum
242 2368 379 2438 annas,
410 2362 562 2444 iusupere
596 2371 724 2445 possunt
749 2368 943 2428 Sacramenta
967 2365 1160 2428 Paenitentia
1184 2371 1216 2428 et
1249 2368 1403 2428 Extrema
1482 2371 1484 2376 ’

128 2451 301 2516 Undionm.

171 2540 291 2606 natea
300 2541 419 2623 primi,
435 2559 490 2603 cur
508 2541 589 2604 solus
602 2541 695 2605 homo
708 2543 810 2606 viator
823 2543 865 2606 sit
879 2561 973 2624 capax
987 2547 1271 2620 Sacramentomm,
1287 2551 1335 2608 est
1346 2561 1404 2608 ro·

129 2631 236 2692 luntas
257 2629 374 2692 Christi
395 2629 518 2692 Domini
538 2629 728 2694 institutoris
754 2633 1031 2696 Sacramentorum.
1054 2633 1143 2696 Ratio
1162 2637 1267 2695 autem
1292 2651 1403 2697 conve-

130 2716 258 2781 nientia
277 2723 342 2792 est,
358 2717 433 2798 quia
442 2721 533 2800 juxta
550 2719 690 2782 ordinem
708 2721 869 2800 presentis
883 2721 1085 2784 Providentia
1101 2723 1183 2784 solus
1200 2721 1293 2783 homo
1306 2721 1405 2784 viator

132 2811 182 2870 ast
194 2823 289 2886 capax
302 2805 409 2887 primm
427 2805 548 2886 gratiae,
562 2808 611 2870 vel
626 2810 785 2888 augmenti
806 2810 926 2890 gratim
949 2809 1100 2890 ejusmodi
1122 2815 1228 2872 autem
1242 2826 1306 2871 non
1327 2813 1403 2870 sunt

130 2895 220 2958 Beati
233 2895 281 2960 vel
295 2895 407 2960 animae
425 2896 460 2958 iu
474 2897 648 2976 purgatorio
666 2898 810 2971 detentae,
826 2898 941 2979 quibus
953 2901 1019 2980 jam
1037 2897 1240 2961 determinata
1253 2903 1300 2960 cst
1312 2913 1403 2958 men·

131 3001 208 3047 mre
226 2982 328 3064 gloriae
348 2985 534 3064 respondeus
557 2985 680 3064 gratia,
705 3003 800 3067 quam
817 2986 852 3049 in
873 2987 938 3050 vita
956 2986 1078 3049 mortali
1100 2986 1287 3048 habuerunt.
1309 2983 1405 3049 Multo

132 3079 240 3136 autern
260 3072 365 3135 minus
384 3089 504 3152 capaces
523 3079 597 3135 sunt
610 3074 715 3152 gratia
729 3075 883 3151 damnati,
899 3079 1004 3156 utpote
1018 3095 1036 3137 a
1049 3079 1107 3138 Deo
1122 3077 1188 3156 jam
1206 3074 1241 3136 in
1254 3079 1406 3137 aeternum

131 3161 277 3243 manati
292 3162 347 3225 liis
358 3160 466 3241 positis
480 3161 633 3241 agendum
647 3163 683 3224 de
693 3161 850 3243 requisitis
863 3168 932 3226 tum
944 3165 983 3226 ad
997 3163 1142 3238 validam,
1155 3170 1224 3226 tum
1239 3164 1277 3225 ad
1289 3159 1407 3224 licitam

132 3255 404 3318 mummia
414 3249 629 3330 meaptionom.

649 3430 863 3493 ARTlCULUS
883 3432 897 3490 l

300 3597 338 3641 DE
358 3595 523 3648 aneulsms
544 3595 583 3640 AD
605 3593 741 3640 VALIDAM
763 3593 1023 3640 SACRAHENTORUH
1043 3593 1250 3640 maratana!

263 3739 488 3822 Principia.

180 3874 250 3936 228.
266 3903 308 3918 -·-
323 3873 347 3934 Ι.
368 3871 417 3934 Ad
431 3875 622 3934 sacrmnenta
639 3869 738 3932 valide
757 3869 949 3950 suscipienda
969 3871 1055 3934 nialla
1071 3869 1241 3952 requiritur
1256 3868 1406 3952 probitas,

132 3976 196 4022 nec
204 3959 326 4041 proprie
339 3959 429 4022 Fides
446 3958 481 4022 in
495 3957 643 4041 subjecto,
661 3957 689 4020 si
706 3958 897 4022 Paenitentia
912 3963 1145 4025 Sacramentum
1162 3957 1304 4040 excipias.
1322 3961 1406 4022 Gon-

134 4052 204 4112 seat
215 4065 256 4111 ex
272 4047 361 4129 praxi
377 4047 515 4112 Ecclesia
527 4095 534 4121 ,
548 4063 617 4128 quae
636 4065 798 4128 nunquam
811 4047 952 4128 permisit
965 4048 1082 4112 iterum
1095 4047 1242 4128 baptimri
1260 4049 1316 4110 ant
1330 4047 1409 4110 ordi·

132 4136 212 4200 nari
226 4136 384 4200 hamticos
404 4142 435 4201 et
453 4135 607 4218 improbos
623 4135 765 4198 homines
780 4135 840 4199 rite
858 4137 1023 4217 baptizatos
1045 4141 1076 4200 et
1094 4136 1261 4200 ordinatos.
1284 4139 1411 4200 constan

132 4224 247 4301 etiam,
259 4225 362 4307 quoad
373 4226 490 4300 Fidem,
505 4243 543 4288 ex
556 4223 734 4286 defiuitione
744 4241 886 4305 expressa
901 4224 991 4288 Cone.
1011 4224 1111 4302 Trid,
1127 4244 1196 4288 sess.
1213 4227 1278 4301 vlt,
1295 4245 1362 4288 eon.
1372 4227 1410 4288 lt

135 4314 180 4377 de
193 4313 367 4398 Baptismo.
827 4343 833 4356 ·

182 4403 219 4465 Il.
236 4405 272 4466 In
285 4402 457 4466 infantibus
472 4407 527 4466 aut
539 4408 684 4483 perpetuo
697 4403 873 4469 aurentibus
887 4403 972 4466 nulla
985 4402 1153 4483 requiritur
1167 4403 1344 4485 dispositio,
1358 4417 1414 4462 nec

139 4492 296 4567 intentio,
320 4499 357 4555 ut
375 4492 473 4557 aalide
490 4490 639 4572 recipiant
659 4493 854 4555 &nements
877 4489 1013 4572 quorum
1028 4497 1103 4556 sunt
1117 4509 1254 4574 capaces,
1276 4489 1417 4554 videlicet
