3224 5044
475 202 517 246 ns
539 199 775 246 sscuuussro
796 201 1037 246 roerrrusrrs
1323 184 1393 245 295

156 316 225 376 Non
243 313 362 374 caderet
380 318 484 374 eutem
503 312 561 373 suh
583 311 680 392 sigillo
702 309 823 374 furtum
844 330 862 373 a
883 310 1051 392 prenitente
1068 310 1103 372 in
1122 311 1272 374 darnnum
1293 310 1393 392 ipsius

110 400 298 464 Confesserii
318 403 452 481 tempore
473 399 668 463 confessionis
687 400 897 463 commissum.
919 401 983 462 Imo
1003 398 1030 460 si
1051 404 1219 474 constaret,
1236 399 1337 460 duem
1356 399 1394 462 ad

114 489 327 552 confitendum
339 489 461 551 venisse
477 495 513 551 ut
527 487 650 550 durandi
667 487 855 552 suessionem
867 487 1010 560 haberet,
1031 493 1151 568 poeeets
1170 487 1209 549 eb
1227 487 1293 567 ipso
1307 505 1393 550 seeu-

118 584 186 640 satn
199 595 262 640 non
273 576 372 640 forent
382 576 512 640 materie
524 575 736 653 consessionis;
752 576 906 657 siquidem
920 575 990 638 tulis
1003 574 1149 638 ooniessio
1163 593 1226 638 non
1238 593 1326 650 vern,
1343 577 1394 638 sed

114 665 263 728 simulate
275 671 401 729 tontum
412 672 504 729 esset.

156 757 226 818 659.
237 790 277 800 -
291 756 391 829 Qunn.
406 761 440 818 μ
452 754 500 814 An
511 753 749 836 violetst'qillum
757 802 766 832 ,
780 755 837 836 qui
844 753 922 816 dicit
934 753 1119 816 seaudt'visse
1132 753 1220 815 tatem
1229 772 1394 834 moeurs

117 844 150 903 in
163 843 364 924 consessione?

157 931 247 1012 Hesp.
263 931 342 1014 Ney.
349 954 363 1010 ;
376 949 451 994 num
460 933 544 1012 quod
557 931 669 1014 aliquis
682 933 721 994 sd
735 932 943 994 eonfitendum
958 933 1096 1006 aeesdat,
1112 931 1145 994 id
1159 930 1334 1010 agnoscitur
1346 949 1396 992 ex-

118 1028 205 1083 terne
216 1027 366 1083 senextra
374 1019 605 1084 confessionem.
617 1020 749 1094 Aliunde
761 1019 818 1082 hoc
828 1037 891 1084 non
903 1026 950 1083 est
956 1039 1014 1102 per
1022 1041 1053 1081 se
1062 1020 1216 1096 odiosum,
1232 1021 1283 1082 sed
1293 1018 1395 1098 potius

117 1109 241 1172 leudem
261 1109 358 1171 affert.
377 1109 586 1172 confessarius
602 1114 708 1171 tamen
726 1110 765 1172 ed
783 1115 933 1172 secretum
947 1110 1087 1171 naturale
1103 1113 1267 1182 teneretur,
1283 1108 1310 1169 si
1323 1107 1396 1187 quis

118 1197 196 1258 elam
218 1198 256 1260 ed
275 1197 482 1260 eonfiwndum
502 1197 685 1260 accessisset.
702 1201 855 1260 Gruterum
867 1196 1032 1278 aliquando
1046 1215 1099 1277 per
1112 1195 1250 1258 socidens
1264 1195 1396 1275 suspicio

117 1285 221 1364 gravis
234 1286 346 1366 petenti
356 1286 400 1348 sio
413 1285 513 1366 ingeri
529 1292 643 1366 posset.
657 1321 698 1332 -
714 1285 750 1348 S.
766 1285 835 1367 [τῃ.
853 1306 884 1348 n.
901 1290 972 1350 638,

156 1376 258 1448 Quen.
273 1379 306 1437 5·
320 1375 373 1435 An
387 1375 480 1438 violet
492 1374 645 1456 siqillum,
658 1374 796 1456 quidt’et't
808 1395 839 1435 se
857 1373 948 1436 talem
959 1375 1157 1456 prenitentem
1170 1370 1348 1434 absolvisse?

159 1463 249 1545 Resp.
271 1463 348 1544 neq.
367 1483 486 1548 perse,
507 1463 581 1548 quis
594 1464 681 1526 istud
695 1463 860 1544 poenitenti
873 1464 908 1526 in
923 1464 977 1527 teli
991 1483 1064 1527 essu
1080 1475 1244 1526 onerosum
1262 1480 1326 1524 esse
1343 1479 1397 1524 ne-

118 1551 197 1632 quit.
219 1554 367 1615 ntunien
386 1560 487 1632 posset
505 1553 539 1614 in
558 1551 746 1634 quibusdum
765 1553 918 1633 adjunctis
936 1569 1100 1616 onerosum
1114 1552 1241 1614 evadere
1255 1550 1341 1624 aliis,
1360 1549 1397 1612 de

118 1640 232 1719 quibus
245 1641 329 1702 idem
345 1641 405 1702 dici
421 1659 482 1703 non
499 1646 610 1721 potest.
625 1675 664 1686 —
683 1639 734 1702 Ita
750 1645 958 1702 conmuniter.
980 1639 1108 1703 Proinde
1126 1645 1283 1720 parentes,
1299 1638 1398 1717 mugi-

119 1727 190 1802 stri‚
204 1728 287 1801 heri,
301 1729 525 1808 interrogantes
544 1729 582 1790 de
600 1728 790 1790 absolutione
804 1729 875 1790 dats
892 1728 965 1790 filiis
985 1729 1032 1790 vel
1051 1727 1198 1801 subditis,
1219 1725 1399 1788 remittendi

119 1817 247 1878 suntad
267 1815 349 1895 ipsos
366 1816 563 1896 prenitentes.
580 1815 704 1879 Similes
718 1816 903 1896 quaestiones
923 1815 1019 1877 faeere
1039 1815 1136 1876 solent
1154 1813 1298 1878 Monieles
1316 1831 1398 1876 eurae

119 1903 316 1966 infirmorum
336 1903 370 1965 in
394 1903 576 1966 nosocomiis
595 1903 739 1977 addicto,
763 1910 799 1965 ut
820 1903 918 1966 soient
941 1921 982 1965 en
1001 1901 1171 1964 necessaria
1190 1903 1229 1963 ad
1248 1901 1399 1964 riatieum

119 1990 365 2054 ministrandum
384 2009 490 2072 parare
511 1992 666 2054 debeant:
686 1991 734 2056 hae
752 1991 868 2073 pariter
886 1991 924 2054 ed
943 1989 1083 2054 infirmos
1098 1996 1173 2053 sunt
1188 1989 1397 2063 remittendo,

120 2079 168 2142 rel
180 2079 291 2142 melius
303 2087 350 2142 est
362 2079 491 2160 petenda
504 2079 543 2142 ed
557 2079 681 2142 infirmo
694 2079 818 2142 liuentis
832 2079 977 2146 Moniaies
990 2079 1038 2142 rel
1050 2078 1124 2140 alios
1136 2077 1293 2140 monendi.
1308 2075 1398 2139 Suffi-

118 2167 178 2230 ciet
192 2173 297 2230 eutem
311 2168 437 2232 infirmo
447 2167 546 2231 disere
559 2189 567 2230 :
581 2169 709 2231 roseto
715 2215 725 2248 ,
738 2176 799 2231 ets.

157 2261 228 2320 θα).
243 2258 394 2332 -Qun
411 2260 445 2319 ⁶⁰
458 2258 511 2318 An
530 2255 742 2339 Consessssius
762 2258 888 2319 tradens
904 2256 1249 2340 postremissimum
1267 2259 1299 2318 in
1318 2257 1400 2318 testi-

118 2348 251 2408 monium
265 2345 478 2427 consessionis,
496 2345 651 2407 declarare
661 2350 758 2428 possit
769 2366 835 2409 mm
849 2346 944 2428 fuisse
957 2345 1148 2409 absolutum?

159 2435 251 2516 desp.
268 2435 344 2516 Ney.
358 2435 386 2497 si
399 2451 471 2498 eum
485 2451 549 2497 non
563 2433 729 2498 absolverit
745 2455 752 2497 :
771 2435 898 2498 mentiri
914 2435 997 2498 enim
1013 2451 1075 2498 non
1089 2439 1200 2515 potest.
1217 2469 1256 2480 -
1271 2431 1309 2496 S.
1327 2433 1396 2516 By.

120 2545 150 2584 n.
169 2527 239 2589 6³9.
248 2561 288 2570 -
297 2523 420 2604 Excipit
434 2525 463 2586 S.
479 2525 604 2598 Auster,
619 2523 645 2586 si
660 2525 810 2588 sehedulae
824 2531 926 2586 essent
938 2523 1021 2606 typis
1035 2523 1124 2586 editae
1140 2529 1172 2586 et
1185 2523 1219 2585 in
1232 2523 1272 2586 iis
1286 2521 1399 2586 disere·

121 2618 172 2673 tur
185 2611 409 2675 absolutionem
428 2609 523 2674 fuisse
543 2613 663 2688 dstam;
682 2613 757 2694 quie
773 2613 848 2676 tales
863 2613 1013 2678 schedulae
1030 2611 1175 2674 omnibus
1191 2613 1395 2674 truderentur.

117 2735 159 2746 -
173 2700 205 2762 Si
218 2707 323 2762 sutem
336 2700 560 2762 absolutionem
571 2700 749 2780 impertitus
759 2699 868 2776 fuerit,
880 2707 980 2782 potest
992 2720 1096 2782 perse
1111 2700 1143 2762 id
1158 2701 1325 2774 declarere;
1340 2719 1399 2780 per

118 2787 257 2848 accidens
271 2794 375 2849 temen
387 2787 448 2850 iere
462 2805 624 2868 nunquam
638 2789 763 2870 poterit,
778 2789 850 2869 quia
865 2789 950 2852 fieret
962 2788 1148 2868 comparatio
1162 2805 1233 2850 oum
1247 2786 1398 2867 poeniten-

118 2877 204 2938 tibus
224 2873 278 2954 qui
297 2893 359 2936 non
380 2881 504 2954 possent
523 2875 667 2938 dedareri
686 2876 833 2950 adsotuti,
855 2882 885 2938 et
906 2877 1033 2957 proinde
1053 2881 1231 2956 sequeretur
1249 2874 1398 2937 indirecte

116 2961 315 3026 confessionis
329 2961 487 3024 revelatio.

157 3053 260 3126 Qunn.
276 3055 310 3112 't‘
326 3049 479 3126 Quomodo
494 3051 681 3132 conficienda
697 3055 738 3113 sit
749 3051 891 3114 seteduio
903 3054 1117 3134 ronsesu'onis?

158 3141 248 3222 deep.
261 3158 274 3200 :
287 3139 337 3201 Sis
350 3137 455 3202 oonflui
468 3138 542 3201 solet
556 3158 565 3200 ε
581 3141 643 3218 Ego
657 3139 738 3202 infre
752 3141 883 3220 scriptus
896 3144 990 3204 testor
1000 3159 1051 3202 me
1065 3141 1220 3204 audivisse
1232 3137 1397 3202 noniessio·

117 3247 191 3292 nern
203 3231 239 3290 N.
253 3227 302 3290 die
319 3227 390 3302 teli,
404 3233 477 3302 ete.;
498 3226 571 3289 huie
588 3227 739 3291 schedulae
754 3247 867 3291 nomen
882 3247 975 3292 suum
995 3229 1162 3292 subseribit
1174 3226 1395 3291 confessarius.

118 3319 173 3380 Vel
184 3315 324 3379 breuius:
339 3313 454 3378 Audivi
467 3316 558 3377 telsrn
571 3314 607 3377 in
619 3315 813 3390 confessione,
823 3317 884 3392 die,
899 3321 956 3380 ete.
968 3321 1069 3380 Potest
1083 3317 1177 3379 etism
1191 3315 1270 3378 diei:
1284 3315 1399 3376 Audivi

116 3405 334 3486 confessionem
346 3403 614 3474 sacraruntulew
627 3403 701 3486 quio
719 3411 766 3466 est
785 3404 1011 3468 sacrementulis
1028 3405 1129 3467 munis
1140 3403 1309 3477 'confessio
1328 3421 1397 3484 quo

119 3495 156 3557 dt
167 3495 202 3556 in
216 3492 322 3556 ordine
340 3494 378 3555 ed
395 3492 621 3556 absolutiones
640 3492 860 3574 recipiendum,
878 3492 942 3556 sive
958 3493 1110 3556 absolutio
1124 3493 1196 3556 dote
1208 3491 1318 3567 fuerit,
1332 3492 1398 3554 sire

119 3601 192 3644 non.

156 3675 228 3734 sot.
244 3705 284 3718 -
296 3673 396 3746 Quns.
413 3675 446 3734 8⁰
460 3672 511 3732 An
525 3670 618 3734 violet
631 3670 769 3752 siqiilum
786 3669 1008 3752 Confusarum,
1023 3673 1079 3753 qui
1089 3669 1252 3754 paenitenti
1270 3669 1398 3752 indispo-

118 3759 177 3822 sito
191 3760 365 3821 schedulam
381 3761 580 3840 confessionis
593 3759 740 3842 demqut?

159 3847 249 3930 Besp.
266 3854 300 3911 4⁰
318 3848 458 3930 affirm„
476 3849 596 3929 quoties
614 3849 741 3930 deneg-et
757 3849 934 3912 schedulam
950 3849 1114 3934 penitenti
1132 3853 1219 3911 extro
1237 3845 1396 3910 contessio-

120 3953 191 3999 nun
210 3954 279 3999 earu
301 3937 428 4017 petenti.
452 3937 540 4002 Ratio
558 3943 620 4012 est,
635 3939 710 4018 quis
734 3937 836 4000 utitur
855 3937 968 4000 notitia
988 3936 1184 4001 confessionis
1206 3937 1244 3998 ed
1262 3935 1398 3998 exterius

116 4025 287 4104 agendum,
304 4025 472 4105 etquidem
487 4043 558 4088 urm
574 4043 685 4106 magno
699 4026 880 4107 poenitentis
892 4027 1081 4106 grovsmhre.

159 4113 251 4195 desp.
269 4117 302 4174 2⁰
314 4114 449 4192 Affirm„
468 4113 590 4175 etiamsi
603 4113 755 4194 prenitens
774 4134 836 4178 non
851 4113 1008 4177 absolutus
1025 4121 1109 4195 petut
1122 4113 1297 4177 schedulam
1314 4115 1397 4177 intra

115 4201 354 4273 oonfessionem,
375 4205 407 4262 et
428 4203 536 4280 agatur
554 4203 592 4263 de
610 4202 650 4263 iis
663 4202 905 4264 circumstantiis
927 4203 962 4264 in
982 4203 1097 4283 quibus
1116 4203 1190 4265 solet
1210 4203 1290 4274 deri,
1312 4203 1398 4265 vela

118 4287 333 4370 Superioribus
347 4287 527 4368 paenitentis
540 4289 687 4367 exigitur,
703 4297 740 4352 ut
757 4309 836 4370 saepe
847 4290 881 4352 flt
894 4295 1028 4371 empore
1043 4291 1178 4354 Pesoheii
1191 4309 1245 4373 pro
1261 4290 1397 4354 alumnis

118 4374 329 4456 eollegiorum,
343 4375 482 4448 seruulis,
498 4380 553 4438 etc.
575 4375 664 4440 Ratio
677 4384 738 4449 est,
759 4379 833 4458 quis
850 4395 889 4440 ex
902 4379 1098 4458 denegatione
1117 4379 1266 4443 mhsdulae
1285 4385 1398 4442 notum

118 4465 191 4530 aliis
212 4465 262 4539 fit,
281 4463 483 4546 poenitentem
503 4482 566 4526 non
580 4483 644 4526 esse
659 4464 717 4527 rite
732 4465 903 4530 confessum
922 4485 977 4530 neu
990 4467 1183 4543 absolutum,
1197 4468 1327 4549 ideoque
1338 4466 1398 4529 erit
