3206 5042
638 238 681 281 on
702 235 875 282 cnusunrs
1324 222 1390 280 tor

722 395 793 450 XIV
910 447 914 456 .

158 505 315 578 Religiosos
339 507 545 577 praesumentes
567 504 684 560 Clerieis
706 505 756 559 aut
775 502 856 558 laicis
878 504 957 557 extra
976 517 1074 558 casum
1094 501 1276 558 necessitatis
1293 504 1392 560 Sacra·

120 589 247 642 mentum
272 587 410 642 Extremae
429 585 578 642 Unctionis
599 585 648 640 aut
667 582 855 640 Eucharistiae
874 599 924 656 per
943 582 1078 639 viaticum
1098 581 1262 638 ministrare
1285 583 1393 656 absque

119 666 237 722 Porocbi
253 665 380 721 licentia.

631 733 694 809 [Ee
709 734 895 816 Clementiae
908 734 1060 830 Religiosi,
1075 733 1111 789 de
1122 732 1320 806 euprepio.)

159 887 247 945 1011.
263 919 302 926 -
315 881 506 945 clementina
520 882 676 962 1161191661,
693 889 803 960 praeter
816 879 980 958 Religiosos
994 880 1109 959 absque
1126 878 1248 942 licentia
1264 880 1388 944 Parochi

118 977 312 1037 Sacramenta
323 978 474 1037 Extremae
487 971 647 1037 Unctionis
662 977 716 1034 aut
730 971 929 1033 Eucharistiae
939 989 992 1050 per
1002 970 1151 1032 viaticum
1162 971 1387 1047 ministrantes

117 1062 172 1126 bos
191 1063 286 1124 etiam
307 1060 487 1140 subjiciebat
505 1060 605 1122 eidem
624 1058 948 1132 excommunicationi,
965 1058 1033 1139 qui,
1050 1077 1113 1120 non
1128 1059 1250 1120 obtenta
1264 1056 1387 1124 Parecbi

116 1149 250 1223 licentia,
261 1149 456 1212 Matrimonia
466 1148 708 1223 solemnizarent,
719 1167 773 1210 seu
782 1147 1003 1209 benedicerent.
1014 1149 1092 1208 Gum
1104 1152 1208 1208 autem
1219 1148 1389 1210 Concilium

116 1237 346 1312 Tridentium,
355 1257 425 1298 sess.
439 1240 544 1311 XXIV,
555 1257 580 1298 e.
593 1257 614 1312 1,
629 1237 665 1298 de
678 1237 828 1317 Reform,
839 1235 1029 1298 instituendo
1041 1235 1296 1314 impedimentum
1306 1235 1388 1298 olan-

116 1325 316 1401 destinitatis,
331 1344 453 1407 paenam
468 1326 676 1406 suspensionis
685 1327 754 1390 latae
769 1325 928 1388 sententiae
940 1323 1099 1388 ordinario
1111 1330 1297 1388 reservatam
1309 1325 1387 1386 tule-

115 1412 157 1474 rit
177 1413 210 1474 in
229 1415 402 1477 Sacerdotes
423 1415 575 1496 quoslibet
594 1417 654 1477 sive
672 1414 826 1496 reputares
845 1415 905 1475 sive
922 1413 1096 1491 secutores,
1111 1411 1165 1492 qui
1183 1431 1309 1493 sponsos
1325 1415 1388 1474 sino

115 1501 236 1561 illorum
251 1501 388 1563 Poroelri
409 1503 530 1565 licentia
550 1504 735 1586 conjungere
753 1513 806 1563 aut
829 1503 1000 1564 bercedicere
1019 1502 1088 1562 ousz'
1105 1501 1238 1582 suerint,
1259 1501 1388 1580 quaestio

116 1596 200 1652 mota
213 1596 259 1652 est
271 1590 351 1653 inter
365 1593 511 1666 doctores,
524 1611 563 1655 an
577 1593 642 1656 haec
656 1611 745 1674 prena
758 1591 938 1673 praecedenti
952 1591 1113 1654 adderetur
1125 1591 1172 1653 vel
1187 1589 1248 1669 poti
1252 1608 1288 1650 us
1303 1589 1388 1650 illam

115 1676 281 1756 abrogaret.
305 1683 407 1742 Cessat
428 1683 634 1744 controversia
657 1682 690 1743 in
712 1689 875 1760 utramque
896 1687 1015 1760 partem
1039 1680 1154 1758 agitata
1174 1677 1206 1739 11
1228 1679 1387 1757 presentis

115 1765 365 1841 constitutionis,
385 1788 469 1849 quae,
486 1769 599 1832 omissa
617 1787 811 1849 quacumque
824 1769 859 1830 in
872 1767 928 1828 hac
943 1786 1071 1829 censura
1082 1765 1267 1828 Sacramenti
1281 1766 1387 1826 Matri-

116 1852 214 1914 monii
227 1855 399 1930 mentione,
416 1858 511 1918 solam
524 1856 655 1918 retinuit
667 1856 897 1936 suspensionem
906 1855 1120 1917 'tridentinam
1130 1853 1275 1916 omnibus
1289 1852 1387 1914 indis-

115 1940 306 2004 criminatim
320 1943 532 2007 Sacerdotibus
545 1944 711 2020 inflictam,
728 1953 766 2007 ut
780 1944 859 2007 infra
874 1943 1004 2007 dicetur.

235 2071 428 2147 Quaesita.

154 2201 243 2260 lom.
260 2235 299 2244 -
319 2202 420 2274 01111.
437 2206 470 2264 10
492 2201 621 2276 Quinem
648 2201 703 2262 sub
726 2201 846 2262 nomine
868 2201 1089 2281 Religiosorum
1113 2198 1244 2260 11111116
1271 2197 1387 2258 11116111-

113 2285 225 2364 pendi?

155 2373 244 2456 desp.
258 2395 270 2435 .·
284 2376 309 2437 11
325 2377 470 2440 videntur
484 2397 564 2454 esse,
581 2379 646 2459 qui,
665 2395 728 2441 non
742 2380 841 2442 solum
856 2398 892 2441 ex
906 2379 1078 2442 conditione
1093 2377 1140 2440 sui
1156 2381 1266 2448 status,
1284 2372 1335 2436 sed
1350 2390 1386 2433 ex

113 2467 185 2525 ture
197 2470 226 2525 et
241 2466 319 2547 stylo
331 2467 445 2543 Guriae,
460 2468 517 2530 1166
531 2467 657 2531 nomine
674 2467 794 2548 proprie
807 2469 1008 2548 appellentur,
1026 2485 1080 2528 seu
1099 2467 1180 2545 apud
1200 2482 1276 2543 quos
1296 2460 1387 2525 emit-

113 2557 225 2614 tuntur
239 2561 310 2616 uota
327 2555 485 2618 solemnia.
502 2556 591 2621 Ratio
611 2559 671 2627 est,
687 2557 761 2637 quia
779 2556 814 2618 in
835 2555 1007 2636 poenalibus
1022 2556 1069 2617 lex
1084 2553 1187 2616 stricte
1201 2551 1327 2614 omnino
1341 2555 1388 2613 est

113 2638 356 2720 interpretanda,
373 2649 498 2726 ejusque
510 2645 603 2708 verba
624 2647 793 2708 secundum
815 2645 972 2725 proprium
995 2661 1134 2717 sensum,
1151 2659 1244 2721 quem
1263 2659 1301 2702 ex
1314 2643 1387 2701 Jure

114 2727 240 2800 babent,
256 2738 329 2791 sunt
344 2734 528 2812 accipienda.

155 2815 232 2873 Hinc
243 2833 306 2875 non
315 2815 458 2878 videntur
471 2817 528 2878 sub
542 2819 599 2878 bae
611 2835 739 2879 censura
749 2818 963 2895 comprehendi
977 2816 1228 2896 congregationes
1239 2814 1386 2893 religiose

114 2905 256 2962 votorum
271 2901 474 2980 simplicium,
489 2905 582 2966 etiam
596 2905 734 2983 quando,
748 2907 784 2965 ut
801 2923 878 2983 saepe
889 2905 938 2979 fit,
952 2904 985 2967 id
1004 2923 1094 2967 omne
1110 2905 1225 2967 babent
1245 2903 1327 2983 quod
1348 2902 1386 2964 ad

114 2987 279 3050 essentiam
300 2995 399 3052 status
420 2991 553 3070 religiosi
574 2991 758 3072 requiritur;
780 2993 907 3054 namin
928 2993 1207 3057 constitutionibus
1218 2990 1385 3055 Pontificiis

114 3080 247 3160 (Boules,
264 3083 301 3142 de
318 3081 393 3144 lure
414 3082 499 3164 Hep,
517 3105 553 3166 p.
571 3087 613 3159 11,
631 3093 700 3145 sect.
723 3103 750 3157 1,
767 3105 792 3146 6.
808 3086 842 3166 1)
856 3085 933 3147 clare
949 3085 1202 3149 discriminantur
1219 3106 1237 3149 a
1255 3085 1335 3147 veris
1356 3091 1387 3148 et

114 3169 298 3249 [6161611161
312 3170 537 3252 Religionibus,
555 3179 585 3235 ot
600 3172 680 3235 siout
693 3172 806 3236 harum
820 3172 1014 3254 Religionum
1030 3175 1135 3236 omnia
1152 3173 1310 3254 privilegia
1323 3191 1385 3235 non

115 3256 313 3338 participant,
334 3261 378 3322 ite
399 3261 514 3341 poenis,
536 3279 604 3343 quae
632 3261 676 3324 eis
701 3262 914 3343 imponuntur,
935 3262 1072 3325 obnoxie
1093 3279 1156 3324 esse
1180 3279 1241 3324 non
1262 3261 1383 3322 debent.

114 3347 200 3408 Certe
221 3356 326 3411 autem
346 3367 408 3411 non
429 3352 729 3432 comprehenduntur
743 3352 858 3414 Neritii
873 3351 1009 3432 cujusvis
1027 3349 1182 3424 instituti,
1196 3349 1318 3413 Ordinis
1333 3353 1387 3411 aut

114 3435 290 3516 Religionis,
307 3437 459 3519 siquidem
471 3458 570 3522 neque
585 3459 622 3504 ex
635 3459 690 3502 sua
705 3441 878 3504 conditione
893 3445 975 3514 sunt,
988 3459 1087 3522 neque
1102 3459 1139 3503 ex
1152 3443 1225 3503 lure
1239 3439 1386 3502 dicuntur

114 3524 178 3584 1611
200 3526 352 3604 Religiosi.
368 3561 409 3573 -
430 3531 739 3611 comprehenduntur
757 3549 772 3591 e
794 3537 899 3593 contra
919 3531 973 3609 qui
994 3535 1063 3593 vota
1084 3529 1236 3609 simplicia
1261 3533 1385 3612 taptum

114 3611 283 3675 emiserunt
303 3615 337 3677 in
349 3633 421 3678 vera
438 3625 469 3680 et
481 3619 601 3700 proprie
623 3619 702 3682 dicte
722 3617 891 3698 Religione,
908 3637 939 3681 1.
956 3637 1015 3698 gr„
1031 3617 1206 3682 Scholastici
1228 3615 1385 3679 Societatis

114 3703 195 3774 lesu,
209 3701 412 3785 Religiosique
423 3724 529 3770 omnes
542 3708 719 3771 solemniter
730 3706 866 3788 professi,
878 3707 1000 3770 etiamsi
1009 3706 1167 3788 privilegio
1181 3704 1384 3786 exemptionis

115 3805 176 3849 non
189 3791 398 3867 gaudeant.-
409 3794 542 3872 Suorez,
560 3797 641 3878 disp.
660 3813 741 3871 xxn,
758 3805 828 3858 sect.
846 3801 924 3858 1.-
935 3797 1062 3876 Β6666.,
1080 3795 1117 3858 de
1135 3794 1224 3857 Cens.
1241 3796 1273 3854 in
1285 3802 1389 3876 para,

114 3875 193 3957 disp.
211 3895 249 3952 11,
268 3901 298 3962 q.
313 3885 344 3958 d,
357 3903 394 3964 p.
410 3889 440 3947 5.

154 3969 300 4041 (1111111ο
316 3970 513 4045 0666166661
531 3975 565 4036 ob
581 3975 785 4036 necessitatem
801 3983 981 4037 excusentur·
994 3973 1141 4056 Retipiosi
1155 3972 1192 4033 ab
1210 3971 1386 4054 166611611-

113 4051 226 4116 bitione
238 4063 422 4122 etecusam?

152 4143 242 4224 Hesp.
252 4164 265 4206 .·
276 4147 382 4210 Varios
395 4159 557 4214 enumerat
571 4171 658 4215 casus
675 4153 712 4216 S.
726 4153 822 4235 Alpa.
837 4172 875 4215 ex
888 4152 1100 4229 Busembaum,
1118 4151 1137 4212 1.
1154 4154 1208 4226 Vl,
1223 4155 1386 4226 611161

112 4233 281 4320 generatim
302 4235 363 4297 dici
383 4243 498 4316 potest,
515 4245 590 4304 tunc
614 4241 779 4322 Religiosos
800 4241 938 4304 excusari
955 4260 1129 4316 aeensura,
1146 4243 1268 4324 quando
1286 4237 1384 4302 caeteri

111 4320 285 4385 Sacerdotes
296 4330 481 4389 excusantur
494 4347 513 4390 a
526 4328 747 4409 pmbibitione,
763 4330 877 4394 scilicet
888 4331 1008 4411 quoties
1019 4331 1105 4393 adest
1119 4329 1288 4411 periculum
1303 4343 1385 4389 mor-

110 4407 168 4557 111,
185 4416 217 4472 61
237 4412 388 4476 Parochus
408 4415 456 4477 161
477 4435 539 4479 non
560 4423 658 4498 potest
675 4419 723 4482 161
746 4437 808 4482 non
830 4420 897 4482 vult
917 4418 1042 4482 infirmo
1062 4421 1255 4482 Sacramenta
1276 4415 1385 4478 minis-

125 4515 203 4560 rare.
