3206 5042
631 209 674 254 nn
695 209 866 254 cnusunrs
1012 234 1014 244 .
1318 195 1385 254 tb'l

88 337 171 382 nem
188 319 280 396 latae,
299 320 455 384 sedetiam
468 319 637 401 quodliher
651 319 807 382 contineat
818 337 851 382 ao
863 326 1033 400 propugnet
1046 320 1204 395 heresim,
1221 320 1322 401 sitque
1336 320 1390 382 ali-

91 411 192 489 cujus
216 409 360 474 heretici
374 408 421 470 vel
442 413 597 488 apostatae.
618 407 678 484 Qui
698 408 830 469 alterum
855 406 953 487 igitur
971 408 1082 484 nescit,
1099 408 1273 489 ignorantia
1295 409 1390 471 etiam

93 514 226 572 cressa,
251 502 420 560 excusatur
446 496 485 559 ab
510 495 835 559 excommunicatione.
849 531 890 541 -
908 495 959 558 lto
979 498 1185 559 communiter.
1200 531 1241 544 —
1260 495 1294 556 S.
1319 498 1387 578 Lip.

91 605 128 646 n.
146 589 228 649 296.
246 621 291 634 -·
304 585 407 649 Recole
421 585 503 649 dicta
517 604 549 647 n.
564 589 634 648 939.

137 675 240 756 Resp.
261 673 302 736 ed
315 678 389 737 2¹²³:
406 673 546 738 Refertur
559 692 621 736 non
635 675 736 736 solnm
758 674 796 736 ad
817 675 963 754 legentes,
981 676 1033 737 sed
1049 675 1143 737 otiam
1158 675 1196 737 ad
1207 673 1389 749 retinentes,

92 762 329 844 imprimentes
343 770 375 825 et
387 763 595 838 defendentes
609 780 682 825 nam
703 762 739 825 in
755 761 850 823 Rullo
865 762 965 825 Coenre
978 782 1017 825 ex
1032 781 1094 844 qna
1110 781 1238 825 censura
1251 763 1393 826 desumi-

96 857 166 926 tur,
186 869 253 914 vox
269 855 398 914 scienter
413 851 479 915 haec
499 858 630 932 quatuor
643 851 822 913 immediate
833 849 942 912 afficit:
958 851 1264 914 excommunicantur
1283 869 1392 933 nempe

95 942 242 1002 scienter
263 941 409 1023 lepentes,
426 948 479 1002 aut
499 942 676 1018 retinentes,
695 941 901 1021 imprimentes
917 959 969 1002 seu
986 937 1208 1022 quomodolibet
1227 937 1392 1022 defenden-

97 1039 162 1108 tes,
178 1036 245 1092 etc.
1343 1073 1345 1077 .

142 1121 259 1194 Quaen.
276 1123 308 1180 9⁰
321 1119 369 1180 An
386 1121 572 1200 requiratur,
588 1127 622 1176 ut
637 1126 744 1178 auctor
759 1115 832 1178 libri
847 1115 970 1178 aliunde
982 1125 1125 1178 noscatur
1137 1125 1279 1198 tanquam
1294 1117 1358 1180 liter
1374 1154 1392 1165 -

99 1209 203 1277 licus,
224 1207 278 1268 vel
288 1207 426 1289 sufficiat
441 1217 474 1269 ut
486 1227 542 1289 per
561 1206 672 1267 librum
685 1206 756 1266 talis
770 1225 831 1266 esse
843 1205 1072 1284 manifestetur?

146 1297 249 1378 Resp.
262 1295 416 1359 :Videtur
429 1297 485 1359 hoc
499 1296 647 1359 ultimum
668 1293 816 1370 sufficere3
833 1312 941 1358 verram
959 1299 1076 1374 oportet
1089 1301 1126 1356 ut
1142 1293 1239 1373 signis
1253 1293 1393 1359 indubiis

100 1384 189 1446 liber
214 1386 326 1466 prodat
347 1385 502 1466 scriptoris
522 1383 723 1465 pertinaciam
747 1390 852 1446 contra
874 1381 1087 1444 auctoritatem
1108 1381 1260 1460 Ecclesiae;
1282 1403 1335 1446 sen
1355 1389 1393 1446 ut

101 1472 185 1534 talia
199 1472 323 1548 referat,
340 1492 408 1553 qnae
420 1473 622 1554 aequiualeaut
637 1491 715 1535 vere
729 1471 902 1552 apostasiae,
917 1477 973 1533 aut
985 1471 1118 1533 evidenti
1135 1469 1311 1550 professioni
1331 1471 1393 1535 hae-

101 1561 199 1622 resiS.
208 1596 253 1606 -
265 1561 428 1636 Aoonzini,
441 1562 522 1622 Adn.
535 1567 564 1623 7.
573 1597 612 1607 —
627 1561 754 1638 Suarez,
771 1561 849 1642 disp.
866 1579 928 1634 xm,
945 1569 1016 1620 sect.
1029 1564 1060 1638 h,
1077 1581 1108 1622 n.
1123 1565 1221 1622 tl.-
1233 1559 1390 1639 Sanctam,

101 1649 141 1711 de
158 1649 299 1722 Hoeresi,
317 1672 342 1712 r.
359 1669 431 1724 xlii,
450 1673 481 1714 n.
498 1657 528 1715 5.

148 1741 262 1814 Quen.
275 1743 308 1801 3⁰
318 1741 369 1799 An
383 1743 502 1800 nomine
512 1739 660 1799 librorum
669 1738 887 1799 ueniantetiam
896 1738 1097 1816 ephemerides
1109 1747 1136 1796 et
1147 1737 1394 1818 diariopubit'ca?

150 1825 248 1904 Resp.
261 1845 274 1885 .·
282 1829 408 1888 Certum
423 1831 468 1887 est
481 1825 578 1888 diaria
591 1826 723 1906 publiea,
738 1826 829 1904 vulgo
842 1825 1067 1905 lesjoarnaur,
1085 1823 1238 1904 subjacere
1258 1843 1393 1890 censure

104 1913 337 1989 ecclesiasticen,
351 1919 388 1976 ut
400 1920 519 1976 constat
532 1933 570 1975 ex
584 1914 724 1993 sequenti
735 1918 888 1993 Responsa
903 1912 938 1975 S.
953 1911 987 1974 C.
1000 1911 1227 1993 inquisitionis,
1237 1931 1286 1975 an.
1301 1917 1390 1990 1832,

105 2001 233 2064 directo
248 2000 285 2062 ab
303 2002 463 2083 Episcopos
477 2001 642 2064 Helvetiae:

153 2091 264 2166 Quaer.
283 2096 316 2153 1⁰
331 2089 438 2153 Utrum
457 2091 662 2174 ephemerides
677 2111 729 2151 seu
751 2090 853 2151 diario
876 2089 987 2172 subjici
1010 2090 1138 2152 deleant
1154 2110 1283 2154 consecras
1304 2091 1391 2153 Ordi-

105 2179 218 2252 nart'i,
236 2187 265 2240 et
279 2201 318 2241 au
333 2179 423 2242 etiam
436 2180 537 2262 qccoad
551 2180 705 2261 opiniones
718 2179 883 2262 politicas?

151 2267 249 2348 Resp.
265 2267 471 2343 Affirmative,
488 2270 588 2350 qaroad
603 2275 769 2350 utramque
783 2275 903 2349 partem
914 2279 936 2329 ¹.

153 2357 260 2432 Quor.
276 2362 308 2419 Ψ
318 2357 369 2419 Au
384 2357 476 2418 eidem
488 2376 618 2419 censente
629 2357 806 2438 subjaceant
820 2377 881 2417 non
895 2357 987 2418 solum
999 2358 1125 2420 articuli
1136 2357 1329 2436 doctrinales,
1343 2359 1396 2420 sed

110 2445 210 2506 etium
227 2446 349 2508 articuli
363 2449 395 2506 in
410 2445 518 2527 quibus
531 2446 617 2526 sacta
631 2449 821 2507 narrantur?

154 2534 250 2614 Hesp.
266 2535 466 2600 Affirmative.

154 2627 262 2686 Potest
283 2625 380 2704 igitur
400 2625 532 2688 Ecclesia
550 2641 657 2687 eornm
676 2625 851 2698 lectionem,
873 2625 968 2688 etiem
990 2626 1047 2688 sub
1067 2625 1392 2690 excommunicationis

112 2729 219 2790 penne,
233 2713 407 2789 prohibere;
422 2718 651 2785 verumtamen,
668 2731 739 2773 cum
758 2713 791 2773 id
810 2720 934 2775 tantum
950 2731 1003 2791 per
1020 2711 1279 2775 constitutionem
1294 2715 1393 2776 veteri

113 2805 290 2871 censeatur,
306 2799 388 2874 qnod
402 2798 435 2858 in
449 2798 517 2874 ipsa
530 2799 608 2858 claro
622 2798 807 2868 continetur,
824 2816 923 2876 neque
936 2816 1012 2859 usns
1024 2797 1115 2870 ierat,
1132 2803 1168 2859 ut
1180 2797 1278 2860 diaria
1292 2801 1391 2878 appel-

115 2892 225 2952 lentur
238 2883 325 2957 lihri,
343 2882 529 2962 probabilius
544 2883 668 2945 videtur
681 2901 716 2944 ea
727 2883 785 2944 snb
797 2883 853 2945 hac
867 2901 995 2947 censura
1010 2903 1072 2948 non
1086 2886 1310 2965 comprehendi.

159 2974 277 3038 Eadem
294 2971 331 3034 do
347 2989 438 3032 cansa
457 2970 609 3032 sententia
628 2971 821 3032 communior
841 2971 949 3034 eximit
966 2974 1005 3036 ab
1023 2974 1338 3038 excommunicatione
1351 2977 1392 3039 le-

118 3071 227 3148 gentes
241 3060 386 3143 opusculu
404 3078 457 3122 seu
472 3077 581 3140 parvos
600 3058 715 3122 libellos
729 3059 940 3123 hereticorum
959 3062 993 3124 in
1011 3063 1125 3143 quibus
1140 3063 1265 3127 heresis
1281 3083 1393 3145 propn-

119 3157 244 3235 gnatur.
266 3149 442 3221 Rationem,
464 3165 519 3210 cur
537 3165 600 3227 pree
619 3148 772 3228 opusculis
791 3148 848 3211 sub
868 3151 1194 3214 excommunicationis
1212 3171 1302 3232 prena
1321 3151 1393 3214 libri

118 3241 351 3324 prohibeantur,
364 3255 431 3300 eam
446 3235 547 3299 reddit
556 3235 746 3319 Scbmalzpr.
760 3237 781 3300 l.
796 3239 833 3314 V,
847 3240 896 3300 tit.
911 3257 970 3312 vu,
984 3259 1014 3300 a.
1028 3243 1082 3313 55,
1096 3239 1170 3319 qnia
1180 3239 1252 3301 libri
1266 3247 1393 3303 manent

119 3329 257 3402 diutius,
274 3327 458 3407 evulgantnr
471 3325 564 3387 latius
578 3331 609 3388 et
623 3325 748 3406 majoris
762 3329 835 3389 sunt
848 3327 1052 3391 auctoritatis.

161 3422 265 3496 Quen.
281 3421 315 3480 4⁰
330 3417 380 3478 An
395 3413 436 3475 ad
441 3424 616 3496 presentem
631 3435 786 3477 censttram
799 3417 977 3497 pertineant
990 3417 1173 3480 libriomues
1185 3427 1255 3480 ante
1272 3417 1393 3480 Consti-

120 3509 254 3569 tutionis
268 3503 544 3588 promulpott'onem
553 3525 611 3586 per
623 3505 760 3566 Litteras
776 3505 966 3586 Apostolieas
980 3506 1162 3568 nominatim
1172 3507 1324 3587 prohibiti
1329 3507 1345 3565 7

162 3596 250 3676 Hesp.
267 3593 346 3675 Nep.
371 3593 479 3656 saltem
495 3593 701 3674 probabiliter
705 3610 718 3672 ;
737 3595 789 3656 sed
803 3613 840 3657 cr
858 3593 933 3675 ipsis
950 3594 995 3657 illi
1014 3601 1138 3658 tantum
1157 3595 1303 3658 videntur
1321 3615 1393 3658 cen-

121 3701 228 3746 suram
247 3683 283 3745 in
300 3682 433 3763 legentes
452 3682 609 3757 inducere,
626 3682 680 3763 qni
699 3682 823 3746 luerunt
841 3683 990 3764 prohibiti
1005 3684 1062 3746 snb
1076 3702 1166 3765 poena
1178 3685 1395 3748 excommnni-

120 3772 250 3834 cationis
270 3777 407 3836 Romano
430 3771 569 3833 Pontifici
591 3779 754 3834 reservata.
780 3773 867 3838 Ratio
890 3779 950 3846 est,
976 3773 1050 3854 quia
1075 3791 1180 3849 secus,
1202 3775 1320 3836 nedum
1342 3791 1396 3855 per

120 3860 379 3923 constitutionem
389 3867 633 3941 temperarentur
642 3879 675 3921 ao
685 3860 895 3924 limitarentur
909 3880 1044 3926 censura
1057 3869 1234 3937 reservate,
1246 3870 1280 3926 at
1290 3861 1394 3943 potius

122 3949 259 4011 multum
276 3954 515 4029 aggravarentur
529 3967 718 4028 numeroque
732 3955 932 4029 augmentum
951 3951 985 4012 id
1000 3956 1105 4014 autem
1120 3949 1244 4013 videtur
1257 3949 1395 4014 alienum

121 4056 140 4099 a
154 4042 257 4101 mente
272 4037 426 4099 Pontificis
440 4036 701 4100 Constitutionem
715 4039 890 4102 statuentis.

153 4263 163 4298 ¹
178 4262 219 4315 Sic
233 4277 334 4323 revera,
348 4277 379 4314 ex
391 4263 513 4314 mandato
528 4263 571 4314 SS.
586 4265 639 4312 DI).
652 4265 679 4314 P.
695 4263 733 4315 eit
744 4265 787 4324 lx,
799 4263 944 4316 cardinalis
951 4263 1081 4325 vicarius,
1093 4271 1116 4315 6.
1129 4265 1181 4317 tul.
1196 4271 1264 4326 1871,
1278 4263 1393 4330 plurium

120 4333 274 4386 nominatim
288 4333 478 4399 ephemeridum
492 4333 580 4396 Urbis,
593 4338 718 4398 tanquam
735 4349 896 4398 summopere
913 4336 1121 4400 impudentium,
1133 4338 1272 4401 fictarum,
1284 4335 1393 4386 meudu-

120 4404 229 4528 cinarpoet
241 4405 465 4472 imelipiosarum,
478 4403 613 4457 lectionem
625 4405 673 4456 suh
686 4405 759 4470 gravi
771 4409 873 4470 peccato
884 4405 1022 4471 prohibuit.
1032 4433 1064 4444 —
1072 4407 1140 4458 Acta
1152 4407 1180 4459 S.
1193 4407 1278 4470 Sedis,
1289 4406 1338 4458 vol.
1347 4407 1391 4468 Vl,

117 4488 144 4539 p.
206 4513 212 4527 .
