3206 5042
672 303 715 346 ns
736 303 912 348 censeare
1365 295 1431 352 tul

137 431 155 470 <c
181 411 254 473 stit.
273 409 465 493 Apostolieoe
485 411 574 474 Sedis
581 459 590 492 ,
616 431 685 492 quae
704 429 766 474 non
788 432 805 474 a
824 414 913 494 longo
932 419 1082 496 tempore,
1100 417 1151 478 sed
1173 414 1221 476 die
1242 420 1279 478 ta
1296 417 1432 480 Octobris

138 521 156 560 u
181 518 273 562 anno
289 503 369 564 4869
380 498 463 562 edita
475 507 535 576 est,
552 501 629 563 etin
642 519 703 581 qua
718 503 867 564 Summus
881 503 1019 566 Pontifex
1034 522 1173 583 expresse
1188 509 1309 580 monet,
1325 524 1432 568 censu-

138 611 156 648 «
180 607 238 651 ras
254 605 381 662 omnes,
398 607 466 668 que
478 589 511 650 in
526 607 561 652 ea
575 590 783 666 continentur,
792 610 853 651 uon
867 592 953 653 modo
965 611 1003 654 ee
1017 601 1146 654 ortuum
1161 592 1318 656 Cononem
1333 606 1433 655 aueto-

137 698 156 736 u
181 680 302 756 ritate,
320 686 464 758 quotenus
475 697 542 739 cum
557 678 614 739 irae
628 689 732 740 nostru
749 679 997 742 Constititutione
1012 685 1206 757 conueniunt,
1226 685 1433 744 verumetiam

137 787 157 825 u
181 785 224 827 ee
239 766 300 828 bec
314 768 381 847 ipsu
395 765 617 828 Constitutione
628 779 740 838 nostru,
754 789 815 829 non
829 789 912 830 secus
926 789 961 831 ee
974 771 1001 830 si
1010 773 1145 852 primm
1160 769 1248 832 edua
1263 770 1301 831 ab
1316 791 1352 832 eu
1364 772 1433 851 sue·

139 877 156 914 α
181 856 272 934 rint,
298 855 357 917 eim
374 875 458 916 suam
474 875 598 938 prorem
612 859 748 938 accipere
766 858 880 919 debere.
901 861 968 922 Non
988 859 1085 938 igitur
1103 859 1176 922 adeo
1195 860 1322 921 recentis
1340 861 1431 938 legis,

138 965 156 1003 u
181 944 374 1023 regulariter
395 944 561 1023 loquendo,
584 946 759 1024 ignorantia
779 946 904 1008 obtendi
927 951 1041 1026 potest,
1058 964 1130 1009 eum
1149 946 1242 1009 luerit
1260 965 1296 1009 ea
1313 947 1433 1010 Censti-

139 1052 156 1093 u
181 1032 271 1095 tutio
283 1040 314 1118 et
328 1051 382 1111 pro
399 1038 461 1094 tota
474 1033 603 1094 Ecclesia
617 1033 651 1094 in
663 1033 742 1095 Urbe
753 1034 956 1113 promulgata,
971 1041 1001 1096 et
1016 1036 1054 1096 ad
1066 1053 1171 1097 omnes
1180 1035 1318 1098 Ecclesia
1326 1042 1432 1115 vportos

138 1143 155 1180 a
181 1139 297 1201 reapse
309 1127 487 1200 propagata,
506 1127 537 1182 et
552 1121 665 1202 ubique
676 1125 742 1202 jam
757 1122 935 1184 celebretur.
953 1145 968 1180 n

183 1215 220 1272 3⁰
237 1213 382 1270 Censura
396 1216 522 1284 veteres,
540 1228 618 1289 que,
634 1210 667 1271 in
679 1211 906 1274 Constitutione
919 1211 1053 1285 inserte,
1067 1212 1150 1274 nullo
1164 1213 1254 1274 modo
1268 1213 1431 1292 peripsam

140 1304 330 1378 temperate
354 1297 495 1371 fuerunt,
519 1297 724 1378 intelligenda
754 1306 829 1362 sunt
850 1303 942 1381 juxta
966 1299 1129 1380 antiquam
1162 1300 1373 1380 theologorum
1401 1308 1432 1362 et

138 1387 400 1460 canonistarum,
417 1405 451 1448 ac
472 1387 643 1466 pracsertim
658 1388 701 1468 (si
720 1407 788 1469 quae
808 1389 974 1470 habeatur)
991 1388 1266 1476 Congregationum
1283 1394 1433 1453 Romana-

138 1493 237 1548 rum,
256 1475 463 1537 traditionem.
484 1479 534 1538 Ee
554 1495 624 1538 vero
643 1495 711 1556 quae
728 1484 902 1556 temperate
920 1476 1062 1551 inerunt,
1081 1478 1126 1539 ita
1144 1483 1220 1539 sunt
1234 1476 1430 1557 accipienda,

137 1569 178 1624 ut
192 1563 327 1644 hujusce
343 1564 576 1644 temperamenti
591 1564 668 1627 ratio
679 1565 840 1628 habeatur.
858 1567 923 1627 lmo
943 1565 970 1628 si
989 1572 1129 1629 veterum
1149 1569 1309 1628 canonum
1324 1584 1432 1628 sensus

139 1668 208 1714 non
235 1651 379 1714 videatur
402 1669 474 1714 cum
493 1671 586 1715 sensu
611 1652 848 1716 constitutionis
870 1673 957 1734 posse
978 1654 1133 1735 componi,
1158 1654 1362 1734 preferendus
1386 1660 1433 1716 est

139 1739 391 1802 Constitutiouis
414 1759 537 1814 sensae,
561 1759 622 1802 non
645 1760 731 1802 secus
751 1761 786 1802 ac
810 1741 836 1802 si
861 1742 1000 1822 primum
1021 1747 1158 1804 Ganones
1181 1741 1226 1802 illi
1248 1741 1286 1803 ab
1304 1759 1338 1802 ea
1356 1741 1432 1803 editi

140 1826 279 1888 fuerint.
298 1861 337 1870 -
356 1828 405 1887 Ila
424 1829 593 1904 decessui,
616 1827 780 1889 Communi.
804 1829 835 1887 iu
855 1829 967 1905 Conse,
987 1830 1091 1890 adnot.
1111 1847 1121 1890 1
1142 1828 1328 1907 (Secundam
1347 1828 1428 1890 Edit.

140 1919 255 1978 Romae
269 1918 347 1977 l8ll
361 1914 543 1994 impressam
559 1915 654 1977 secuti
671 1915 806 1995 sumus).

186 2007 223 2063 4⁰
237 2003 321 2064 Nihil
336 2019 461 2083 prorsus
471 2003 792 2083 perdonstitutionem
804 2009 961 2068 mutatum
975 2012 1023 2068 est
1036 2005 1135 2085 quoad
1146 2023 1289 2066 censuras
1298 2003 1431 2082 serenda

141 2095 322 2162 sententiae,
339 2109 505 2172 prunasque
520 2091 733 2154 ecclesiasticas
746 2111 828 2154 mere
841 2093 1054 2168 vindicativas,
1067 2095 1172 2174 quales
1185 2099 1259 2156 sunt
1270 2093 1428 2173 depositio,

140 2179 337 2258 degradatio,
355 2179 485 2260 privatio
501 2180 606 2256 cilicii,
624 2181 800 2260 dignitatis
817 2181 970 2256 beneficii,
985 2189 1042 2244 etc.
1060 2181 1091 2243 Si
1111 2182 1209 2262 igitur
1221 2199 1313 2262 poena
1326 2181 1431 2260 aliqua

140 2268 303 2348 ejusmodi
317 2273 439 2348 pertus
454 2267 614 2349 infligatur
628 2275 751 2349 propter
765 2270 880 2332 crimen
896 2271 977 2352 quod
994 2271 1163 2334 obnoxium
1182 2269 1276 2332 luerit
1295 2287 1431 2332 censura

141 2356 411 2420 eGonstitutione
423 2373 506 2419 nunc
518 2357 684 2437 abrogata,
695 2357 867 2421 incurritur
884 2359 998 2434 adbuc,
1015 2359 1160 2439 quamvis
1177 2377 1304 2421 censura
1318 2355 1431 2419 abolita

143 2445 206 2520 sit,
230 2446 321 2507 modo
347 2445 432 2508 nulla
451 2445 529 2507 ratio
548 2447 674 2507 suadeat
698 2464 763 2508 eam
782 2451 903 2526 propter
922 2465 1098 2520 censuram,
1118 2465 1172 2510 seu
1191 2447 1396 2526 dependenter
1414 2463 1433 2507 a

144 2551 280 2597 censura
294 2533 444 2596 inflictam
463 2533 567 2596 luisse.
585 2569 625 2580 -
638 2536 723 2597 Idem
742 2535 869 2597 omnino
883 2534 1046 2598 dicendum
1059 2542 1106 2598 est
1120 2536 1157 2598 de
1172 2535 1287 2597 ceteris
1302 2532 1431 2613 disposi-

146 2622 291 2684 tionibus
312 2623 401 2702 legis,
418 2641 488 2704 que
502 2641 645 2686 censuras
665 2625 826 2704 abrogatas
840 2624 1089 2687 comitabantur:
1108 2623 1222 2686 scilicet
1240 2622 1341 2684 ablata
1360 2639 1433 2684 cen-

146 2729 239 2782 sura,
255 2729 318 2772 non
332 2711 442 2773 idcirce
456 2712 530 2790 ipse
544 2712 739 2774 auferuntur.

191 2802 225 2858 5⁰
239 2801 334 2856 Nemo
347 2802 567 2876 cujuscumque
581 2799 742 2874 dignitatis
758 2800 798 2858 sit
812 2799 859 2859 vel
873 2799 1049 2876 potestatis,
1066 2815 1129 2857 non
1144 2797 1243 2857 solum
1262 2797 1358 2872 licite,
1378 2799 1430 2859 sed

149 2881 248 2944 etiam
271 2881 372 2942 aalide
390 2882 544 2944 absolvere
567 2889 700 2960 potesta
716 2884 837 2945 casibus
855 2884 890 2944 in
908 2883 1134 2946 Constitutione
1155 2882 1351 2956 memoratis,
1368 2884 1430 2946 nisi

149 2969 337 3050 peculiarem
351 2972 388 3032 ad
406 2971 438 3032 id
452 2969 599 3050 acceperit
611 2987 629 3030 a
643 2971 717 3032 Sede
731 2971 903 3050 Apostolica
920 2971 1107 3035 facultatem.
1124 2973 1183 3048 Qui
1197 2977 1301 3034 autem
1316 2990 1430 3050 praesu·

150 3066 253 3122 meret
274 3057 340 3120 sine
361 3059 415 3122 tali
436 3057 594 3132 facultate,
611 3057 703 3120 etism
723 3060 832 3140 quovis
854 3065 1020 3140 pretextu,
1036 3061 1214 3142 quempiam
1237 3059 1390 3122 absolvere
1412 3079 1430 3120 a

150 3164 226 3210 casu
246 3152 334 3210 Rom.
365 3147 501 3210 Pontifici
522 3146 693 3228 speccialiter
715 3157 882 3224 reservato,
908 3149 1055 3210 incideret
1079 3150 1112 3211 in
1141 3168 1301 3212 censuram
1330 3148 1429 3210 eidem

151 3237 337 3317 siumliciler
348 3240 547 3310 reservatam3
564 3236 737 3316 dunrmedo,
750 3239 795 3299 ait
808 3237 961 3310 Pontifex,
979 3257 1040 3298 eeu
1056 3247 1168 3318 epuler
1181 3238 1217 3298 de
1230 3237 1338 3298 mertis
1353 3239 1431 3296 arti-

152 3322 238 3398 culo,
253 3329 286 3385 in
300 3345 357 3406 quo
374 3336 471 3387 tomen
486 3325 578 3406 fimo
589 3325 629 3385 sit
643 3327 745 3406 quood
760 3325 910 3388 absolutos
924 3323 1070 3406 obligatio
1083 3325 1185 3388 standi
1202 3323 1354 3386 mundetis
1367 3324 1400 3385 E
1400 3343 1429 3384 c-

151 3412 252 3478 clerice
258 3462 266 3492 ,
281 3419 308 3475 si
320 3414 542 3476 coraeelaerint.
569 3439 571 3442 ·

279 3592 474 3667 Quoesita.

194 3764 264 3822 972.
279 3795 318 3806 -
332 3763 432 3835 Quen.
452 3765 482 3824 1ο
496 3763 547 3840 Au
568 3781 669 3823 ornnes
684 3779 818 3824 censure
834 3761 1037 3839 Tridentinus,
1054 3779 1241 3843 quaeeunque
1260 3759 1344 3820 modo
1363 3759 1431 3839 fue·

153 3847 247 3908 uinta
262 3849 398 3911 Concilio
410 3851 548 3932 inflictae,
563 3870 618 3932 per
632 3849 883 3930 Constitutionem
897 3853 1090 3914 Aresrctrcbt
1104 3853 1190 3914 Senis
1208 3850 1410 3909 innocenter?

194 3937 282 4017 Resp.
299 3937 377 4017 Nep.
392 3941 448 4000 Sed
463 3958 504 4001 eae
523 3946 645 4001 tantum
659 3945 697 4000 ut
711 3938 864 4002 innovatae
874 3939 1038 4015 habentur,
1056 3957 1124 4019 que
1138 3937 1249 3998 derecte
1263 3937 1426 4012 latesunt,

154 4023 186 4085 id
198 4029 244 4085 est
257 4043 325 4104 quae
340 4025 387 4086 rel
400 4026 445 4105 pri
450 4045 538 4089 mum
551 4046 568 4088 a
585 4029 614 4088 S.
630 4029 750 4108 Synodo
764 4027 892 4091 luerunt
908 4033 1045 4102 statutae,
1063 4027 1111 4088 rel
1125 4029 1190 4106 ejus
1207 4026 1314 4088 saltem
1328 4033 1429 4088 aucto-

152 4113 260 4187 ritate,
278 4113 304 4174 si
321 4116 387 4193 jam
408 4115 611 4191 exsistebant,
626 4135 766 4196 expresse
786 4124 818 4180 et
835 4117 1028 4192 immediate,
1045 4133 1100 4196 per
1118 4115 1295 4178 distinctam
1312 4133 1345 4176 ac
1362 4132 1428 4193 spe·

152 4199 260 4262 cialem
275 4202 481 4276 mentionem,
498 4205 533 4264 de
549 4223 627 4266 nevo
642 4205 766 4267 indictae
781 4205 916 4269 filerunt.
934 4211 1036 4286 Neque
1055 4204 1139 4266 enim
1154 4205 1216 4266 ulla
1230 4202 1429 4284 probabilitas

151 4297 198 4352 est
212 4291 345 4354 voluisse
358 4292 535 4354 Pontificem
550 4292 584 4354 in
599 4311 691 4355 suum
705 4295 875 4375 pristinum
890 4296 1026 4375 vigorem
1038 4293 1198 4356 restituere
1213 4299 1259 4356 tet
1271 4309 1425 4366 censuras,

151 4397 228 4460 quas
251 4383 355 4442 Patres
373 4380 547 4443 Tridentini
568 4382 715 4444 indirecte
737 4389 859 4446 tantrun
884 4387 1041 4458 statuunt,
1064 4383 1140 4444 dum
1160 4401 1210 4444 eas
1232 4379 1341 4451 citant,
1358 4379 1428 4440 alle-

151 4473 240 4548 gant,
256 4468 291 4531 in
304 4470 485 4533 memoriam
501 4476 661 4546 revocant,
677 4479 733 4534 aut
747 4473 880 4553 generali
890 4473 980 4534 modo
994 4471 1137 4534 indicunt
1149 4471 1198 4533 bis
1212 4470 1260 4534 vel
1274 4467 1429 4530 similibus

150 4557 267 4622 verbis:
282 4559 344 4635 Qui
356 4577 437 4622 secus
451 4560 595 4640 fecerint,
606 4580 739 4642 poenosa
750 4563 822 4643 jure
835 4562 970 4644 inflictos
983 4563 1050 4644 ipso
1063 4563 1146 4643 serto
1156 4563 1351 4623 incurrant...
1368 4562 1426 4619 etc.
