3198 5036
165 222 233 282 110
699 233 904 281 reserares

161 347 228 408 lum
238 345 419 409 Communia
430 345 496 408 dari
508 345 551 408 cis
563 353 677 426 potest,
689 347 741 410 sed
753 345 848 408 etiam
858 345 958 408 debet.
972 345 1061 410 Ratio
1071 351 1132 420 est,
1145 345 1218 426 quia
1230 345 1302 408 hinc
1311 347 1440 427 qnidem

160 434 248 516 pueri
262 435 297 496 in
309 435 363 496 tali
378 433 512 516 periculo
530 434 691 498 constituti
707 442 852 498 ansatur
865 453 903 496 ex
914 438 1060 514 praecepto
1072 434 1178 496 divino
1193 435 1437 512 communicare,

161 523 232 586 inde
253 542 322 586 vcro
340 522 459 586 utilitas
478 523 677 586 Eucharistiae
696 530 770 586 tunc
790 527 937 604 majorem
956 522 1187 604 dispositionem
1206 541 1269 586 non
1291 525 1436 604 exposcit.

161 612 301 677 Graviter
324 612 419 692 igitur
439 619 543 674 errant
562 613 702 687 Parachi,
727 613 782 693 qui
803 612 959 674 Viaticum
977 611 1156 693 hujusmodi
1177 614 1281 692 pueris
1303 613 1438 676 admini-

161 708 258 764 strare
276 701 396 764 nolunt.
413 737 453 748 -
473 702 510 764 S.
529 702 599 782 Lip.
621 723 653 763 n.
673 706 743 766 301.
764 738 805 747 -
822 700 977 778 Billuort,
996 702 1065 764 diss.
1082 721 1132 776 v1,
1156 711 1214 762 ort
1235 708 1263 764 1.
1285 737 1324 748 -
1344 701 1438 764 Gour-

160 799 215 858 set,
238 809 269 850 a.
289 794 358 853 033.

202 883 272 942 301.
286 913 326 924 --
342 881 443 954 Quart.
460 885 494 942 ¹l⁰
507 881 559 942 Aa
574 883 740 941 communio
756 881 788 940 io
800 879 937 962 periculo
952 881 1059 940 mortis
1078 879 1182 940 decada
1199 881 1239 940 sit
1253 881 1434 950 accentibus,

159 968 327 1047 semifatuae
332 1015 341 1046 ,
359 967 560 1030 delirantibus
575 979 603 1030 et
618 968 752 1030 sensibus
767 967 944 1030 destitutis?

203 1055 291 1139 Resp.
316 1064 349 1118 l⁰
373 1059 474 1138 quood
497 1067 628 1120 amentes
643 1076 656 1119 .·
675 1065 707 1120 10
727 1057 759 1120 Si
786 1057 904 1120 suerint
927 1063 1070 1138 perpetuo
1099 1061 1248 1132 amentes,
1273 1077 1439 1139 nunquam

162 1146 344 1209 Communio
358 1145 402 1208 eis
416 1147 515 1209 danda
530 1153 586 1209 est.
604 1147 652 1210 Sic
666 1165 703 1208 ex
718 1147 838 1208 Ilituali
851 1145 938 1208 Rom.
956 1146 993 1207 de
1007 1145 1107 1207 Euelt.
1124 1181 1164 1191 -
1179 1151 1211 1208 00
1226 1147 1257 1210 si
1272 1147 1374 1210 lucida
1388 1148 1438 1209 in-

162 1235 286 1297 tervalla
312 1235 422 1314 sapius
447 1235 595 1310 habeant,
619 1243 649 1298 et
672 1235 860 1298 desiderium
886 1234 1133 1298 communicandi
1157 1235 1437 1310 manifestaverint,

160 1323 344 1386 Commrmio
363 1323 406 1385 eis
426 1324 492 1390 dari
512 1325 639 1405 poterit3
655 1325 720 1386 imo
739 1329 769 1387 et
782 1325 917 1399 debebit,
935 1325 1050 1387 secluso
1067 1323 1272 1388 irreverentia
1288 1325 1435 1405 periculo.

162 1447 201 1456 -
213 1409 248 1473 S.
265 1412 369 1474 Thera.
386 1416 429 1486 3.,
446 1435 475 1495 q.
493 1419 547 1488 80,
561 1423 622 1474 ort.
639 1417 669 1476 9.
681 1449 721 1460 -—
737 1413 858 1476 Coteclt.
878 1413 969 1474 Cone.
986 1411 1073 1473 Tenet.
1090 1448 1130 1456 -
1143 1411 1177 1473 S.
1192 1413 1261 1494 Lip.
1276 1433 1307 1474 n.
1324 1418 1393 1477 300.

202 1499 290 1582 Resp.
312 1504 346 1562 00
367 1502 469 1584 quood
484 1502 683 1583 semifatuos:
703 1501 779 1583 Ipsis
801 1503 901 1564 danda
922 1508 969 1564 est
991 1500 1190 1573 Gommuuio,
1211 1501 1333 1581 quando
1352 1501 1440 1565 suffi-

161 1588 292 1651 cientem
304 1589 419 1652 habent
430 1590 654 1666 discretionem,
669 1599 705 1653 ut
717 1592 869 1653 caelestem
882 1589 965 1652 hunc
978 1589 1082 1652 cibum
1095 1589 1132 1651 ab
1145 1589 1213 1652 aliis
1224 1590 1435 1670 distingorant;

161 1677 214 1738 sed
229 1695 311 1753 raro,
327 1678 439 1742 scilicet
456 1686 579 1742 tantum
595 1680 628 1742 in
646 1680 770 1742 articulo
786 1679 910 1752 mortis,
928 1685 958 1740 et
973 1678 1027 1740 ubi
1043 1684 1131 1757 urget
1145 1679 1285 1741 strictum
1300 1698 1439 1742 commu-

161 1765 285 1828 nicandi
299 1774 494 1849 preceptum.
511 1805 550 1814 -
563 1767 597 1831 S.
614 1769 698 1851 Lep,
715 1790 746 1830 o.
761 1773 837 1842 303,
855 1777 884 1830 et
899 1767 957 1830 alii
970 1771 1176 1845 communiter,
1192 1774 1297 1830 contra
1308 1786 1436 1849 paucoS,

162 1853 215 1934 qui
231 1857 398 1920 conoedunt
416 1858 506 1920 toties
521 1856 641 1938 quoties
655 1857 887 1937 postulaverint.

204 1943 290 2025 Resp.
309 1950 341 2009 30
353 1946 454 2028 quood
471 1947 653 2008 delirantes:
668 1946 744 2027 Ipsis
758 1945 941 2010 Gonnnnnio
955 1945 1020 2007 dari
1036 1951 1149 2025 potest,
1167 1943 1192 2007 si
1210 1945 1438 2009 communicare

162 2032 296 2108 valeant,
312 2035 425 2098 secluso
440 2035 646 2097 irreverentia
660 2034 802 2115 periculo.
816 2035 938 2115 Optima
953 2041 1058 2096 autem
1072 2032 1175 2113 praxis
1188 2039 1249 2107 ost,
1265 2039 1300 2096 ut
1312 2032 1438 2096 infirmo

161 2123 373 2185 antecedenter
391 2123 481 2185 delur
501 2123 649 2203 particula
667 2141 729 2186 non
748 2129 936 2198 consecrata,
953 2128 984 2184 et
1003 2122 1045 2184 sie
1062 2127 1220 2202 appareat,
1239 2141 1279 2184 an
1296 2123 1439 2186 decenter

161 2210 387 2272 communicare
402 2211 507 2290 possit.
522 2245 563 2256 -
576 2211 612 2272 S.
626 2211 699 2292 Lip.
715 2232 747 2272 o.
763 2215 834 2274 090.

201 2298 288 2378 Besp.
308 2304 341 2361 10
361 2299 461 2380 quoad
481 2299 637 2360 destitutos
653 2299 789 2361 sensibus
809 2321 815 2361 :
835 2299 895 2380 lpsi
913 2319 985 2362 sane
1004 2318 1022 2360 a
1040 2305 1186 2380 precepto
1207 2299 1435 2380 dispensantur,

161 2402 233 2446 cum
247 2386 364 2448 nullius
377 2387 452 2466 legis
467 2387 661 2450 observandae
676 2389 739 2450 sint
750 2407 881 2469 capaces.
898 2389 955 2450 Sed
967 2406 1029 2449 non
1043 2389 1110 2450 ideo
1123 2389 1318 2468 dispensatur
1331 2393 1437 2451 Pastor

160 2472 199 2534 ab
214 2472 397 2551 obligatione
412 2475 638 2538 Eucharistiam
652 2477 728 2557 ipsis
742 2476 956 2551 ministrandi,
973 2476 999 2539 si
1012 2483 1082 2539 ante
1096 2476 1226 2539 rationis
1238 2477 1437 2540 amissionem

161 2558 300 2641 dispositi
320 2561 445 2625 fuerint.
463 2566 657 2628 Sacramenta
675 2565 760 2628 enim
774 2585 812 2628 ee
825 2585 911 2648 opere
930 2575 1052 2648 operato
1072 2565 1106 2628 in
1126 2565 1171 2627 eis
1190 2571 1363 2647 operantur,
1381 2567 1437 2646 qui

160 2648 324 2728 cupierunt
338 2669 373 2714 ea
386 2653 516 2732 recipere
531 2658 695 2734 antequam
710 2673 804 2717 usum
816 2654 943 2716 rationis
958 2653 1143 2717 amitterent.
1160 2655 1272 2734 Excipe
1289 2654 1438 2716 tamensi

161 2737 242 2800 adsit
254 2738 423 2818 periculum
437 2741 625 2818 irreventiae,
643 2750 698 2805 aut
716 2744 743 2805 si
762 2744 920 2817 timeatur,
937 2761 975 2804 nc
990 2742 1128 2804 Hostiam
1143 2743 1292 2824 deglutire
1305 2761 1368 2806 non
1384 2761 1436 2806 va-

159 2826 254 2889 leant.
270 2865 309 2872 -
324 2829 375 2891 Ita
387 2831 589 2894 communiter.
606 2867 645 2878 -
662 2831 799 2910 Gousset,
815 2854 846 2892 a.
863 2835 933 2895 030.

202 2919 271 2980 300.
288 2953 327 2964 -
339 2921 441 2994 Qvan.
459 2924 492 2984 8⁰
504 2920 553 2981 An
570 2921 748 2984 Communis
764 2921 864 2983 dando
877 2921 917 2982 sit
929 2919 1153 2990 surdis-mutis,
1172 2921 1308 2992 obsessis,
1326 2931 1355 2981 et
1371 2923 1437 3002 epi·

162 3003 296 3086 leptieis?

199 3094 288 3177 Resp.
304 3102 335 3158 10
351 3097 454 3178 quood
463 3099 677 3161 surdos-mutos
687 3118 699 3159 :
713 3099 739 3160 Α
743 3099 854 3180 sfirm,
875 3099 901 3162 si
915 3119 953 3162 ex
967 3098 1063 3180 signis
1077 3103 1207 3174 constet,
1221 3117 1271 3161 eos
1285 3097 1437 3161 discretio-

161 3201 232 3246 nem
248 3184 372 3260 habere,
394 3194 425 3251 et
443 3207 507 3250 esse
527 3187 709 3251 sufficienter
727 3187 905 3251 instructos.
922 3188 953 3250 Si
968 3207 1039 3252 vero
1058 3206 1120 3250 non
1136 3187 1367 3269 qualicumque,
1385 3187 1437 3250 sad

160 3271 322 3335 sufficienti
340 3275 443 3356 aliqua
464 3277 644 3340 discretione
663 3277 831 3356 gaudeant,
848 3277 959 3358 sapius
979 3277 1204 3340 communicare
1223 3280 1377 3356 poterunt.
1397 3311 1438 3320 -

158 3359 209 3422 Ita
222 3365 418 3426 communiter
429 3386 495 3427 eum
508 3365 543 3428 S.
559 3365 643 3446 Lep,
660 3387 691 3427 n.
703 3370 773 3430 303.

199 3450 290 3532 Hesp.
311 3455 344 3514 00
363 3454 461 3534 quood
478 3455 605 3516 obsessos
626 3453 913 3535 :Distinguendum
932 3462 978 3518 est
1002 3475 1009 3516 :
1028 3453 1166 3534 neganda
1184 3460 1230 3515 ost
1248 3453 1324 3533 ipsis
1347 3457 1437 3516 Gom·

160 3539 283 3615 munio,
298 3543 418 3621 quando
435 3561 497 3605 non
512 3550 585 3606 sunt
603 3543 652 3606 sui
670 3552 838 3624 compotes3
857 3563 942 3607 secus
960 3543 1148 3606 concedenda
1162 3547 1218 3604 est.
1236 3544 1301 3604 lmo
1315 3541 1437 3622 expedit

160 3632 196 3689 ut
210 3629 283 3691 tales
299 3630 410 3710 saepius
425 3634 518 3712 juxta
535 3633 736 3712 prudentiam
745 3633 925 3697 Conlessarii
942 3631 1184 3706 communicent,
1200 3648 1271 3693 cnm
1289 3629 1438 3694 Euchari-

160 3716 218 3778 stia
230 3717 270 3779 sit
286 3717 411 3798 speciale
427 3721 599 3784 cenredum
613 3722 651 3783 ad
667 3722 818 3784 daemones
832 3722 987 3784 arcendos

201 3806 290 3887 Resp.
307 3811 339 3870 3⁰
355 3809 458 3890 quood
475 3809 672 3891 epilepticos:
689 3809 871 3872 Communia
890 3809 933 3872 eis
948 3808 1013 3871 dari
1028 3827 1089 3872 non
1104 3815 1217 3889 potest,
1233 3808 1355 3889 quando
1368 3827 1437 3870 ver-

160 3898 269 3955 santur
278 3894 312 3956 in
324 3916 508 3980 paroxysmo
522 3898 645 3972 actuali,
659 3897 697 3960 oh
707 3898 885 3978 proximum
898 3896 1104 3961 irreverentiae
1118 3897 1302 3978 periculum;
1317 3896 1436 3960 caeteris

158 3985 263 4042 autem
284 3987 473 4066 temporibus
493 4004 556 4048 non
578 3989 624 4049 est
641 3986 826 4068 deneganda.
850 4022 890 4033 -
911 3988 962 4049 Ita
984 3990 1181 4048 communiter·
1200 4005 1265 4048 eum
1290 3985 1325 4047 S.
1346 3985 1434 4066 Lip,

159 4088 242 4130 num.
258 4076 328 4135 303.

199 4161 267 4224 303.
283 4195 324 4204 -
338 4165 440 4238 Qomn.
455 4169 489 4228 90
504 4165 632 4227 dodoci
639 4169 740 4248 possit
758 4165 933 4228 Communia
947 4165 1043 4247 capite
1058 4163 1229 4226 damnatis?

197 4247 288 4330 Resp.
300 4249 325 4309 A
328 4251 425 4332 sfirm.
441 4258 532 4317 Docet
545 4255 670 4336 quidem
684 4253 863 4318 Benedictus
878 4257 960 4328 XIV,
975 4274 1039 4316 eom
1055 4253 1295 4316 coronetudinem
1308 4269 1438 4332 sequen-

157 4337 227 4399 dam
247 4357 321 4413 esse,
342 4359 409 4421 quae
432 4343 464 4402 in
485 4363 663 4426 unoquoque
687 4343 751 4404 loco
773 4346 935 4424 respective
955 4363 1013 4406 esse
1039 4343 1234 4425 dipaoscitur,
1261 4343 1297 4404 dc
1318 4339 1434 4420 Synod.

155 4421 175 4488 l.
193 4429 260 4503 Vll,
275 4445 300 4490 c.
315 4447 362 4503 x1;
378 4430 430 4492 sed
442 4433 540 4512 moqis
553 4433 735 4512 conformem
745 4432 858 4514 pietati
870 4433 1043 4496 eltrc‘stiooa
1055 4431 1305 4495 vocatosumSS.
1316 4426 1438 4489 Eucha-

156 4514 277 4578 ristiam
290 4516 350 4582 illis
365 4517 581 4595 ministrandi,
598 4525 628 4584 et
645 4524 676 4584 S.
696 4521 741 4584 Pii
761 4523 787 4582 V
802 4521 1016 4585 testimoninm
1029 4519 1086 4583 hac
1101 4521 1138 4583 de
1154 4538 1186 4582 re
1203 4517 1326 4598 profert.
1342 4515 1436 4578 Pium
