3198 5036
246 245 291 306 st
773 254 979 300 rnaoraros

245 367 431 434 incommodi
444 367 522 429 ratio
534 364 685 428 sufficiens
696 365 738 428 sit
748 383 803 428 cur
811 367 1042 428 Sacramentum
1053 365 1192 441 iteretur,
1208 371 1291 446 patet
1305 385 1342 428 en
1353 366 1516 432 notissimo

244 459 415 520 axiomata:
432 455 632 518 Sacramenta
643 465 771 538 propter
785 453 929 515 domines.

283 547 321 608 11.
344 549 539 608 Sacramenta
552 542 721 624 generatim
735 541 840 605 iterari
850 563 909 604 ooo
920 550 1048 626 possunt
1062 542 1128 606 sine
1141 550 1260 624 peccato
1275 544 1376 624 gravi,
1390 547 1516 626 quando

242 653 304 698 non
320 634 401 697 adsit
413 632 544 697 dubium
558 633 693 714 prudens
707 633 744 694 de
757 649 864 694 eorum
879 633 989 695 valore.
1005 632 1094 696 Ratio
1108 637 1169 708 est,
1185 632 1258 714 quia
1271 633 1336 695 sine
1350 651 1442 698 causa
1454 634 1516 698 ite-

242 730 395 797 rarentur,
411 726 502 802 atquc
515 722 588 784 adeo
603 720 704 801 gravis
718 720 833 801 injuria
846 721 908 784 illis
922 721 1119 800 irrogaretur.

282 813 333 874 111.
355 813 550 872 Sacramenta
567 809 662 890 repeti
679 809 799 884 debent,
816 809 950 890 quoties,
966 811 1069 872 exorto
1087 810 1230 890 prudenti
1244 810 1337 874 dubio
1356 812 1393 874 de
1406 831 1516 878 eorum

242 902 357 974 valore,
376 899 408 962 id
428 899 586 979 postulant
599 897 724 973 caritas,
738 897 877 979 justitia,
893 905 923 959 et
937 897 1056 977 religio,
1073 897 1106 960 id
1123 905 1170 961 est
1184 899 1303 979 quoties
1320 900 1513 982 exjustitia,

241 989 365 1052 caritate
388 995 419 1050 et
436 987 582 1067 religione
601 986 707 1049 confici
726 993 782 1048 aut
802 985 1012 1049 administrari
1033 986 1220 1050 debuissent.
1244 988 1332 1052 Ratio
1356 995 1416 1064 est,
1437 990 1516 1070 quia

242 1077 368 1140 nullitas
384 1073 588 1148 sacramenti,
605 1074 632 1138 si
645 1073 722 1137 forte
740 1075 872 1148 adesset,
891 1075 925 1136 in
940 1075 1092 1138 damnum
1108 1075 1240 1156 proximi
1256 1079 1286 1137 et
1299 1077 1464 1156 aliquando
1478 1076 1514 1141 in

240 1173 452 1246 contemptum
467 1164 514 1228 vel
527 1163 760 1226 irreverentiam
774 1162 939 1242 Religionis
953 1164 1078 1227 cederet.
1096 1164 1152 1226 Sed
1166 1164 1371 1227 conditionate
1385 1172 1514 1228 tantum

241 1263 315 1318 tuno
330 1254 493 1336 repetenda
507 1260 598 1326 sunt,
615 1259 652 1314 ut
665 1251 843 1315 reverentiae
857 1252 1045 1315 Sacramenti
1059 1253 1244 1314 consulatur.
1262 1289 1301 1297 -
1322 1253 1405 1330 Voa't,
1421 1275 1454 1316 n.
1472 1259 1513 1319 29

239 1353 269 1405 et
282 1363 342 1426 seq.
355 1379 394 1388 -
414 1341 488 1404 Vide
502 1339 536 1403 S.
553 1341 621 1423 tq.
639 1361 669 1402 n.
684 1343 722 1404 ‘27
740 1349 767 1402 et
782 1359 841 1421 seq.

357 1495 568 1560 Rffimwm

277 1647 346 1707 Mil.
362 1647 449 1704 -10
464 1640 595 1704 Facilius
612 1639 751 1702 iteranda
769 1645 842 1702 sunt
860 1644 1055 1704 Sacramenta
1072 1640 1170 1720 magis
1189 1639 1370 1716 necessaria,
1386 1648 1418 1704 et
1435 1649 1513 1722 quad

236 1733 327 1795 semel
346 1736 470 1793 tantum
489 1727 696 1803 conferuntur,
715 1729 827 1792 scilicet
845 1729 1022 1810 Baptismus
1039 1734 1069 1790 et
1087 1730 1180 1803 Ordo,
1196 1729 1318 1793 etiamsi
1336 1749 1390 1810 pro
1404 1732 1509 1795 valore

234 1819 422 1885 Sacrarnenti
441 1819 555 1881 militet
574 1818 671 1880 multo
687 1819 785 1899 major
802 1817 1001 1898 probabilitas
1017 1823 1122 1880 contra
1135 1816 1269 1880 rationes
1283 1817 1375 1880 dubie
1388 1827 1444 1884 aut
1462 1829 1507 1884 te-

234 1909 335 1972 nuiter
348 1908 518 1989 probabiles
531 1906 566 1969 in
579 1907 764 1988 oppositrun.
781 1943 821 1952 -
835 1907 884 1968 lto
898 1914 1099 1968 eornmuaiter.

273 2005 306 2062 2⁰
326 1998 498 2078 Repetenda
515 2003 561 2059 est
579 1996 729 2058 absolutio
747 2015 818 2058 cunr
837 1995 1005 2076 poenitente
1022 1995 1137 2076 peccati
1154 1995 1292 2058 mortalis
1305 2015 1370 2071 reo,
1387 1996 1414 2058 si
1427 2017 1506 2078 pru-

232 2088 338 2150 denter
352 2086 512 2149 dubitetur
526 2085 563 2146 de
576 2083 744 2164 prolatione
758 2083 861 2157 debita
874 2083 989 2148 formae.
1004 2084 1036 2146 Si
1050 2091 1153 2146 autem
1170 2084 1321 2164 pmrritens
1335 2103 1396 2148 non
1411 2085 1456 2148 sit
1472 2087 1506 2150 in

231 2182 315 2238 statu
327 2174 439 2256 peccati
453 2172 606 2246 mortalis
618 2172 748 2235 formam
761 2179 894 2251 repetere
908 2191 1027 2234 necesse
1039 2191 1101 2235 non
1113 2173 1186 2246 erit,
1198 2173 1307 2236 cumei
1318 2177 1505 2240 Communia

229 2261 369 2345 permitti
381 2261 474 2323 etiam
489 2260 555 2322 sine
569 2259 757 2323 absolutione
771 2260 876 2340 possit.

270 2358 303 2416 3⁰
323 2349 463 2412 Minister
481 2348 536 2428 qui
553 2348 663 2418 ⁴leuiter
681 2348 818 2422 dubitat,
842 2349 998 2429 nescitque
1017 2369 1071 2412 cur
1092 2349 1217 2424 timeat,
1238 2357 1293 2414 aut
1313 2352 1413 2415 solum
1435 2373 1502 2418 non

229 2439 405 2502 recordatur
422 2435 547 2510 rellexe,
565 2455 595 2510 se
610 2436 701 2499 verba
719 2436 823 2500 forma
841 2437 1069 2517 pronuntiasse,
1085 2438 1256 2502 mortaliter
1267 2459 1323 2520 per
1336 2459 1365 2502 se
1379 2449 1501 2522 peccat,
1581 2487 1582 2520 ,

230 2528 257 2590 si
275 2527 405 2590 fonnem
426 2525 530 2598 iteret,
547 2531 602 2588 aut
620 2524 715 2588 etiam
734 2525 863 2608 yerbum
881 2543 982 2588 arnum
1001 2533 1047 2590 ter
1064 2534 1119 2590 aut
1137 2534 1246 2608 quater
1264 2535 1390 2610 repetat.
1409 2532 1503 2594 Ratio

229 2622 291 2690 est,
305 2613 379 2697 quia
392 2621 495 2679 mutat
509 2614 653 2688 somnam,
667 2613 846 2694 inducitque
861 2633 977 2678 novrrm
989 2615 1087 2678 ritum
1102 2616 1180 2679 circa
1190 2617 1341 2679 actionem
1355 2617 1502 2682 omnium
1579 2673 1580 2701 ,

229 2703 455 2785 gravissimam.
476 2705 602 2782 Insuper
627 2701 803 2777 Christum,
825 2722 916 2784 quem
937 2711 1149 2784 repraesentat,
1171 2705 1298 2768 ridicule
1321 2707 1501 2787 loquentem
1578 2765 1579 2768 ,

229 2793 363 2856 exhibet.
386 2793 421 2854 In
442 2790 653 2872 praxitamen
676 2792 858 2872 scrupulosi,
880 2793 933 2874 qui
957 2793 1077 2856 forman
1100 2801 1257 2874 repetunt,
1280 2795 1501 2878 plerumquea

227 2888 347 2962 peccato
365 2880 502 2954 mortali,
519 2880 582 2942 imo
603 2897 681 2960 saepe
696 2879 822 2942 etiamn
841 2881 953 2943 veniali
972 2890 1168 2955 excusantur,
1184 2883 1258 2964 quia
1274 2883 1369 2946 nimis
1388 2885 1501 2964 agitati
1576 2921 1577 2973 q

228 2970 393 3051 scrupulis,
412 2987 449 3032 ox
467 2969 682 3049 perplexitate,
703 2969 750 3030 vel
769 2969 834 3030 sine
857 2970 1061 3044 advertentis,
1079 2971 1123 3032 ita
1147 2972 1240 3034 stulte
1257 2978 1364 3051 agunt.
1385 3007 1427 3018 -
1446 2975 1500 3036 Ito
1575 3025 1576 3063 q

232 3060 316 3134 Voti,
332 3080 362 3119 u.
381 3063 432 3120 at.
444 3093 484 3102 -—
496 3057 601 3135 Ethai,
620 3079 651 3118 n.
666 3061 715 3120 ld.
728 3093 767 3102 -
784 3055 894 3134 Gobot,
914 3067 1001 3119 tract.
1018 3061 1074 3134 lll,
1090 3079 1121 3120 a.
1135 3063 1189 3134 tt,
1206 3065 1263 3121 etc.
1574 3107 1575 3154 q

266 3153 299 3212 l⁰
312 3147 353 3212 'Si
366 3147 399 3209 in
415 3145 507 3210 Missa
518 3152 587 3227 post
601 3145 857 3208 consecrationem
871 3145 1003 3209 dubium
1017 3146 1074 3210 tihi
1088 3147 1205 3230 oriatur
1219 3149 1255 3209 de
1270 3148 1376 3212 forma
1390 3150 1498 3214 dehita
1573 3191 1574 3244 q

226 3237 407 3319 prolatione,
424 3236 471 3296 vel
488 3236 524 3296 de
544 3233 629 3297 totali
649 3234 830 3308 omissione,
848 3235 927 3298 nihil
948 3243 1080 3316 repetere
1098 3231 1202 3310 debes,
1224 3254 1278 3299 nec
1290 3231 1400 3317 potes,
1421 3258 1495 3303 curn
1570 3267 1573 3338 q

225 3327 299 3390 alias
318 3326 383 3388 hato
398 3323 539 3386 omittere
557 3341 620 3386 non
636 3324 748 3386 soleas:
764 3325 966 3403 judicandum
980 3323 1064 3396 enim
1082 3331 1129 3386 ost
1142 3343 1179 3387 ex
1197 3326 1402 3389 conmruniter
1422 3347 1496 3392 con·

225 3411 625 3496 tingentibm,1risitamen
640 3413 724 3475 valde
739 3413 934 3493 probabiliter
948 3413 1084 3486 dubites,
1102 3419 1138 3475 ut
1154 3413 1291 3493 loquitur
1305 3415 1494 3478 Robrica.-

231 3505 303 3571 νεαρ
315 3502 350 3565 S.
365 3503 448 3583 tq,
464 3523 494 3562 η.
509 3505 579 3564 aas.

720 3729 895 3804 CAPUT
929 3729 990 3804 ΙΙΙ

519 3917 569 3967 DE
595 3917 796 3967 MINISTRO
823 3917 1186 3971 SACRAMENTORUM

256 4084 395 4148 Minister
407 4093 666 4152 sacramentorum
681 4093 727 4149 est
740 4086 806 4160 ille,
826 4087 880 4167 qui
899 4087 1024 4151 nomine
1042 4090 1171 4166 Christi,
1189 4095 1274 4174 cujus
1294 4093 1374 4156 vices
1388 4095 1486 4174 gerit,

215 4172 366 4235 actionem
380 4175 629 4238 sacramentalem
642 4175 769 4256 peragit.

254 4261 411 4342 Agendum
425 4269 455 4324 l⁰
469 4265 506 4325 dc
520 4263 676 4345 requisitis
690 4265 724 4326 in
736 4265 875 4330 Ministro
890 4267 929 4329 ad
943 4269 1137 4332 Sacramenta
1150 4269 1341 4348 conserenda;
1351 4277 1433 4336 -20
1448 4275 1487 4336 de

213 4349 307 4412 officio
319 4350 453 4414 Ministri
468 4351 502 4413 in
513 4355 777 4416 sacramentorum
789 4353 1067 4420 administratione.
