3198 5036
183 211 251 274 id2
712 223 923 268 sancturus

180 339 308 416 jamjam
333 334 538 396 celebraturus
562 341 661 414 potest
687 333 824 396 excusari
846 353 864 394 a
886 332 1085 403 confessione,
1110 332 1231 394 etiamsi
1251 331 1459 397 confessarius

183 425 327 488 eisteten
340 422 490 502 passibus.
505 458 545 468 -
563 423 598 484 S.
614 423 682 504 atq.
699 444 730 483 n.
745 427 816 486 aot.

223 516 292 575 326.
308 547 346 555 —-
360 511 460 584 Quas.
478 516 511 574 3⁰
527 512 575 571 An
589 514 643 593 qui
655 512 959 594 recordaturpeccati
974 509 1122 586 mortalis,
1135 511 1216 592 quod
1230 529 1268 571 ee
1279 509 1459 592 inculpabili

181 601 329 664 obliuione
344 603 377 659 in
392 600 578 679 consessione
591 621 652 662 non
669 601 851 674 declararit,
874 610 1011 662 teneatur
1026 597 1107 660 illud
1123 610 1194 660 onte
1214 598 1458 661 Communionem

181 689 340 770 confiteri?
1175 741 1178 750 .

223 779 309 858 Hesp.
331 785 363 839 t⁰
384 777 462 859 Nep.
484 785 579 852 certo,
602 778 627 840 si
645 778 798 858 poenitens
814 783 881 860 jam
901 797 994 840 sacrm
1015 796 1127 840 mense
1148 776 1294 850 assideat,
1312 777 1357 838 rel
1377 775 1460 838 adsit

183 885 273 930 causa
288 866 389 946 gravis
404 867 666 939 communicandi,
684 871 713 928 et
725 866 885 930 difficulter
899 867 1014 929 iterum
1029 865 1163 930 confiteri
1176 865 1281 946 possit.
1298 864 1385 929 Ratio
1399 867 1457 938 est,

186 956 260 1036 quia
271 954 393 1016 etiamsi
409 955 525 1017 adesset
537 962 722 1034 preceptum
736 955 947 1029 confessionis,
960 975 1022 1018 uon
1034 961 1155 1034 urgeret
1165 971 1235 1016 cum
1247 959 1333 1016 tanto
1343 952 1461 1015 inmm-

182 1045 282 1107 modo.
300 1080 339 1088 —
353 1044 403 1106 Ita
418 1063 527 1105 omnes.

223 1134 312 1214 desp.
327 1137 360 1194 2⁰
377 1153 383 1193 :
397 1132 428 1196 Si
441 1132 594 1212 paenitens
604 1133 700 1212 possit
710 1134 775 1196 sine
789 1133 982 1196 incommodo
994 1133 1130 1196 confiteri
1142 1131 1189 1194 rel
1202 1130 1461 1194 communionem

182 1223 338 1298 omittere,
356 1222 593 1282 controvertitur
605 1222 816 1304 :probabilius
829 1241 928 1304 neque
941 1222 1077 1286 mnfiteri
1089 1226 1220 1292 tenetur,
1233 1237 1331 1300 neque
1343 1223 1461 1282 aGom-

183 1311 330 1374 munione
349 1311 515 1385 abstinere;
533 1311 606 1390 qaia
627 1315 783 1391 peccatum
804 1311 1011 1374 involuntarie
1026 1310 1176 1374 omissum
1190 1315 1269 1371 certe
1285 1315 1331 1370 est
1352 1308 1462 1370 remis-

182 1417 268 1471 sum,
284 1399 341 1460 etsi
356 1399 503 1460 indirecte
518 1406 658 1474 tertuum
677 1419 711 1462 ae
728 1399 854 1480 proinde
873 1400 1090 1462 Commuuioni
1108 1398 1264 1461 sumendae
1281 1397 1461 1460 nullatenus

181 1487 292 1548 obstat.
315 1491 373 1550 Nee
394 1487 491 1560 dicas,
508 1506 614 1567 urgere
636 1488 772 1550 Trideut.
791 1495 976 1568 praeceptum
990 1487 1153 1550 confitendi
1172 1493 1243 1548 ante
1261 1485 1461 1550 Communia-

182 1593 268 1650 uern;
285 1575 438 1655 paenitens
452 1577 551 1650 enim,
566 1595 637 1638 cnm
646 1581 711 1658 jam
726 1577 818 1640 fuerit
829 1577 887 1638 rite
897 1577 1050 1639 confessus
1061 1583 1091 1638 et
1097 1575 1280 1657 justificatus
1293 1593 1345 1654 per
1355 1575 1460 1636 Sacra-

182 1670 325 1726 mentum
339 1663 546 1740 Pceuitentiae,
559 1673 605 1728 est
617 1665 801 1728 sufficienter
810 1666 956 1746 probatus
970 1666 1064 1728 etiam
1075 1669 1166 1746 juxta
1177 1671 1313 1726 mentem
1333 1663 1465 1724 Concilii

184 1751 320 1814 Trident.
338 1789 379 1798 —
393 1752 428 1814 S.
445 1753 527 1834 Lep,
544 1775 574 1814 n.
595 1759 663 1826 ⁰257,
682 1756 716 1816 de
736 1755 914 1818 Eucbarist.
932 1791 972 1799 —
990 1753 1096 1816 Callet.
1113 1791 1152 1798 —
1170 1753 1296 1814 Pontes.
1310 1788 1350 1796 -
1366 1750 1460 1813 Gaus-

182 1852 242 1914 set,
260 1863 291 1902 n.
302 1846 374 1917 idi),
391 1853 420 1904 et
434 1842 489 1903 olii
502 1850 606 1905 contra
621 1845 710 1920 ulios,
727 1844 781 1926 qui
793 1843 989 1907 communius
1003 1849 1034 1904 et
1047 1862 1109 1905 nan
1121 1841 1361 1924 improbabiliter
1370 1859 1462 1921 oppn

184 1931 281 1993 situm
295 1935 472 1994 tenuerunt.
491 1931 527 1995 S.
545 1932 614 2014 tip.
633 1934 727 2014 priori
745 1933 904 1996 sententie
920 1933 1018 2012 magis
1033 1931 1158 2006 accedit;
1176 1931 1339 1992 secundam
1354 1933 1460 1991 tamen

184 2018 218 2080 in
232 2019 319 2100 praxi
334 2021 521 2082 suadendam
537 2025 653 2096 censet,
670 2023 760 2086 modo
775 2040 865 2084 eausa
876 2022 978 2102 aliqua
990 2021 1073 2084 aliud
1085 2038 1146 2082 non
1162 2019 1298 2081 suadeat.
1315 2055 1352 2062 —
1363 2016 1458 2081 Hom.

182 2117 292 2190 apost,
312 2129 342 2170 n.
358 2113 409 2172 23.

223 2202 292 2260 32¹1.
309 2233 348 2241 —-
363 2201 464 2272 Quen.
481 2203 513 2260 4⁰
527 2199 579 2259 An
595 2198 755 2268 Sacerdos,
771 2203 825 2280 qui
835 2199 1012 2268 celebrauit,
1029 2199 1078 2260 uel
1095 2197 1204 2275 laicus,
1224 2197 1276 2278 qui
1288 2198 1459 2258 communi-

181 2286 260 2347 caeit
270 2286 530 2367 causetuspeccoti
541 2286 693 2364 mortalis,
709 2287 820 2370 absque
830 2287 1024 2366 confessione,
1037 2287 1073 2348 ob
1082 2287 1457 2368 arpentemnecessitatem‚

181 2392 383 2444 deauratura
398 2373 538 2454 confiteri
553 2375 709 2436 teneatur?

222 2462 311 2542 Resp.
329 2466 360 2522 1⁰
383 2481 390 2520 τ
414 2461 522 2536 Quoad
543 2462 732 2525 Sacerdotem
756 2465 873 2546 affirm.
891 2465 946 2526 Sic'
960 2464 1045 2525 enim
1067 2482 1206 2544 expresse
1230 2463 1456 2542 Tridentium,

180 2549 268 2618 ibid„
285 2568 310 2608 c.
327 2567 373 2611 vu
391 2569 397 2610 :
417 2550 554 2625 Quodsi,
574 2553 748 2614 necessitate
767 2563 907 2633 arpenne,
924 2551 1073 2614 Sacerdos
1091 2553 1198 2633 absque
1209 2556 1329 2634 praeuia
1345 2554 1461 2633 coufes-

181 2639 263 2698 sione
277 2636 487 2718 celebrauerit,
502 2659 703 2710 ouaurntatmr
717 2642 907 2724 confiteatur.

221 2725 308 2808 Besp.
321 2730 377 2789 2⁰:
397 2729 503 2804 Quoad
516 2729 621 2790 laicum
638 2751 704 2810 nep.
718 2731 918 2813 probabilius.
936 2730 1024 2794 Ratio
1034 2738 1090 2803 est,
1103 2730 1176 2810 quia
1188 2729 1305 2792 Concil.
1321 2729 1457 2792 Trident.

182 2815 321 2896 loquitur
332 2821 455 2880 tantum
469 2819 506 2880 de
520 2819 745 2894 Sacerdotibus,
763 2827 799 2883 ut
813 2839 850 2882 ex
866 2825 953 2881 textu
972 2825 1064 2898 patet.
1082 2856 1121 2863 -
1137 2819 1186 2880 lta
1206 2820 1457 2898 communissent,

181 2905 225 2966 ait
251 2903 286 2966 S.
302 2906 385 2986 Lep,
403 2927 432 2967 n.
450 2911 519 2970 268.

220 2995 319 3068 Quam.
340 2999 373 3057 5⁰
387 2995 536 3070 Quomodo
550 2996 781 3077 intellipenduru
795 2999 835 3058 sit
846 3006 1030 3078 preceptum
1046 2995 1127 3056 illud
1139 2994 1350 3057 Sacerdotibus
1366 2997 1458 3078 impo-

179 3083 269 3143 situm
284 3085 448 3165 confitendi
461 3089 687 3154 aurursrueu?

220 3171 310 3252 Besp.
323 3191 335 3233 .·
349 3172 544 3234 Probabilius
560 3174 686 3247 sufficit,
702 3175 728 3237 si
743 3175 884 3236 Sacerdos
899 3172 983 3236 intra
997 3173 1139 3236 triduum
1157 3173 1352 3248 confitentum
1366 3174 1455 3253 quia,

180 3276 253 3322 eum
272 3260 328 3323 hoc
346 3268 532 3342 preceptum
546 3263 587 3324 sit
605 3269 729 3325 tantum
743 3262 995 3335 ecclesiasticum,
1012 3281 1073 3324 vox
1089 3265 1310 3343 quamprimum
1326 3261 1456 3340 intelligi

179 3349 336 3412 moraliter
349 3356 462 3430 potest,
479 3359 571 3430 prout
585 3351 769 3431 intelligitur
783 3352 817 3413 in
835 3351 904 3413 aliis
915 3351 1039 3430 ¹legibus
1055 3349 1215 3426 humanis,
1231 3350 1285 3412 uhi
1300 3350 1376 3412 illud
1391 3369 1455 3412 ver-

179 3437 270 3512 bum,
288 3444 342 3500 aut
357 3439 440 3502 aliud
456 3439 569 3514 simile,
586 3460 624 3502 ex
638 3441 796 3503 communi
815 3439 1065 3520 interpretatione
1083 3441 1123 3502 ad
1137 3440 1270 3519 spatium
1286 3439 1382 3500 trium
1393 3438 1456 3500 die·

180 3545 252 3588 rum
262 3526 508 3607 protenditur.—
521 3527 556 3590 S.
572 3530 656 3612 Lip,
670 3551 701 3591 u.
715 3535 786 3602 266,
797 3539 826 3590 et
837 3530 902 3590 alii.
917 3565 958 3574 -
970 3531 1117 3590 Attamen
1130 3528 1271 3590 Sacerdos
1284 3545 1347 3590 non
1359 3533 1458 3607 potest

179 3613 295 3678 iterum
315 3617 479 3691 celebrare,
503 3625 669 3698 antequam
692 3619 785 3681 tuerit
805 3617 975 3693 confessum
999 3616 1072 3696 quia
1095 3634 1157 3678 non
1178 3615 1239 3678 fuit
1257 3622 1419 3679 excusatus
1438 3633 1456 3677 a

180 3704 367 3768 confessione
380 3706 442 3768 nisi
455 3714 575 3787 propter
590 3709 752 3768 instantem
771 3705 992 3768 necessitatem.
1014 3705 1092 3767 Hinc
1111 3705 1137 3766 si
1157 3711 1264 3785 urgeat
1278 3705 1383 3766 eadem
1397 3723 1456 3766 ne-

180 3792 304 3855 cessitas
321 3793 491 3858 eelebrandi
509 3795 557 3856 die
577 3795 730 3875 sequenti,
748 3801 778 3856 et
796 3793 891 3874 possit
906 3792 1057 3869 confiteri,
1073 3793 1290 3856 contessionem
1304 3793 1344 3855 od
1359 3794 1455 3855 alium

180 3879 263 3941 diem
273 3883 431 3946 remittere
444 3883 563 3962 nequit.

218 3971 287 4030 328.
304 4007 343 4015 —
357 3973 457 4045 Quian.
479 3975 512 4033 6⁰
530 3973 582 4032 Au
602 3980 736 4032 teneatur
755 3971 897 4052 confiteri
912 3989 1114 4039 naturarum
1136 3970 1282 4034 Sacerdos
1303 3969 1455 4031 celebrans

172 4067 242 4137 post
259 4058 482 4137 consessionem,
505 4064 537 4120 in
556 4078 878 4141 quatuordenarium
899 4059 1032 4140 alicujus
1045 4064 1166 4142 peccati
1184 4059 1322 4121 mortalis
1344 4057 1455 4119 obiitus

178 4145 240 4206 est?

217 4235 307 4316 Resp.
323 4241 353 4297 1⁰
367 4236 456 4318 Nep,
474 4240 503 4301 si
521 4239 698 4302 meminerit
716 4237 829 4319 peccati
847 4245 915 4317 post
937 4237 1186 4311 celebrationem
1202 4238 1276 4317 quia
1298 4256 1360 4299 non
1380 4237 1453 4299 cele-

176 4323 280 4387 bravit
291 4323 429 4388 conseius
441 4325 523 4389 illius
535 4329 663 4408 peceati,
679 4335 715 4391 ut
730 4326 867 4408 loquutur
881 4325 1020 4387 Trident.
1037 4326 1142 4388 -Itu
1162 4329 1371 4387 communiter.

213 4415 302 4496 Resp.
318 4417 351 4476 2⁰
365 4413 441 4494 Nep.
454 4415 655 4496 probabilius,
668 4416 791 4479 etiamsi
805 4414 983 4477 meminerit
997 4415 1110 4495 pemati
1120 4422 1191 4477 ante
1203 4414 1451 4498 celebrationem;

173 4502 266 4583 quia,
283 4522 354 4567 cum
367 4501 584 4568 confessionem
600 4505 796 4586 premiserit,
808 4504 878 4568 lieet
890 4503 1018 4584 alicujus
1032 4503 1145 4583 peceati
1158 4503 1257 4583 gravis
1270 4503 1361 4567 suerit
1377 4502 1454 4566 obli-
