<?xml version="1.0" encoding="UTF-8"?>
<!DOCTYPE html PUBLIC "-//W3C//DTD XHTML 1.0 Transitional//EN"
    "http://www.w3.org/TR/xhtml1/DTD/xhtml1-transitional.dtd">
<html xmlns="http://www.w3.org/1999/xhtml" xml:lang="en" lang="en">
 <head>
  <title>
</title>
<meta http-equiv="Content-Type" content="text/html;charset=utf-8" />
  <meta name='ocr-system' content='tesseract 3.04.00' />
  <meta name='ocr-capabilities' content='ocr_page ocr_carea ocr_par ocr_line ocrx_word'/>
</head>
<body>
  <div class='ocr_page' id='page_1' title='image "./compendiumtheol03gurygoog_0430.png"; bbox 0 0 3206 5042; ppageno 0'>
   <div class='ocr_carea' id='block_1_1' title="bbox 613 194 1368 252">
    <p class='ocr_par' dir='ltr' id='par_1_1' title="bbox 613 194 1368 252">
     <span class='ocr_line' id='line_1_1' title="bbox 613 194 1368 252; baseline 0.012 -9"><span class='ocrx_word' id='word_1_1' title='bbox 613 199 849 244; x_wconf 78' lang='lat' dir='ltr'>creassetis</span> <span class='ocrx_word' id='word_1_2' title='bbox 1303 194 1368 252; x_wconf 75' lang='lat' dir='ltr'>tlt</span> 
     </span>
    </p>
   </div>
   <div class='ocr_carea' id='block_1_2' title="bbox 103 307 1371 662">
    <p class='ocr_par' dir='ltr' id='par_1_2' title="bbox 103 307 1371 662">
     <span class='ocr_line' id='line_1_2' title="bbox 105 307 1368 396; baseline 0.006 -22"><span class='ocrx_word' id='word_1_3' title='bbox 105 330 164 374; x_wconf 85' lang='lat' dir='ltr'>nus</span> <span class='ocrx_word' id='word_1_4' title='bbox 180 311 234 392; x_wconf 88' lang='lat' dir='ltr'>(In</span> <span class='ocrx_word' id='word_1_5' title='bbox 253 330 278 370; x_wconf 92' lang='lat' dir='ltr'>c.</span> <span class='ocrx_word' id='word_1_6' title='bbox 297 307 442 383; x_wconf 76' lang='lat' dir='ltr'><em>Dilectus,</em></span> <span class='ocrx_word' id='word_1_7' title='bbox 460 310 497 371; x_wconf 84' lang='lat' dir='ltr'>de</span> <span class='ocrx_word' id='word_1_8' title='bbox 516 309 616 386; x_wconf 85' lang='lat' dir='ltr'>Temp.</span> <span class='ocrx_word' id='word_1_9' title='bbox 638 307 758 382; x_wconf 71' lang='lat' dir='ltr'>Ordin„</span> <span class='ocrx_word' id='word_1_10' title='bbox 779 331 809 370; x_wconf 91' lang='lat' dir='ltr'>n.</span> <span class='ocrx_word' id='word_1_11' title='bbox 832 309 897 390; x_wconf 77' lang='lat'>15),</span> <span class='ocrx_word' id='word_1_12' title='bbox 912 313 1021 372; x_wconf 85' lang='lat' dir='ltr'>Suarez</span> <span class='ocrx_word' id='word_1_13' title='bbox 1036 310 1097 392; x_wconf 77' lang='lat' dir='ltr'>(De</span> <span class='ocrx_word' id='word_1_14' title='bbox 1109 312 1193 385; x_wconf 74' lang='lat' dir='ltr'>ma,</span> <span class='ocrx_word' id='word_1_15' title='bbox 1208 315 1289 396; x_wconf 87' lang='lat' dir='ltr'>disp.</span> <span class='ocrx_word' id='word_1_16' title='bbox 1307 335 1368 393; x_wconf 80' lang='lat' dir='ltr'>xm,</span> 
     </span>
     <span class='ocr_line' id='line_1_3' title="bbox 104 397 1369 483; baseline 0.006 -24"><span class='ocrx_word' id='word_1_17' title='bbox 104 409 174 461; x_wconf 87' lang='lat' dir='ltr'>sect.</span> <span class='ocrx_word' id='word_1_18' title='bbox 191 404 226 474; x_wconf 74' lang='grc'>3,</span> <span class='ocrx_word' id='word_1_19' title='bbox 242 421 273 459; x_wconf 85' lang='lat' dir='ltr'>n.</span> <span class='ocrx_word' id='word_1_20' title='bbox 291 397 336 479; x_wconf 87' lang='lat'>6),</span> <span class='ocrx_word' id='word_1_21' title='bbox 353 397 484 460; x_wconf 86' lang='lat' dir='ltr'>Sancbez</span> <span class='ocrx_word' id='word_1_22' title='bbox 496 398 550 478; x_wconf 88' lang='lat' dir='ltr'>(In</span> <span class='ocrx_word' id='word_1_23' title='bbox 565 397 649 476; x_wconf 78' lang='lat' dir='ltr'>Dra,</span> <span class='ocrx_word' id='word_1_24' title='bbox 670 397 721 459; x_wconf 84' lang='lat' dir='ltr'>tit.</span> <span class='ocrx_word' id='word_1_25' title='bbox 736 399 778 471; x_wconf 86' lang='grc' dir='ltr'>Π,</span> <span class='ocrx_word' id='word_1_26' title='bbox 793 417 862 479; x_wconf 86' lang='lat' dir='ltr'>cap.</span> <span class='ocrx_word' id='word_1_27' title='bbox 883 417 929 473; x_wconf 79' lang='lat' dir='ltr'>ru,</span> <span class='ocrx_word' id='word_1_28' title='bbox 944 421 975 459; x_wconf 90' lang='lat' dir='ltr'>n.</span> <span class='ocrx_word' id='word_1_29' title='bbox 996 399 1041 480; x_wconf 85' lang='grc'>3),</span> <span class='ocrx_word' id='word_1_30' title='bbox 1055 407 1085 462; x_wconf 92' lang='lat' dir='ltr'>et</span> <span class='ocrx_word' id='word_1_31' title='bbox 1105 403 1190 480; x_wconf 86' lang='lat' dir='ltr'>Lugo</span> <span class='ocrx_word' id='word_1_32' title='bbox 1204 403 1266 483; x_wconf 85' lang='lat' dir='ltr'>(De</span> <span class='ocrx_word' id='word_1_33' title='bbox 1283 405 1369 482; x_wconf 77' lang='lat' dir='ltr'>Fid,</span> 
     </span>
     <span class='ocr_line' id='line_1_4' title="bbox 103 487 1371 574; baseline 0.005 -25"><span class='ocrx_word' id='word_1_34' title='bbox 103 488 182 570; x_wconf 84' lang='lat' dir='ltr'>disp.</span> <span class='ocrx_word' id='word_1_35' title='bbox 199 505 283 560; x_wconf 84' lang='lat' dir='ltr'>xxm,</span> <span class='ocrx_word' id='word_1_36' title='bbox 301 508 331 548; x_wconf 88' lang='lat' dir='ltr'>n.</span> <span class='ocrx_word' id='word_1_37' title='bbox 346 487 411 568; x_wconf 77' lang='lat' dir='ltr'>st).</span> <span class='ocrx_word' id='word_1_38' title='bbox 429 523 468 532; x_wconf 92' lang='lat'>-</span> <span class='ocrx_word' id='word_1_39' title='bbox 482 490 609 567; x_wconf 81' lang='lat' dir='ltr'>Insuper</span> <span class='ocrx_word' id='word_1_40' title='bbox 623 492 751 568; x_wconf 88' lang='lat' dir='ltr'>possunt</span> <span class='ocrx_word' id='word_1_41' title='bbox 772 487 925 549; x_wconf 89' lang='lat' dir='ltr'>absolvere</span> <span class='ocrx_word' id='word_1_42' title='bbox 941 506 959 550; x_wconf 93' lang='lat' dir='ltr'>a</span> <span class='ocrx_word' id='word_1_43' title='bbox 977 488 1113 550; x_wconf 80' lang='lat' dir='ltr'>censuris</span> <span class='ocrx_word' id='word_1_44' title='bbox 1133 490 1277 553; x_wconf 88' lang='lat' dir='ltr'>omnibus</span> <span class='ocrx_word' id='word_1_45' title='bbox 1296 514 1371 574; x_wconf 85' lang='lat' dir='ltr'>quo-</span> 
     </span>
     <span class='ocr_line' id='line_1_5' title="bbox 103 575 1370 662; baseline 0.006 -24"><span class='ocrx_word' id='word_1_46' title='bbox 103 597 226 658; x_wconf 81' lang='lat' dir='ltr'><strong><em>cumque</em></strong></span> <span class='ocrx_word' id='word_1_47' title='bbox 247 575 333 636; x_wconf 87' lang='lat' dir='ltr'>modo</span> <span class='ocrx_word' id='word_1_48' title='bbox 355 579 442 655; x_wconf 79' lang='lat' dir='ltr'>Papa</span> <span class='ocrx_word' id='word_1_49' title='bbox 462 576 638 650; x_wconf 78' lang='lat' dir='ltr'>reservatis,</span> <span class='ocrx_word' id='word_1_50' title='bbox 662 578 753 636; x_wconf 83' lang='lat' dir='ltr'>etiam</span> <span class='ocrx_word' id='word_1_51' title='bbox 773 595 833 635; x_wconf 81' lang='lat' dir='ltr'>raon</span> <span class='ocrx_word' id='word_1_52' title='bbox 849 577 987 650; x_wconf 85' lang='lat' dir='ltr'>occultis,</span> <span class='ocrx_word' id='word_1_53' title='bbox 1001 576 1035 638; x_wconf 91' lang='lat' dir='ltr'>in</span> <span class='ocrx_word' id='word_1_54' title='bbox 1049 577 1183 641; x_wconf 86' lang='lat' dir='ltr'>favorem</span> <span class='ocrx_word' id='word_1_55' title='bbox 1198 597 1304 642; x_wconf 81' lang='lat' dir='ltr'>eorum</span> <span class='ocrx_word' id='word_1_56' title='bbox 1316 583 1370 662; x_wconf 84' lang='lat' dir='ltr'>qui</span> 
     </span>
    </p>
   </div>
   <div class='ocr_carea' id='block_1_3' title="bbox 100 664 1380 2602">
    <p class='ocr_par' dir='ltr' id='par_1_3' title="bbox 101 664 1378 2160">
     <span class='ocr_line' id='line_1_6' title="bbox 102 664 1373 747; baseline 0.006 -21"><span class='ocrx_word' id='word_1_57' title='bbox 102 664 298 746; x_wconf 70' lang='lat' dir='ltr'><strong>personaliter</strong></span> <span class='ocrx_word' id='word_1_58' title='bbox 309 669 437 729; x_wconf 85' lang='lat' dir='ltr'>Romam</span> <span class='ocrx_word' id='word_1_59' title='bbox 452 683 573 745; x_wconf 81' lang='lat' dir='ltr'>pergere</span> <span class='ocrx_word' id='word_1_60' title='bbox 586 665 728 745; x_wconf 88' lang='lat' dir='ltr'>impediti</span> <span class='ocrx_word' id='word_1_61' title='bbox 740 671 814 727; x_wconf 88' lang='lat' dir='ltr'>sunt</span> <span class='ocrx_word' id='word_1_62' title='bbox 826 665 873 726; x_wconf 89' lang='lat' dir='ltr'>vel</span> <span class='ocrx_word' id='word_1_63' title='bbox 886 666 925 726; x_wconf 94' lang='lat' dir='ltr'>ad</span> <span class='ocrx_word' id='word_1_64' title='bbox 938 665 1064 745; x_wconf 90' lang='lat' dir='ltr'>longum</span> <span class='ocrx_word' id='word_1_65' title='bbox 1078 673 1210 747; x_wconf 87' lang='lat' dir='ltr'>tempus,</span> <span class='ocrx_word' id='word_1_66' title='bbox 1218 671 1266 732; x_wconf 86' lang='lat' dir='ltr'>rel</span> <span class='ocrx_word' id='word_1_67' title='bbox 1278 669 1373 734; x_wconf 89' lang='lat' dir='ltr'>etiam</span> 
     </span>
     <span class='ocr_line' id='line_1_7' title="bbox 101 752 1373 840; baseline 0.005 -25"><span class='ocrx_word' id='word_1_68' title='bbox 101 753 136 815; x_wconf 91' lang='lat' dir='ltr'>iu</span> <span class='ocrx_word' id='word_1_69' title='bbox 150 760 342 834; x_wconf 89' lang='lat' dir='ltr'>perpetuum,</span> <span class='ocrx_word' id='word_1_70' title='bbox 357 754 528 834; x_wconf 89' lang='lat' dir='ltr'>cujusmodi</span> <span class='ocrx_word' id='word_1_71' title='bbox 541 759 704 817; x_wconf 73' lang='lat' dir='ltr'>censentur</span> <span class='ocrx_word' id='word_1_72' title='bbox 715 772 812 828; x_wconf 89' lang='lat' dir='ltr'>senes,</span> <span class='ocrx_word' id='word_1_73' title='bbox 827 752 925 832; x_wconf 87' lang='lat' dir='ltr'>pueri,</span> <span class='ocrx_word' id='word_1_74' title='bbox 940 754 1099 830; x_wconf 90' lang='lat' dir='ltr'>mulieres,</span> <span class='ocrx_word' id='word_1_75' title='bbox 1115 756 1242 833; x_wconf 89' lang='lat' dir='ltr'>infirmi,</span> <span class='ocrx_word' id='word_1_76' title='bbox 1257 777 1373 840; x_wconf 89' lang='lat' dir='ltr'>paupe-</span> 
     </span>
     <span class='ocr_line' id='line_1_8' title="bbox 103 841 1373 922; baseline 0.003 -18"><span class='ocrx_word' id='word_1_77' title='bbox 103 861 159 918; x_wconf 71' lang='lat' dir='ltr'>res</span> <span class='ocrx_word' id='word_1_78' title='bbox 177 849 234 904; x_wconf 91' lang='lat' dir='ltr'>ete.</span> <span class='ocrx_word' id='word_1_79' title='bbox 250 843 355 907; x_wconf 84' lang='lat' dir='ltr'>Recole</span> <span class='ocrx_word' id='word_1_80' title='bbox 374 843 456 905; x_wconf 91' lang='lat' dir='ltr'>dicta</span> <span class='ocrx_word' id='word_1_81' title='bbox 470 844 506 905; x_wconf 90' lang='lat' dir='ltr'>de</span> <span class='ocrx_word' id='word_1_82' title='bbox 521 843 688 922; x_wconf 84' lang='lat' dir='ltr'>privilegiis</span> <span class='ocrx_word' id='word_1_83' title='bbox 707 843 845 922; x_wconf 89' lang='lat' dir='ltr'>Episcop.</span> <span class='ocrx_word' id='word_1_84' title='bbox 862 841 896 903; x_wconf 91' lang='lat' dir='ltr'>in</span> <span class='ocrx_word' id='word_1_85' title='bbox 912 849 1001 903; x_wconf 86' lang='lat' dir='ltr'>tract.</span> <span class='ocrx_word' id='word_1_86' title='bbox 1017 843 1054 904; x_wconf 88' lang='lat' dir='ltr'>de</span> <span class='ocrx_word' id='word_1_87' title='bbox 1069 844 1197 920; x_wconf 73' lang='lat' dir='ltr'>scatit,</span> <span class='ocrx_word' id='word_1_88' title='bbox 1212 869 1243 909; x_wconf 88' lang='lat' dir='ltr'>n.</span> <span class='ocrx_word' id='word_1_89' title='bbox 1257 853 1326 922; x_wconf 81' lang='lat' dir='ltr'>rat,</span> <span class='ocrx_word' id='word_1_90' title='bbox 1344 857 1373 909; x_wconf 90' lang='lat' dir='ltr'>et</span> 
     </span>
     <span class='ocr_line' id='line_1_9' title="bbox 104 930 1373 1016; baseline 0.009 -26"><span class='ocrx_word' id='word_1_91' title='bbox 104 931 134 991; x_wconf 89' lang='lat' dir='ltr'>in</span> <span class='ocrx_word' id='word_1_92' title='bbox 157 940 243 992; x_wconf 86' lang='lat' dir='ltr'>treet.</span> <span class='ocrx_word' id='word_1_93' title='bbox 265 931 302 992; x_wconf 85' lang='lat' dir='ltr'>de</span> <span class='ocrx_word' id='word_1_94' title='bbox 326 930 525 1006; x_wconf 66' lang='lat' dir='ltr'>Paenitentia,</span> <span class='ocrx_word' id='word_1_95' title='bbox 545 952 577 992; x_wconf 90' lang='lat' dir='ltr'>n.</span> <span class='ocrx_word' id='word_1_96' title='bbox 598 935 667 993; x_wconf 80' lang='lat'>576.</span> <span class='ocrx_word' id='word_1_97' title='bbox 682 967 721 975; x_wconf 98' lang='lat'>—</span> <span class='ocrx_word' id='word_1_98' title='bbox 744 931 814 992; x_wconf 83' lang='lat' dir='ltr'>Vide</span> <span class='ocrx_word' id='word_1_99' title='bbox 834 932 867 990; x_wconf 86' lang='lat' dir='ltr'>S.</span> <span class='ocrx_word' id='word_1_100' title='bbox 883 931 965 1012; x_wconf 68' lang='lat' dir='ltr'>etp,</span> <span class='ocrx_word' id='word_1_101' title='bbox 980 951 1011 991; x_wconf 86' lang='lat' dir='ltr'>n.</span> <span class='ocrx_word' id='word_1_102' title='bbox 1026 937 1065 994; x_wconf 79' lang='lat' dir='ltr'>at</span> <span class='ocrx_word' id='word_1_103' title='bbox 1080 943 1109 992; x_wconf 92' lang='lat' dir='ltr'>et</span> <span class='ocrx_word' id='word_1_104' title='bbox 1130 953 1204 1016; x_wconf 66' lang='lat' dir='ltr'>seq„</span> <span class='ocrx_word' id='word_1_105' title='bbox 1220 937 1259 998; x_wconf 90' lang='lat' dir='ltr'>ad</span> <span class='ocrx_word' id='word_1_106' title='bbox 1281 955 1373 1016; x_wconf 86' lang='lat' dir='ltr'>quem</span> 
     </span>
     <span class='ocr_line' id='line_1_10' title="bbox 104 1018 1371 1104; baseline 0.005 -23"><span class='ocrx_word' id='word_1_107' title='bbox 104 1039 193 1100; x_wconf 90' lang='lat' dir='ltr'>super</span> <span class='ocrx_word' id='word_1_108' title='bbox 228 1020 430 1101; x_wconf 67' lang='lat' dir='ltr'>questionem</span> <span class='ocrx_word' id='word_1_109' title='bbox 459 1025 640 1100; x_wconf 76' lang='lat' dir='ltr'>praesentem</span> <span class='ocrx_word' id='word_1_110' title='bbox 674 1020 864 1080; x_wconf 81' lang='lat' dir='ltr'>considentes</span> <span class='ocrx_word' id='word_1_111' title='bbox 899 1018 1020 1080; x_wconf 90' lang='lat' dir='ltr'>remisit</span> <span class='ocrx_word' id='word_1_112' title='bbox 1045 1025 1075 1082; x_wconf 87' lang='lat' dir='ltr'>S.</span> <span class='ocrx_word' id='word_1_113' title='bbox 1103 1025 1211 1101; x_wconf 84' lang='lat' dir='ltr'>Gongr.</span> <span class='ocrx_word' id='word_1_114' title='bbox 1240 1025 1371 1104; x_wconf 80' lang='lat' dir='ltr'>inquis,</span> 
     </span>
     <span class='ocr_line' id='line_1_11' title="bbox 102 1106 1374 1189; baseline 0.004 -19"><span class='ocrx_word' id='word_1_115' title='bbox 102 1113 141 1172; x_wconf 86' lang='lat' dir='ltr'>t8</span> <span class='ocrx_word' id='word_1_116' title='bbox 154 1111 215 1172; x_wconf 85' lang='lat' dir='ltr'>tul.</span> <span class='ocrx_word' id='word_1_117' title='bbox 229 1114 319 1172; x_wconf 83' lang='lat' dir='ltr'>t860.</span> <span class='ocrx_word' id='word_1_118' title='bbox 329 1142 369 1153; x_wconf 90' lang='lat'>-</span> <span class='ocrx_word' id='word_1_119' title='bbox 379 1107 456 1169; x_wconf 89' lang='lat' dir='ltr'>Hinc</span> <span class='ocrx_word' id='word_1_120' title='bbox 470 1127 488 1170; x_wconf 91' lang='lat' dir='ltr'>a</span> <span class='ocrx_word' id='word_1_121' title='bbox 501 1107 679 1171; x_wconf 87' lang='lat' dir='ltr'>Doctoribus</span> <span class='ocrx_word' id='word_1_122' title='bbox 694 1106 898 1169; x_wconf 86' lang='lat' dir='ltr'>communiter</span> <span class='ocrx_word' id='word_1_123' title='bbox 910 1107 1056 1186; x_wconf 74' lang='lat' dir='ltr'>recipitur</span> <span class='ocrx_word' id='word_1_124' title='bbox 1069 1107 1134 1171; x_wconf 80' lang='lat' dir='ltr'>bac</span> <span class='ocrx_word' id='word_1_125' title='bbox 1147 1111 1267 1189; x_wconf 88' lang='lat' dir='ltr'>regula:</span> <span class='ocrx_word' id='word_1_126' title='bbox 1280 1115 1374 1175; x_wconf 86' lang='lat' dir='ltr'>Casus</span> 
     </span>
     <span class='ocr_line' id='line_1_12' title="bbox 102 1196 1375 1280; baseline 0.004 -22"><span class='ocrx_word' id='word_1_127' title='bbox 102 1197 233 1276; x_wconf 75' lang='lat' dir='ltr'>napulie,</span> <span class='ocrx_word' id='word_1_128' title='bbox 258 1196 491 1276; x_wconf 88' lang='lat' dir='ltr'>superveniente</span> <span class='ocrx_word' id='word_1_129' title='bbox 514 1196 736 1276; x_wconf 86' lang='lat' dir='ltr'>impedimento</span> <span class='ocrx_word' id='word_1_130' title='bbox 759 1196 891 1258; x_wconf 89' lang='lat' dir='ltr'>adeundi</span> <span class='ocrx_word' id='word_1_131' title='bbox 911 1199 1038 1275; x_wconf 90' lang='lat' dir='ltr'>Papam,</span> <span class='ocrx_word' id='word_1_132' title='bbox 1056 1196 1091 1258; x_wconf 92' lang='lat' dir='ltr'>fit</span> <span class='ocrx_word' id='word_1_133' title='bbox 1111 1197 1295 1280; x_wconf 91' lang='lat' dir='ltr'>episcopalis.</span> <span class='ocrx_word' id='word_1_134' title='bbox 1310 1202 1375 1263; x_wconf 91' lang='lat' dir='ltr'>Imo</span> 
     </span>
     <span class='ocr_line' id='line_1_13' title="bbox 102 1283 1375 1365; baseline 0.004 -19"><span class='ocrx_word' id='word_1_135' title='bbox 102 1292 204 1346; x_wconf 87' lang='lat' dir='ltr'>censet</span> <span class='ocrx_word' id='word_1_136' title='bbox 227 1284 427 1365; x_wconf 84' lang='lat' dir='ltr'>Castropotao</span> <span class='ocrx_word' id='word_1_137' title='bbox 444 1285 667 1348; x_wconf 89' lang='lat' dir='ltr'>absolutionem</span> <span class='ocrx_word' id='word_1_138' title='bbox 686 1301 886 1348; x_wconf 77' lang='lat' dir='ltr'>censurarum</span> <span class='ocrx_word' id='word_1_139' title='bbox 906 1284 939 1345; x_wconf 90' lang='lat' dir='ltr'>in</span> <span class='ocrx_word' id='word_1_140' title='bbox 958 1283 1015 1346; x_wconf 93' lang='lat' dir='ltr'>boc</span> <span class='ocrx_word' id='word_1_141' title='bbox 1039 1303 1111 1347; x_wconf 90' lang='lat' dir='ltr'>casu</span> <span class='ocrx_word' id='word_1_142' title='bbox 1131 1305 1191 1348; x_wconf 89' lang='lat' dir='ltr'>non</span> <span class='ocrx_word' id='word_1_143' title='bbox 1216 1288 1255 1350; x_wconf 89' lang='lat' dir='ltr'>ad</span> <span class='ocrx_word' id='word_1_144' title='bbox 1275 1290 1375 1351; x_wconf 89' lang='lat' dir='ltr'>solum</span> 
     </span>
     <span class='ocr_line' id='line_1_14' title="bbox 102 1372 1376 1453; baseline 0.005 -20"><span class='ocrx_word' id='word_1_145' title='bbox 102 1372 297 1453; x_wconf 86' lang='lat' dir='ltr'>Episcopum,</span> <span class='ocrx_word' id='word_1_146' title='bbox 315 1375 366 1436; x_wconf 91' lang='lat' dir='ltr'>sed</span> <span class='ocrx_word' id='word_1_147' title='bbox 383 1375 421 1435; x_wconf 90' lang='lat' dir='ltr'>ad</span> <span class='ocrx_word' id='word_1_148' title='bbox 438 1373 606 1453; x_wconf 90' lang='lat' dir='ltr'>quemlibet</span> <span class='ocrx_word' id='word_1_149' title='bbox 620 1373 844 1436; x_wconf 81' lang='lat' dir='ltr'>Confessarium</span> <span class='ocrx_word' id='word_1_150' title='bbox 860 1379 1007 1452; x_wconf 89' lang='lat' dir='ltr'>spectare;</span> <span class='ocrx_word' id='word_1_151' title='bbox 1024 1379 1054 1436; x_wconf 91' lang='lat' dir='ltr'>et</span> <span class='ocrx_word' id='word_1_152' title='bbox 1068 1373 1132 1436; x_wconf 81' lang='lat' dir='ltr'>baec</span> <span class='ocrx_word' id='word_1_153' title='bbox 1147 1377 1299 1439; x_wconf 89' lang='lat' dir='ltr'>sententia</span> <span class='ocrx_word' id='word_1_154' title='bbox 1313 1395 1376 1440; x_wconf 92' lang='lat' dir='ltr'>non</span> 
     </span>
     <span class='ocr_line' id='line_1_15' title="bbox 102 1460 1378 1541; baseline 0.007 -21"><span class='ocrx_word' id='word_1_155' title='bbox 102 1460 225 1523; x_wconf 89' lang='lat' dir='ltr'>videtur</span> <span class='ocrx_word' id='word_1_156' title='bbox 240 1462 367 1524; x_wconf 89' lang='lat' dir='ltr'>omnino</span> <span class='ocrx_word' id='word_1_157' title='bbox 380 1461 591 1541; x_wconf 91' lang='lat' dir='ltr'>improbabilis</span> <span class='ocrx_word' id='word_1_158' title='bbox 603 1472 623 1522; x_wconf 83' lang='lat'>¹.</span> <span class='ocrx_word' id='word_1_159' title='bbox 637 1465 858 1524; x_wconf 84' lang='lat' dir='ltr'>Verumtamen</span> <span class='ocrx_word' id='word_1_160' title='bbox 879 1461 1031 1524; x_wconf 90' lang='lat' dir='ltr'>sententia</span> <span class='ocrx_word' id='word_1_161' title='bbox 1050 1463 1304 1528; x_wconf 86' lang='lat' dir='ltr'>communissima</span> <span class='ocrx_word' id='word_1_162' title='bbox 1325 1466 1378 1529; x_wconf 93' lang='lat' dir='ltr'>do·</span> 
     </span>
     <span class='ocr_line' id='line_1_16' title="bbox 102 1549 1374 1632; baseline 0.005 -22"><span class='ocrx_word' id='word_1_163' title='bbox 102 1555 168 1611; x_wconf 88' lang='lat' dir='ltr'>cet:</span> <span class='ocrx_word' id='word_1_164' title='bbox 186 1550 233 1611; x_wconf 89' lang='lat' dir='ltr'>vel</span> <span class='ocrx_word' id='word_1_165' title='bbox 251 1551 433 1631; x_wconf 87' lang='lat' dir='ltr'>Episcopum</span> <span class='ocrx_word' id='word_1_166' title='bbox 449 1551 547 1614; x_wconf 91' lang='lat' dir='ltr'>solum</span> <span class='ocrx_word' id='word_1_167' title='bbox 562 1569 637 1624; x_wconf 86' lang='lat' dir='ltr'>esse,</span> <span class='ocrx_word' id='word_1_168' title='bbox 656 1558 689 1613; x_wconf 94' lang='lat' dir='ltr'>ut</span> <span class='ocrx_word' id='word_1_169' title='bbox 704 1551 812 1613; x_wconf 85' lang='lat' dir='ltr'>volunt</span> <span class='ocrx_word' id='word_1_170' title='bbox 822 1551 925 1625; x_wconf 90' lang='lat' dir='ltr'>multi,</span> <span class='ocrx_word' id='word_1_171' title='bbox 943 1549 997 1630; x_wconf 91' lang='lat' dir='ltr'>qui</span> <span class='ocrx_word' id='word_1_172' title='bbox 1013 1557 1087 1614; x_wconf 91' lang='lat' dir='ltr'>tuuc</span> <span class='ocrx_word' id='word_1_173' title='bbox 1100 1553 1197 1632; x_wconf 91' lang='lat' dir='ltr'>possit</span> <span class='ocrx_word' id='word_1_174' title='bbox 1209 1554 1374 1630; x_wconf 88' lang='lat' dir='ltr'>absolvere,</span> 
     </span>
     <span class='ocr_line' id='line_1_17' title="bbox 103 1638 1377 1722; baseline 0.004 -23"><span class='ocrx_word' id='word_1_175' title='bbox 103 1639 232 1712; x_wconf 91' lang='lat' dir='ltr'>secluso,</span> <span class='ocrx_word' id='word_1_176' title='bbox 253 1639 375 1700; x_wconf 90' lang='lat' dir='ltr'>etiamsi</span> <span class='ocrx_word' id='word_1_177' title='bbox 396 1640 459 1719; x_wconf 90' lang='lat' dir='ltr'>ipse</span> <span class='ocrx_word' id='word_1_178' title='bbox 480 1639 560 1702; x_wconf 89' lang='lat' dir='ltr'>adiri</span> <span class='ocrx_word' id='word_1_179' title='bbox 583 1646 729 1720; x_wconf 87' lang='lat' dir='ltr'>nequeat,</span> <span class='ocrx_word' id='word_1_180' title='bbox 750 1657 944 1720; x_wconf 90' lang='lat' dir='ltr'>quocumque</span> <span class='ocrx_word' id='word_1_181' title='bbox 966 1638 1040 1714; x_wconf 88' lang='lat' dir='ltr'>alio;</span> <span class='ocrx_word' id='word_1_182' title='bbox 1062 1641 1127 1713; x_wconf 91' lang='lat' dir='ltr'>vel,</span> <span class='ocrx_word' id='word_1_183' title='bbox 1148 1649 1265 1703; x_wconf 91' lang='lat' dir='ltr'>utnon</span> <span class='ocrx_word' id='word_1_184' title='bbox 1288 1641 1377 1722; x_wconf 91' lang='lat' dir='ltr'>pauci</span> 
     </span>
     <span class='ocr_line' id='line_1_18' title="bbox 103 1725 1375 1807; baseline 0.002 -19"><span class='ocrx_word' id='word_1_185' title='bbox 103 1727 196 1789; x_wconf 90' lang='lat' dir='ltr'>etiam</span> <span class='ocrx_word' id='word_1_186' title='bbox 209 1726 406 1806; x_wconf 88' lang='lat' dir='ltr'>probabiliter</span> <span class='ocrx_word' id='word_1_187' title='bbox 421 1729 574 1800; x_wconf 89' lang='lat' dir='ltr'>sentiunt,</span> <span class='ocrx_word' id='word_1_188' title='bbox 589 1728 621 1788; x_wconf 93' lang='lat' dir='ltr'>id</span> <span class='ocrx_word' id='word_1_189' title='bbox 640 1729 678 1788; x_wconf 88' lang='lat' dir='ltr'>ad</span> <span class='ocrx_word' id='word_1_190' title='bbox 695 1727 864 1807; x_wconf 89' lang='lat' dir='ltr'>simplicem</span> <span class='ocrx_word' id='word_1_191' title='bbox 884 1725 1109 1788; x_wconf 76' lang='lat' dir='ltr'>confessarium</span> <span class='ocrx_word' id='word_1_192' title='bbox 1126 1746 1188 1790; x_wconf 91' lang='lat' dir='ltr'>non</span> <span class='ocrx_word' id='word_1_193' title='bbox 1208 1730 1375 1806; x_wconf 87' lang='lat' dir='ltr'>pertinere,</span> 
     </span>
     <span class='ocr_line' id='line_1_19' title="bbox 102 1813 1378 1896; baseline 0.002 -20"><span class='ocrx_word' id='word_1_194' title='bbox 102 1815 165 1876; x_wconf 90' lang='lat' dir='ltr'>nisi</span> <span class='ocrx_word' id='word_1_195' title='bbox 190 1814 385 1892; x_wconf 86' lang='lat' dir='ltr'>subrogative</span> <span class='ocrx_word' id='word_1_196' title='bbox 405 1819 545 1888; x_wconf 85' lang='lat' dir='ltr'>tantum,</span> <span class='ocrx_word' id='word_1_197' title='bbox 562 1815 594 1876; x_wconf 91' lang='lat' dir='ltr'>id</span> <span class='ocrx_word' id='word_1_198' title='bbox 615 1820 660 1875; x_wconf 91' lang='lat' dir='ltr'>est</span> <span class='ocrx_word' id='word_1_199' title='bbox 682 1832 752 1875; x_wconf 87' lang='lat' dir='ltr'>casu</span> <span class='ocrx_word' id='word_1_200' title='bbox 774 1831 834 1894; x_wconf 92' lang='lat' dir='ltr'>quo</span> <span class='ocrx_word' id='word_1_201' title='bbox 853 1813 1018 1892; x_wconf 87' lang='lat' dir='ltr'>Episcopus</span> <span class='ocrx_word' id='word_1_202' title='bbox 1037 1813 1115 1875; x_wconf 87' lang='lat' dir='ltr'>adiri</span> <span class='ocrx_word' id='word_1_203' title='bbox 1137 1833 1199 1876; x_wconf 90' lang='lat' dir='ltr'>non</span> <span class='ocrx_word' id='word_1_204' title='bbox 1217 1816 1322 1896; x_wconf 89' lang='lat' dir='ltr'>possit.</span> <span class='ocrx_word' id='word_1_205' title='bbox 1337 1850 1378 1864; x_wconf 84' lang='lat'>-</span> 
     </span>
     <span class='ocr_line' id='line_1_20' title="bbox 104 1902 1377 1984; baseline 0.003 -20"><span class='ocrx_word' id='word_1_206' title='bbox 104 1904 141 1964; x_wconf 89' lang='lat' dir='ltr'>S.</span> <span class='ocrx_word' id='word_1_207' title='bbox 156 1903 238 1981; x_wconf 71' lang='lat' dir='ltr'>Lip„</span> <span class='ocrx_word' id='word_1_208' title='bbox 258 1923 288 1963; x_wconf 86' lang='lat' dir='ltr'>n.</span> <span class='ocrx_word' id='word_1_209' title='bbox 305 1905 355 1964; x_wconf 74' lang='lat' dir='ltr'>SE.</span> <span class='ocrx_word' id='word_1_210' title='bbox 373 1937 412 1947; x_wconf 88' lang='lat'>-—</span> <span class='ocrx_word' id='word_1_211' title='bbox 425 1902 559 1976; x_wconf 85' lang='lat' dir='ltr'>Pictter,</span> <span class='ocrx_word' id='word_1_212' title='bbox 580 1902 633 1962; x_wconf 84' lang='lat' dir='ltr'>tit.</span> <span class='ocrx_word' id='word_1_213' title='bbox 650 1905 687 1976; x_wconf 87' lang='lat' dir='ltr'>V,</span> <span class='ocrx_word' id='word_1_214' title='bbox 702 1903 748 1962; x_wconf 88' lang='lat' dir='ltr'>tit.</span> <span class='ocrx_word' id='word_1_215' title='bbox 765 1905 897 1976; x_wconf 85' lang='lat' dir='ltr'>XXXIX,</span> <span class='ocrx_word' id='word_1_216' title='bbox 910 1923 941 1962; x_wconf 93' lang='lat' dir='ltr'>n.</span> <span class='ocrx_word' id='word_1_217' title='bbox 959 1908 1008 1964; x_wconf 84' lang='lat' dir='ltr'>tt.</span> <span class='ocrx_word' id='word_1_218' title='bbox 1025 1903 1082 1966; x_wconf 91' lang='lat' dir='ltr'>Sed</span> <span class='ocrx_word' id='word_1_219' title='bbox 1096 1903 1274 1984; x_wconf 89' lang='lat' dir='ltr'>hujusmodi</span> <span class='ocrx_word' id='word_1_220' title='bbox 1288 1905 1377 1968; x_wconf 85' lang='lat' dir='ltr'>abse-</span> 
     </span>
     <span class='ocr_line' id='line_1_21' title="bbox 102 1989 1378 2073; baseline 0.003 -20"><span class='ocrx_word' id='word_1_221' title='bbox 102 1991 181 2053; x_wconf 90' lang='lat' dir='ltr'>lutio</span> <span class='ocrx_word' id='word_1_222' title='bbox 200 1989 267 2052; x_wconf 90' lang='lat' dir='ltr'>dari</span> <span class='ocrx_word' id='word_1_223' title='bbox 287 1991 395 2070; x_wconf 85' lang='lat' dir='ltr'>nequit</span> <span class='ocrx_word' id='word_1_224' title='bbox 415 1991 479 2052; x_wconf 89' lang='lat' dir='ltr'>sive</span> <span class='ocrx_word' id='word_1_225' title='bbox 500 1992 537 2052; x_wconf 90' lang='lat' dir='ltr'>ab</span> <span class='ocrx_word' id='word_1_226' title='bbox 559 1991 719 2071; x_wconf 87' lang='lat' dir='ltr'>Episcopo,</span> <span class='ocrx_word' id='word_1_227' title='bbox 737 1991 801 2052; x_wconf 89' lang='lat' dir='ltr'>sive</span> <span class='ocrx_word' id='word_1_228' title='bbox 821 1992 860 2052; x_wconf 91' lang='lat' dir='ltr'>ab</span> <span class='ocrx_word' id='word_1_229' title='bbox 881 1990 940 2053; x_wconf 89' lang='lat' dir='ltr'>alio</span> <span class='ocrx_word' id='word_1_230' title='bbox 958 1992 1130 2066; x_wconf 78' lang='lat' dir='ltr'>sacerdota,</span> <span class='ocrx_word' id='word_1_231' title='bbox 1150 1992 1212 2054; x_wconf 90' lang='lat' dir='ltr'>nisi</span> <span class='ocrx_word' id='word_1_232' title='bbox 1235 1993 1378 2073; x_wconf 90' lang='lat' dir='ltr'>imposito</span> 
     </span>
     <span class='ocr_line' id='line_1_22' title="bbox 101 2079 1275 2160; baseline 0 -19"><span class='ocrx_word' id='word_1_233' title='bbox 101 2079 267 2159; x_wconf 74' lang='lat' dir='ltr'>prenitenti</span> <span class='ocrx_word' id='word_1_234' title='bbox 282 2097 372 2140; x_wconf 90' lang='lat' dir='ltr'>onere</span> <span class='ocrx_word' id='word_1_235' title='bbox 388 2098 418 2141; x_wconf 91' lang='lat' dir='ltr'>se</span> <span class='ocrx_word' id='word_1_236' title='bbox 433 2079 561 2142; x_wconf 89' lang='lat' dir='ltr'>sistendi</span> <span class='ocrx_word' id='word_1_237' title='bbox 576 2079 746 2159; x_wconf 86' lang='lat' dir='ltr'>Superiori,</span> <span class='ocrx_word' id='word_1_238' title='bbox 763 2079 817 2140; x_wconf 92' lang='lat' dir='ltr'>ubi</span> <span class='ocrx_word' id='word_1_239' title='bbox 833 2079 1091 2160; x_wconf 88' lang='lat' dir='ltr'>impedimentum</span> <span class='ocrx_word' id='word_1_240' title='bbox 1102 2081 1275 2144; x_wconf 82' lang='lat' dir='ltr'>cessaverit.</span> 
     </span>
    </p>

    <p class='ocr_par' dir='ltr' id='par_1_4' title="bbox 100 2167 1380 2602">
     <span class='ocr_line' id='line_1_23' title="bbox 141 2167 1379 2249; baseline 0.002 -19"><span class='ocrx_word' id='word_1_241' title='bbox 141 2172 177 2230; x_wconf 91' lang='lat' dir='ltr'>V.</span> <span class='ocrx_word' id='word_1_242' title='bbox 187 2171 302 2230; x_wconf 87' lang='lat' dir='ltr'>Omnes</span> <span class='ocrx_word' id='word_1_243' title='bbox 316 2170 498 2244; x_wconf 88' lang='lat' dir='ltr'>Sacerdotes,</span> <span class='ocrx_word' id='word_1_244' title='bbox 510 2187 547 2230; x_wconf 86' lang='lat' dir='ltr'>ex</span> <span class='ocrx_word' id='word_1_245' title='bbox 558 2167 650 2231; x_wconf 89' lang='lat' dir='ltr'>Cone.</span> <span class='ocrx_word' id='word_1_246' title='bbox 670 2167 768 2242; x_wconf 74' lang='lat' dir='ltr'>Tria,</span> <span class='ocrx_word' id='word_1_247' title='bbox 779 2188 849 2230; x_wconf 90' lang='lat' dir='ltr'>sess.</span> <span class='ocrx_word' id='word_1_248' title='bbox 863 2171 943 2243; x_wconf 85' lang='lat' dir='ltr'>XIV,</span> <span class='ocrx_word' id='word_1_249' title='bbox 956 2189 982 2229; x_wconf 89' lang='lat' dir='ltr'>c.</span> <span class='ocrx_word' id='word_1_250' title='bbox 1000 2187 1055 2242; x_wconf 79' lang='lat' dir='ltr'>ru,</span> <span class='ocrx_word' id='word_1_251' title='bbox 1069 2187 1088 2230; x_wconf 84' lang='lat' dir='ltr'>a</span> <span class='ocrx_word' id='word_1_252' title='bbox 1101 2169 1237 2249; x_wconf 89' lang='lat' dir='ltr'>qualibet</span> <span class='ocrx_word' id='word_1_253' title='bbox 1251 2188 1379 2233; x_wconf 90' lang='lat' dir='ltr'>censura</span> 
     </span>
     <span class='ocr_line' id='line_1_24' title="bbox 100 2257 1380 2340; baseline 0 -22"><span class='ocrx_word' id='word_1_254' title='bbox 100 2257 207 2336; x_wconf 86' lang='lat' dir='ltr'>(atquc</span> <span class='ocrx_word' id='word_1_255' title='bbox 221 2257 299 2318; x_wconf 88' lang='lat' dir='ltr'>adeo</span> <span class='ocrx_word' id='word_1_256' title='bbox 315 2275 376 2319; x_wconf 90' lang='lat' dir='ltr'>uon</span> <span class='ocrx_word' id='word_1_257' title='bbox 391 2257 490 2319; x_wconf 91' lang='lat' dir='ltr'>solum</span> <span class='ocrx_word' id='word_1_258' title='bbox 505 2258 542 2320; x_wconf 91' lang='lat' dir='ltr'>ab</span> <span class='ocrx_word' id='word_1_259' title='bbox 557 2257 934 2318; x_wconf 81' lang='lat' dir='ltr'>Eceonrmunieotionitns</span> <span class='ocrx_word' id='word_1_260' title='bbox 941 2303 950 2334; x_wconf 88' lang='lat'>,</span> <span class='ocrx_word' id='word_1_261' title='bbox 970 2259 1022 2319; x_wconf 93' lang='lat' dir='ltr'>sed</span> <span class='ocrx_word' id='word_1_262' title='bbox 1040 2257 1134 2320; x_wconf 87' lang='lat' dir='ltr'>etiam</span> <span class='ocrx_word' id='word_1_263' title='bbox 1155 2278 1173 2320; x_wconf 90' lang='lat' dir='ltr'>a</span> <span class='ocrx_word' id='word_1_264' title='bbox 1195 2259 1380 2340; x_wconf 84' lang='lat' dir='ltr'>Suspensio-</span> 
     </span>
     <span class='ocr_line' id='line_1_25' title="bbox 101 2345 1379 2428; baseline 0.004 -24"><span class='ocrx_word' id='word_1_265' title='bbox 101 2345 189 2406; x_wconf 82' lang='lat' dir='ltr'>nidus</span> <span class='ocrx_word' id='word_1_266' title='bbox 203 2352 238 2408; x_wconf 88' lang='lat' dir='ltr'>et</span> <span class='ocrx_word' id='word_1_267' title='bbox 254 2345 446 2427; x_wconf 79' lang='lat' dir='ltr'>interdictis)</span> <span class='ocrx_word' id='word_1_268' title='bbox 463 2352 632 2426; x_wconf 87' lang='lat' dir='ltr'>utcumque</span> <span class='ocrx_word' id='word_1_269' title='bbox 654 2349 805 2408; x_wconf 88' lang='lat' dir='ltr'>reservata</span> <span class='ocrx_word' id='word_1_270' title='bbox 826 2346 980 2408; x_wconf 90' lang='lat' dir='ltr'>absolvere</span> <span class='ocrx_word' id='word_1_271' title='bbox 1000 2351 1127 2426; x_wconf 87' lang='lat' dir='ltr'>possunt</span> <span class='ocrx_word' id='word_1_272' title='bbox 1147 2365 1212 2422; x_wconf 90' lang='lat' dir='ltr'>eos,</span> <span class='ocrx_word' id='word_1_273' title='bbox 1228 2347 1283 2428; x_wconf 91' lang='lat' dir='ltr'>qui</span> <span class='ocrx_word' id='word_1_274' title='bbox 1304 2353 1379 2409; x_wconf 72' lang='lat' dir='ltr'>sumt</span> 
     </span>
     <span class='ocr_line' id='line_1_26' title="bbox 102 2433 1378 2515; baseline 0.001 -21"><span class='ocrx_word' id='word_1_275' title='bbox 102 2434 278 2496; x_wconf 85' lang='lat' dir='ltr'>inerticula</span> <span class='ocrx_word' id='word_1_276' title='bbox 292 2433 518 2515; x_wconf 90' lang='lat' dir='ltr'>mortispositi,</span> <span class='ocrx_word' id='word_1_277' title='bbox 536 2435 588 2496; x_wconf 89' lang='lat' dir='ltr'>sed</span> <span class='ocrx_word' id='word_1_278' title='bbox 603 2452 674 2496; x_wconf 90' lang='lat' dir='ltr'>cum</span> <span class='ocrx_word' id='word_1_279' title='bbox 690 2452 780 2496; x_wconf 90' lang='lat' dir='ltr'>onere</span> <span class='ocrx_word' id='word_1_280' title='bbox 795 2451 830 2496; x_wconf 88' lang='lat' dir='ltr'>se</span> <span class='ocrx_word' id='word_1_281' title='bbox 843 2434 1048 2513; x_wconf 72' lang='lat' dir='ltr'>praesentandi</span> <span class='ocrx_word' id='word_1_282' title='bbox 1063 2435 1218 2514; x_wconf 86' lang='lat' dir='ltr'>Superiori</span> <span class='ocrx_word' id='word_1_283' title='bbox 1232 2435 1280 2498; x_wconf 88' lang='lat' dir='ltr'>vel</span> <span class='ocrx_word' id='word_1_284' title='bbox 1295 2435 1378 2497; x_wconf 85' lang='lat' dir='ltr'>bele·</span> 
     </span>
     <span class='ocr_line' id='line_1_27' title="bbox 104 2521 1074 2602; baseline -0.001 -18"><span class='ocrx_word' id='word_1_285' title='bbox 104 2530 186 2601; x_wconf 88' lang='lat' dir='ltr'>gato,</span> <span class='ocrx_word' id='word_1_286' title='bbox 203 2523 231 2584; x_wconf 90' lang='lat' dir='ltr'>si</span> <span class='ocrx_word' id='word_1_287' title='bbox 245 2523 464 2586; x_wconf 89' lang='lat' dir='ltr'>convaluerint.</span> <span class='ocrx_word' id='word_1_288' title='bbox 481 2524 585 2589; x_wconf 86' lang='lat' dir='ltr'>Recole</span> <span class='ocrx_word' id='word_1_289' title='bbox 600 2523 680 2586; x_wconf 91' lang='lat' dir='ltr'>dicta</span> <span class='ocrx_word' id='word_1_290' title='bbox 692 2523 748 2586; x_wconf 91' lang='lat' dir='ltr'>ubi</span> <span class='ocrx_word' id='word_1_291' title='bbox 761 2523 798 2584; x_wconf 84' lang='lat' dir='ltr'>de</span> <span class='ocrx_word' id='word_1_292' title='bbox 812 2521 937 2602; x_wconf 77' lang='lat' dir='ltr'>Ponit,</span> <span class='ocrx_word' id='word_1_293' title='bbox 955 2543 986 2583; x_wconf 92' lang='lat' dir='ltr'>n.</span> <span class='ocrx_word' id='word_1_294' title='bbox 1004 2527 1074 2586; x_wconf 78' lang='lat'><strong>576.</strong></span> 
     </span>
    </p>
   </div>
   <div class='ocr_carea' id='block_1_4' title="bbox 226 2687 437 2751">
    <p class='ocr_par' dir='ltr' id='par_1_5' title="bbox 226 2687 437 2751">
     <span class='ocr_line' id='line_1_28' title="bbox 226 2687 437 2751; baseline 0.005 -3"><span class='ocrx_word' id='word_1_295' title='bbox 226 2687 437 2751; x_wconf 86' lang='lat' dir='ltr'>Resolves.</span> 
     </span>
    </p>
   </div>
   <div class='ocr_carea' id='block_1_5' title="bbox 102 2825 1380 4058">
    <p class='ocr_par' dir='ltr' id='par_1_6' title="bbox 103 2825 1380 3170">
     <span class='ocr_line' id='line_1_29' title="bbox 144 2825 1376 2911; baseline 0.001 -22"><span class='ocrx_word' id='word_1_296' title='bbox 144 2830 215 2889; x_wconf 80' lang='lat'>953.</span> <span class='ocrx_word' id='word_1_297' title='bbox 224 2859 263 2868; x_wconf 92' lang='lat'><strong>—</strong></span> <span class='ocrx_word' id='word_1_298' title='bbox 273 2830 302 2886; x_wconf 89' lang='lat' dir='ltr'>t⁰</span> <span class='ocrx_word' id='word_1_299' title='bbox 315 2825 575 2905; x_wconf 69' lang='lat' dir='ltr'>acchiepiscopus,</span> <span class='ocrx_word' id='word_1_300' title='bbox 590 2827 638 2887; x_wconf 92' lang='lat' dir='ltr'>vel</span> <span class='ocrx_word' id='word_1_301' title='bbox 652 2826 745 2887; x_wconf 90' lang='lat' dir='ltr'>etiam</span> <span class='ocrx_word' id='word_1_302' title='bbox 757 2825 931 2886; x_wconf 88' lang='lat' dir='ltr'>Petriarcha</span> <span class='ocrx_word' id='word_1_303' title='bbox 945 2825 1023 2906; x_wconf 93' lang='lat' dir='ltr'>(imo</span> <span class='ocrx_word' id='word_1_304' title='bbox 1038 2831 1069 2888; x_wconf 91' lang='lat' dir='ltr'>et</span> <span class='ocrx_word' id='word_1_305' title='bbox 1081 2829 1211 2906; x_wconf 85' lang='lat' dir='ltr'>Legatus</span> <span class='ocrx_word' id='word_1_306' title='bbox 1224 2845 1243 2888; x_wconf 86' lang='lat' dir='ltr'>a</span> <span class='ocrx_word' id='word_1_307' title='bbox 1255 2826 1376 2911; x_wconf 78' lang='lat' dir='ltr'>latere),</span> 
     </span>
     <span class='ocr_line' id='line_1_30' title="bbox 103 2911 1380 2992; baseline 0 -15"><span class='ocrx_word' id='word_1_308' title='bbox 103 2916 177 2977; x_wconf 88' lang='lat' dir='ltr'>lieet</span> <span class='ocrx_word' id='word_1_309' title='bbox 191 2911 334 2992; x_wconf 88' lang='lat' dir='ltr'>Superior</span> <span class='ocrx_word' id='word_1_310' title='bbox 345 2912 506 2992; x_wconf 89' lang='lat' dir='ltr'>Episcop0‚</span> <span class='ocrx_word' id='word_1_311' title='bbox 520 2911 628 2991; x_wconf 88' lang='lat' dir='ltr'>nequit</span> <span class='ocrx_word' id='word_1_312' title='bbox 647 2911 908 2992; x_wconf 81' lang='lat' dir='ltr'>suffraganeorum</span> <span class='ocrx_word' id='word_1_313' title='bbox 930 2913 1068 2978; x_wconf 89' lang='lat' dir='ltr'>subditos</span> <span class='ocrx_word' id='word_1_314' title='bbox 1085 2915 1252 2989; x_wconf 89' lang='lat' dir='ltr'>absolvere,</span> <span class='ocrx_word' id='word_1_315' title='bbox 1269 2914 1331 2976; x_wconf 88' lang='lat' dir='ltr'>uisi</span> <span class='ocrx_word' id='word_1_316' title='bbox 1345 2916 1380 2978; x_wconf 92' lang='lat' dir='ltr'>in</span> 
     </span>
     <span class='ocr_line' id='line_1_31' title="bbox 105 2999 1379 3085; baseline 0 -20"><span class='ocrx_word' id='word_1_317' title='bbox 105 3004 168 3066; x_wconf 88' lang='lat' dir='ltr'>solo</span> <span class='ocrx_word' id='word_1_318' title='bbox 181 3019 255 3064; x_wconf 92' lang='lat' dir='ltr'>casu</span> <span class='ocrx_word' id='word_1_319' title='bbox 266 3002 359 3081; x_wconf 86' lang='lat' dir='ltr'>justae</span> <span class='ocrx_word' id='word_1_320' title='bbox 372 2999 582 3080; x_wconf 88' lang='lat' dir='ltr'>appellationis</span> <span class='ocrx_word' id='word_1_321' title='bbox 598 3008 653 3063; x_wconf 91' lang='lat' dir='ltr'>aut</span> <span class='ocrx_word' id='word_1_322' title='bbox 667 2999 854 3063; x_wconf 83' lang='lat' dir='ltr'>visitationis</span> <span class='ocrx_word' id='word_1_323' title='bbox 869 3021 906 3064; x_wconf 79' lang='lat' dir='ltr'>ex</span> <span class='ocrx_word' id='word_1_324' title='bbox 921 3001 1026 3078; x_wconf 87' lang='lat' dir='ltr'>officio,</span> <span class='ocrx_word' id='word_1_325' title='bbox 1043 3004 1116 3085; x_wconf 92' lang='lat' dir='ltr'>quia</span> <span class='ocrx_word' id='word_1_326' title='bbox 1128 3005 1162 3066; x_wconf 88' lang='lat' dir='ltr'>in</span> <span class='ocrx_word' id='word_1_327' title='bbox 1176 3005 1244 3067; x_wconf 90' lang='lat' dir='ltr'>aliis</span> <span class='ocrx_word' id='word_1_328' title='bbox 1259 3003 1379 3067; x_wconf 87' lang='lat' dir='ltr'>casibus</span> 
     </span>
     <span class='ocr_line' id='line_1_32' title="bbox 104 3089 1144 3170; baseline -0.003 -15"><span class='ocrx_word' id='word_1_329' title='bbox 104 3111 168 3155; x_wconf 89' lang='lat' dir='ltr'>non</span> <span class='ocrx_word' id='word_1_330' title='bbox 183 3090 293 3170; x_wconf 88' lang='lat' dir='ltr'>gaudet</span> <span class='ocrx_word' id='word_1_331' title='bbox 308 3089 426 3169; x_wconf 90' lang='lat' dir='ltr'>proprie</span> <span class='ocrx_word' id='word_1_332' title='bbox 441 3089 523 3151; x_wconf 89' lang='lat' dir='ltr'>dicta</span> <span class='ocrx_word' id='word_1_333' title='bbox 532 3089 756 3169; x_wconf 76' lang='lat' dir='ltr'>iurisdictione.</span> <span class='ocrx_word' id='word_1_334' title='bbox 1141 3105 1144 3110; x_wconf 79' lang='grc'><em>“</em></span> 
     </span>
    </p>

    <p class='ocr_par' dir='ltr' id='par_1_7' title="bbox 104 3176 1378 3436">
     <span class='ocr_line' id='line_1_33' title="bbox 145 3176 1378 3258; baseline -0.002 -16"><span class='ocrx_word' id='word_1_335' title='bbox 145 3185 178 3242; x_wconf 78' lang='lat' dir='ltr'>t⁰</span> <span class='ocrx_word' id='word_1_336' title='bbox 194 3177 336 3258; x_wconf 90' lang='lat' dir='ltr'>Superior</span> <span class='ocrx_word' id='word_1_337' title='bbox 353 3176 570 3240; x_wconf 89' lang='lat' dir='ltr'>ecclesiasticus</span> <span class='ocrx_word' id='word_1_338' title='bbox 590 3179 637 3240; x_wconf 88' lang='lat' dir='ltr'>vel</span> <span class='ocrx_word' id='word_1_339' title='bbox 657 3179 811 3258; x_wconf 86' lang='lat' dir='ltr'>delegatus</span> <span class='ocrx_word' id='word_1_340' title='bbox 830 3177 983 3241; x_wconf 83' lang='lat' dir='ltr'>absolvere</span> <span class='ocrx_word' id='word_1_341' title='bbox 1002 3184 1101 3258; x_wconf 91' lang='lat' dir='ltr'>potest</span> <span class='ocrx_word' id='word_1_342' title='bbox 1117 3198 1135 3241; x_wconf 90' lang='lat' dir='ltr'>a</span> <span class='ocrx_word' id='word_1_343' title='bbox 1149 3180 1301 3253; x_wconf 74' lang='lat' dir='ltr'>censuriS,</span> <span class='ocrx_word' id='word_1_344' title='bbox 1318 3179 1378 3241; x_wconf 89' lang='lat' dir='ltr'>etsi</span> 
     </span>
     <span class='ocr_line' id='line_1_34' title="bbox 104 3265 1377 3350; baseline -0.002 -18"><span class='ocrx_word' id='word_1_345' title='bbox 104 3287 167 3332; x_wconf 80' lang='lat' dir='ltr'>aron</span> <span class='ocrx_word' id='word_1_346' title='bbox 180 3266 222 3328; x_wconf 91' lang='lat' dir='ltr'>sit</span> <span class='ocrx_word' id='word_1_347' title='bbox 233 3267 384 3330; x_wconf 89' lang='lat' dir='ltr'>Sacerdos.</span> <span class='ocrx_word' id='word_1_348' title='bbox 396 3265 485 3330; x_wconf 91' lang='lat' dir='ltr'>Ratio</span> <span class='ocrx_word' id='word_1_349' title='bbox 497 3273 557 3341; x_wconf 89' lang='lat' dir='ltr'>est,</span> <span class='ocrx_word' id='word_1_350' title='bbox 570 3267 643 3347; x_wconf 92' lang='lat' dir='ltr'>quia</span> <span class='ocrx_word' id='word_1_351' title='bbox 650 3266 836 3349; x_wconf 85' lang='lat' dir='ltr'>jurisdictio,</span> <span class='ocrx_word' id='word_1_352' title='bbox 851 3286 919 3350; x_wconf 86' lang='lat' dir='ltr'>quae</span> <span class='ocrx_word' id='word_1_353' title='bbox 929 3266 1098 3348; x_wconf 90' lang='lat' dir='ltr'>requiritur</span> <span class='ocrx_word' id='word_1_354' title='bbox 1108 3267 1145 3328; x_wconf 85' lang='lat' dir='ltr'>ad</span> <span class='ocrx_word' id='word_1_355' title='bbox 1158 3267 1377 3330; x_wconf 89' lang='lat' dir='ltr'>absolvendum</span> 
     </span>
     <span class='ocr_line' id='line_1_35' title="bbox 104 3354 1203 3436; baseline -0.002 -17"><span class='ocrx_word' id='word_1_356' title='bbox 104 3377 122 3420; x_wconf 90' lang='lat' dir='ltr'>a</span> <span class='ocrx_word' id='word_1_357' title='bbox 137 3355 290 3430; x_wconf 89' lang='lat' dir='ltr'>censuris,</span> <span class='ocrx_word' id='word_1_358' title='bbox 307 3355 438 3418; x_wconf 87' lang='lat' dir='ltr'>residere</span> <span class='ocrx_word' id='word_1_359' title='bbox 452 3361 552 3436; x_wconf 88' lang='lat' dir='ltr'>potest</span> <span class='ocrx_word' id='word_1_360' title='bbox 565 3354 598 3417; x_wconf 91' lang='lat' dir='ltr'>in</span> <span class='ocrx_word' id='word_1_361' title='bbox 613 3354 724 3418; x_wconf 87' lang='lat' dir='ltr'>Glerico</span> <span class='ocrx_word' id='word_1_362' title='bbox 739 3355 832 3418; x_wconf 91' lang='lat' dir='ltr'>etiam</span> <span class='ocrx_word' id='word_1_363' title='bbox 848 3358 910 3418; x_wconf 89' lang='lat' dir='ltr'>sola</span> <span class='ocrx_word' id='word_1_364' title='bbox 925 3363 1052 3419; x_wconf 89' lang='lat' dir='ltr'>tonsura</span> <span class='ocrx_word' id='word_1_365' title='bbox 1067 3355 1203 3418; x_wconf 90' lang='lat' dir='ltr'>initiato.</span> 
     </span>
    </p>

    <p class='ocr_par' dir='ltr' id='par_1_8' title="bbox 102 3443 1379 3882">
     <span class='ocr_line' id='line_1_36' title="bbox 145 3443 1378 3524; baseline -0.003 -15"><span class='ocrx_word' id='word_1_366' title='bbox 145 3451 178 3509; x_wconf 77' lang='grc' dir='ltr'>3ο</span> <span class='ocrx_word' id='word_1_367' title='bbox 193 3445 250 3520; x_wconf 86' lang='lat' dir='ltr'>Qui</span> <span class='ocrx_word' id='word_1_368' title='bbox 270 3445 363 3508; x_wconf 92' lang='lat' dir='ltr'>babet</span> <span class='ocrx_word' id='word_1_369' title='bbox 376 3445 551 3506; x_wconf 89' lang='lat' dir='ltr'>facultatem</span> <span class='ocrx_word' id='word_1_370' title='bbox 568 3445 737 3524; x_wconf 84' lang='lat' dir='ltr'>generalem</span> <span class='ocrx_word' id='word_1_371' title='bbox 753 3444 929 3508; x_wconf 89' lang='lat' dir='ltr'>absolvendi</span> <span class='ocrx_word' id='word_1_372' title='bbox 944 3464 962 3506; x_wconf 94' lang='lat' dir='ltr'>a</span> <span class='ocrx_word' id='word_1_373' title='bbox 975 3445 1152 3524; x_wconf 77' lang='lat' dir='ltr'>PapalibuS,</span> <span class='ocrx_word' id='word_1_374' title='bbox 1169 3463 1230 3506; x_wconf 90' lang='lat' dir='ltr'>non</span> <span class='ocrx_word' id='word_1_375' title='bbox 1244 3443 1311 3506; x_wconf 89' lang='lat' dir='ltr'>ideo</span> <span class='ocrx_word' id='word_1_376' title='bbox 1326 3444 1378 3506; x_wconf 90' lang='lat' dir='ltr'>ab·</span> 
     </span>
     <span class='ocr_line' id='line_1_37' title="bbox 105 3531 1379 3614; baseline -0.002 -17"><span class='ocrx_word' id='word_1_377' title='bbox 105 3535 220 3597; x_wconf 87' lang='lat' dir='ltr'>solvere</span> <span class='ocrx_word' id='word_1_378' title='bbox 240 3540 338 3612; x_wconf 90' lang='lat' dir='ltr'>potest</span> <span class='ocrx_word' id='word_1_379' title='bbox 357 3553 375 3595; x_wconf 94' lang='lat' dir='ltr'>a</span> <span class='ocrx_word' id='word_1_380' title='bbox 393 3533 513 3597; x_wconf 89' lang='lat' dir='ltr'>casibus</span> <span class='ocrx_word' id='word_1_381' title='bbox 531 3534 652 3614; x_wconf 87' lang='lat' dir='ltr'>speciali</span> <span class='ocrx_word' id='word_1_382' title='bbox 671 3535 761 3596; x_wconf 91' lang='lat' dir='ltr'>modo</span> <span class='ocrx_word' id='word_1_383' title='bbox 782 3533 921 3596; x_wconf 86' lang='lat' dir='ltr'>Pontifici</span> <span class='ocrx_word' id='word_1_384' title='bbox 940 3533 1116 3606; x_wconf 89' lang='lat' dir='ltr'>reservatis,</span> <span class='ocrx_word' id='word_1_385' title='bbox 1136 3531 1197 3594; x_wconf 90' lang='lat' dir='ltr'>nisi</span> <span class='ocrx_word' id='word_1_386' title='bbox 1215 3532 1248 3593; x_wconf 92' lang='lat' dir='ltr'>id</span> <span class='ocrx_word' id='word_1_387' title='bbox 1267 3531 1379 3595; x_wconf 86' lang='lat' dir='ltr'>diserte</span> 
     </span>
     <span class='ocr_line' id='line_1_38' title="bbox 103 3620 1379 3705; baseline -0.004 -19"><span class='ocrx_word' id='word_1_388' title='bbox 103 3620 307 3701; x_wconf 86' lang='lat' dir='ltr'>exprimatur,</span> <span class='ocrx_word' id='word_1_389' title='bbox 320 3621 393 3704; x_wconf 89' lang='lat' dir='ltr'>quia</span> <span class='ocrx_word' id='word_1_390' title='bbox 403 3623 543 3705; x_wconf 86' lang='lat' dir='ltr'>specialia</span> <span class='ocrx_word' id='word_1_391' title='bbox 551 3641 614 3686; x_wconf 90' lang='lat' dir='ltr'>non</span> <span class='ocrx_word' id='word_1_392' title='bbox 625 3623 823 3686; x_wconf 88' lang='lat' dir='ltr'>continentur</span> <span class='ocrx_word' id='word_1_393' title='bbox 834 3642 930 3702; x_wconf 85' lang='lat' dir='ltr'>perse</span> <span class='ocrx_word' id='word_1_394' title='bbox 940 3622 975 3684; x_wconf 91' lang='lat' dir='ltr'>in</span> <span class='ocrx_word' id='word_1_395' title='bbox 984 3620 1174 3684; x_wconf 89' lang='lat' dir='ltr'>concessione</span> <span class='ocrx_word' id='word_1_396' title='bbox 1186 3620 1334 3701; x_wconf 88' lang='lat' dir='ltr'>generali;</span> <span class='ocrx_word' id='word_1_397' title='bbox 1349 3625 1379 3682; x_wconf 89' lang='lat' dir='ltr'>et</span> 
     </span>
     <span class='ocr_line' id='line_1_39' title="bbox 103 3707 1378 3792; baseline -0.005 -19"><span class='ocrx_word' id='word_1_398' title='bbox 103 3709 229 3773; x_wconf 89' lang='lat' dir='ltr'>aliunde</span> <span class='ocrx_word' id='word_1_399' title='bbox 239 3711 318 3774; x_wconf 90' lang='lat' dir='ltr'>banc</span> <span class='ocrx_word' id='word_1_400' title='bbox 328 3730 392 3775; x_wconf 88' lang='lat' dir='ltr'>esse</span> <span class='ocrx_word' id='word_1_401' title='bbox 402 3711 555 3776; x_wconf 89' lang='lat' dir='ltr'>Pontificis</span> <span class='ocrx_word' id='word_1_402' title='bbox 566 3711 771 3775; x_wconf 88' lang='lat' dir='ltr'>intentionem</span> <span class='ocrx_word' id='word_1_403' title='bbox 782 3710 950 3774; x_wconf 87' lang='lat' dir='ltr'>declaratur</span> <span class='ocrx_word' id='word_1_404' title='bbox 960 3711 995 3773; x_wconf 90' lang='lat' dir='ltr'>in</span> <span class='ocrx_word' id='word_1_405' title='bbox 1005 3710 1072 3791; x_wconf 88' lang='lat' dir='ltr'>ipsa</span> <span class='ocrx_word' id='word_1_406' title='bbox 1084 3713 1186 3772; x_wconf 86' lang='lat' dir='ltr'>Gonst.</span> <span class='ocrx_word' id='word_1_407' title='bbox 1200 3707 1378 3792; x_wconf 69' lang='lat' dir='ltr'>apostoticae</span> 
     </span>
     <span class='ocr_line' id='line_1_40' title="bbox 102 3797 531 3882; baseline 0.005 -22"><span class='ocrx_word' id='word_1_408' title='bbox 102 3797 202 3860; x_wconf 62' lang='lat' dir='ltr'>Sedis,</span> <span class='ocrx_word' id='word_1_409' title='bbox 219 3835 260 3843; x_wconf 98' lang='lat'>—</span> <span class='ocrx_word' id='word_1_410' title='bbox 274 3800 310 3862; x_wconf 91' lang='lat' dir='ltr'>S.</span> <span class='ocrx_word' id='word_1_411' title='bbox 326 3802 397 3882; x_wconf 78' lang='lat' dir='ltr'>Lip.</span> <span class='ocrx_word' id='word_1_412' title='bbox 413 3823 444 3863; x_wconf 84' lang='lat' dir='ltr'>n.</span> <span class='ocrx_word' id='word_1_413' title='bbox 463 3807 531 3865; x_wconf 82' lang='lat' dir='ltr'>tta.</span> 
     </span>
    </p>

    <p class='ocr_par' dir='ltr' id='par_1_9' title="bbox 102 3885 1380 4058">
     <span class='ocr_line' id='line_1_41' title="bbox 145 3885 1380 3974; baseline -0.002 -24"><span class='ocrx_word' id='word_1_414' title='bbox 145 3891 178 3950; x_wconf 75' lang='lat'>4⁰</span> <span class='ocrx_word' id='word_1_415' title='bbox 194 3889 334 3951; x_wconf 87' lang='lat' dir='ltr'>Facultas</span> <span class='ocrx_word' id='word_1_416' title='bbox 354 3909 493 3954; x_wconf 90' lang='lat' dir='ltr'>concessa</span> <span class='ocrx_word' id='word_1_417' title='bbox 507 3891 544 3953; x_wconf 91' lang='lat' dir='ltr'>ab</span> <span class='ocrx_word' id='word_1_418' title='bbox 559 3891 705 3974; x_wconf 88' lang='lat' dir='ltr'>Episcopo</span> <span class='ocrx_word' id='word_1_419' title='bbox 718 3909 774 3972; x_wconf 92' lang='lat' dir='ltr'>pro</span> <span class='ocrx_word' id='word_1_420' title='bbox 787 3890 916 3972; x_wconf 89' lang='lat' dir='ltr'>peccatis</span> <span class='ocrx_word' id='word_1_421' title='bbox 935 3889 1097 3952; x_wconf 90' lang='lat' dir='ltr'>reservatis</span> <span class='ocrx_word' id='word_1_422' title='bbox 1114 3906 1177 3950; x_wconf 91' lang='lat' dir='ltr'>non</span> <span class='ocrx_word' id='word_1_423' title='bbox 1196 3885 1380 3966; x_wconf 79' lang='lat' dir='ltr'>intelligitur</span> 
     </span>
     <span class='ocr_line' id='line_1_42' title="bbox 102 3973 1379 4058; baseline -0.002 -20"><span class='ocrx_word' id='word_1_424' title='bbox 102 3993 159 4057; x_wconf 92' lang='lat' dir='ltr'>pro</span> <span class='ocrx_word' id='word_1_425' title='bbox 175 3977 339 4040; x_wconf 86' lang='lat' dir='ltr'>reservatis</span> <span class='ocrx_word' id='word_1_426' title='bbox 355 3997 426 4042; x_wconf 90' lang='lat' dir='ltr'>cum</span> <span class='ocrx_word' id='word_1_427' title='bbox 440 3997 583 4058; x_wconf 74' lang='lat' dir='ltr'>censura,</span> <span class='ocrx_word' id='word_1_428' title='bbox 601 3999 686 4044; x_wconf 87' lang='lat' dir='ltr'>secus</span> <span class='ocrx_word' id='word_1_429' title='bbox 706 3979 734 4043; x_wconf 91' lang='lat' dir='ltr'>si</span> <span class='ocrx_word' id='word_1_430' title='bbox 752 3979 902 4043; x_wconf 90' lang='lat' dir='ltr'>concessio</span> <span class='ocrx_word' id='word_1_431' title='bbox 915 3979 994 4042; x_wconf 85' lang='lat' dir='ltr'>facta</span> <span class='ocrx_word' id='word_1_432' title='bbox 1008 3979 1049 4040; x_wconf 90' lang='lat' dir='ltr'>sit</span> <span class='ocrx_word' id='word_1_433' title='bbox 1063 3995 1081 4038; x_wconf 88' lang='lat' dir='ltr'>a</span> <span class='ocrx_word' id='word_1_434' title='bbox 1095 3981 1188 4057; x_wconf 89' lang='lat' dir='ltr'>Papa,</span> <span class='ocrx_word' id='word_1_435' title='bbox 1204 3973 1278 4056; x_wconf 89' lang='lat' dir='ltr'>quia</span> <span class='ocrx_word' id='word_1_436' title='bbox 1292 3993 1379 4038; x_wconf 88' lang='lat' dir='ltr'>casus</span> 
     </span>
    </p>
   </div>
   <div class='ocr_carea' id='block_1_6' title="bbox 102 4191 1382 4534">
    <p class='ocr_par' dir='ltr' id='par_1_10' title="bbox 102 4191 1382 4534">
     <span class='ocr_line' id='line_1_43' title="bbox 136 4191 1382 4263; baseline -0.002 -18"><span class='ocrx_word' id='word_1_437' title='bbox 136 4197 146 4230; x_wconf 94' lang='lat'>¹</span> <span class='ocrx_word' id='word_1_438' title='bbox 163 4197 235 4247; x_wconf 84' lang='lat' dir='ltr'>Hanc</span> <span class='ocrx_word' id='word_1_439' title='bbox 249 4197 403 4250; x_wconf 87' lang='lat' dir='ltr'>sententiam</span> <span class='ocrx_word' id='word_1_440' title='bbox 421 4199 448 4248; x_wconf 88' lang='lat' dir='ltr'>S.</span> <span class='ocrx_word' id='word_1_441' title='bbox 468 4198 598 4263; x_wconf 71' lang='lat' dir='ltr'>Abatonso</span> <span class='ocrx_word' id='word_1_442' title='bbox 616 4213 668 4250; x_wconf 88' lang='lat' dir='ltr'>nou</span> <span class='ocrx_word' id='word_1_443' title='bbox 686 4198 771 4250; x_wconf 88' lang='lat' dir='ltr'>visam</span> <span class='ocrx_word' id='word_1_444' title='bbox 785 4198 865 4250; x_wconf 84' lang='lat' dir='ltr'>luisse</span> <span class='ocrx_word' id='word_1_445' title='bbox 884 4196 989 4249; x_wconf 88' lang='lat' dir='ltr'>omnino</span> <span class='ocrx_word' id='word_1_446' title='bbox 1003 4193 1210 4260; x_wconf 84' lang='lat' dir='ltr'>improbabilem,</span> <span class='ocrx_word' id='word_1_447' title='bbox 1228 4194 1321 4246; x_wconf 83' lang='lat' dir='ltr'>exinde</span> <span class='ocrx_word' id='word_1_448' title='bbox 1338 4191 1382 4242; x_wconf 93' lang='lat' dir='ltr'>de·</span> 
     </span>
     <span class='ocr_line' id='line_1_44' title="bbox 103 4262 1381 4332; baseline -0.006 -14"><span class='ocrx_word' id='word_1_449' title='bbox 103 4265 165 4318; x_wconf 90' lang='lat' dir='ltr'>duci</span> <span class='ocrx_word' id='word_1_450' title='bbox 180 4271 275 4330; x_wconf 86' lang='lat' dir='ltr'>potest,</span> <span class='ocrx_word' id='word_1_451' title='bbox 290 4268 371 4332; x_wconf 88' lang='lat' dir='ltr'>quod,</span> <span class='ocrx_word' id='word_1_452' title='bbox 390 4283 421 4320; x_wconf 89' lang='lat' dir='ltr'>ca</span> <span class='ocrx_word' id='word_1_453' title='bbox 435 4273 589 4330; x_wconf 84' lang='lat' dir='ltr'>memorata,</span> <span class='ocrx_word' id='word_1_454' title='bbox 605 4270 693 4320; x_wconf 87' lang='lat' dir='ltr'>statim</span> <span class='ocrx_word' id='word_1_455' title='bbox 713 4269 792 4320; x_wconf 85' lang='lat' dir='ltr'>addat</span> <span class='ocrx_word' id='word_1_456' title='bbox 806 4285 812 4320; x_wconf 93' lang='lat'><strong>:</strong></span> <span class='ocrx_word' id='word_1_457' title='bbox 828 4269 882 4319; x_wconf 81' lang='lat' dir='ltr'>Sed</span> <span class='ocrx_word' id='word_1_458' title='bbox 893 4279 1049 4320; x_wconf 79' lang='lat' dir='ltr'>enossrnms</span> <span class='ocrx_word' id='word_1_459' title='bbox 1061 4268 1127 4332; x_wconf 84' lang='lat' dir='ltr'>puto</span> <span class='ocrx_word' id='word_1_460' title='bbox 1147 4264 1192 4314; x_wconf 85' lang='lat' dir='ltr'>tor</span> <span class='ocrx_word' id='word_1_461' title='bbox 1213 4279 1264 4314; x_wconf 86' lang='lat' dir='ltr'>non</span> <span class='ocrx_word' id='word_1_462' title='bbox 1281 4262 1381 4313; x_wconf 78' lang='lat' dir='ltr'>odunt-</span> 
     </span>
     <span class='ocr_line' id='line_1_45' title="bbox 104 4331 1381 4406; baseline -0.001 -20"><span class='ocrx_word' id='word_1_463' title='bbox 104 4335 227 4400; x_wconf 83' lang='lat' dir='ltr'>tendnm,</span> <span class='ocrx_word' id='word_1_464' title='bbox 245 4341 298 4389; x_wconf 89' lang='lat' dir='ltr'>nisi</span> <span class='ocrx_word' id='word_1_465' title='bbox 316 4339 422 4405; x_wconf 82' lang='lat' dir='ltr'>qnando</span> <span class='ocrx_word' id='word_1_466' title='bbox 439 4356 490 4391; x_wconf 87' lang='lat' dir='ltr'>non</span> <span class='ocrx_word' id='word_1_467' title='bbox 503 4343 581 4406; x_wconf 82' lang='lat' dir='ltr'>putet</span> <span class='ocrx_word' id='word_1_468' title='bbox 597 4341 686 4405; x_wconf 75' lang='lat' dir='ltr'>fucitis</span> <span class='ocrx_word' id='word_1_469' title='bbox 700 4355 819 4390; x_wconf 83' lang='lat' dir='ltr'>recursus</span> <span class='ocrx_word' id='word_1_470' title='bbox 838 4339 875 4390; x_wconf 84' lang='lat' dir='ltr'>ud</span> <span class='ocrx_word' id='word_1_471' title='bbox 888 4339 1054 4403; x_wconf 81' lang='lat' dir='ltr'>Episcopum.</span> <span class='ocrx_word' id='word_1_472' title='bbox 1072 4369 1099 4378; x_wconf 90' lang='lat'>-</span> <span class='ocrx_word' id='word_1_473' title='bbox 1115 4339 1151 4388; x_wconf 87' lang='lat' dir='ltr'>De</span> <span class='ocrx_word' id='word_1_474' title='bbox 1166 4339 1264 4397; x_wconf 78' lang='lat' dir='ltr'>catere,</span> <span class='ocrx_word' id='word_1_475' title='bbox 1282 4345 1314 4384; x_wconf 86' lang='lat' dir='ltr'>ex</span> <span class='ocrx_word' id='word_1_476' title='bbox 1327 4331 1381 4383; x_wconf 85' lang='lat' dir='ltr'>loco</span> 
     </span>
     <span class='ocr_line' id='line_1_46' title="bbox 103 4403 1380 4478; baseline 0.007 -18"><span class='ocrx_word' id='word_1_477' title='bbox 103 4409 182 4460; x_wconf 87' lang='lat' dir='ltr'>citato</span> <span class='ocrx_word' id='word_1_478' title='bbox 193 4409 274 4460; x_wconf 76' lang='lat' dir='ltr'>ratas</span> <span class='ocrx_word' id='word_1_479' title='bbox 288 4409 335 4475; x_wconf 88' lang='lat' dir='ltr'>(de</span> <span class='ocrx_word' id='word_1_480' title='bbox 354 4413 426 4463; x_wconf 79' lang='lat' dir='ltr'>cens.</span> <span class='ocrx_word' id='word_1_481' title='bbox 446 4413 517 4478; x_wconf 78' lang='lat' dir='ltr'>bisp.</span> <span class='ocrx_word' id='word_1_482' title='bbox 533 4417 561 4474; x_wconf 90' lang='lat' dir='ltr'>t,</span> <span class='ocrx_word' id='word_1_483' title='bbox 574 4427 599 4478; x_wconf 85' lang='lat' dir='ltr'>p.</span> <span class='ocrx_word' id='word_1_484' title='bbox 614 4417 641 4463; x_wconf 88' lang='lat' dir='ltr'>tt</span> <span class='ocrx_word' id='word_1_485' title='bbox 650 4412 684 4477; x_wconf 69' lang='grc' dir='ltr'>,ἓ</span> <span class='ocrx_word' id='word_1_486' title='bbox 700 4417 726 4474; x_wconf 81' lang='lat' dir='ltr'>t,</span> <span class='ocrx_word' id='word_1_487' title='bbox 743 4427 770 4464; x_wconf 85' lang='lat' dir='ltr'>n.</span> <span class='ocrx_word' id='word_1_488' title='bbox 785 4411 813 4474; x_wconf 88' lang='lat' dir='ltr'>c)</span> <span class='ocrx_word' id='word_1_489' title='bbox 829 4411 873 4460; x_wconf 84' lang='lat' dir='ltr'>vix</span> <span class='ocrx_word' id='word_1_490' title='bbox 888 4415 993 4475; x_wconf 88' lang='lat' dir='ltr'>apparet</span> <span class='ocrx_word' id='word_1_491' title='bbox 1011 4422 1044 4460; x_wconf 86' lang='lat' dir='ltr'>an</span> <span class='ocrx_word' id='word_1_492' title='bbox 1058 4407 1208 4474; x_wconf 71' lang='lat' dir='ltr'>praedictam</span> <span class='ocrx_word' id='word_1_493' title='bbox 1221 4417 1312 4458; x_wconf 69' lang='lat' dir='ltr'>rttel&#39;a</span> <span class='ocrx_word' id='word_1_494' title='bbox 1325 4403 1380 4468; x_wconf 68' lang='lat'>¹98³</span> 
     </span>
     <span class='ocr_line' id='line_1_47' title="bbox 102 4479 391 4534; baseline 0.014 -4"><span class='ocrx_word' id='word_1_495' title='bbox 102 4479 217 4532; x_wconf 63' lang='lat' dir='ltr'>uenerit</span> <span class='ocrx_word' id='word_1_496' title='bbox 227 4483 391 4534; x_wconf 85' lang='lat' dir='ltr'>sententiam.</span> 
     </span>
    </p>
   </div>
   <div class='ocr_carea' id='block_1_7' title="bbox 183 4563 1255 4626">
    <p class='ocr_par' dir='ltr' id='par_1_11' title="bbox 183 4563 1255 4626">
     <span class='ocr_line' id='line_1_48' title="bbox 183 4563 1255 4626; baseline 0.007 -3"><span class='ocrx_word' id='word_1_497' title='bbox 183 4578 254 4623; x_wconf 64' lang='lat' dir='ltr'>Gom.</span> <span class='ocrx_word' id='word_1_498' title='bbox 265 4601 292 4612; x_wconf 90' lang='grc'>-</span> <span class='ocrx_word' id='word_1_499' title='bbox 310 4580 369 4624; x_wconf 75' lang='lat' dir='ltr'>ros.</span> <span class='ocrx_word' id='word_1_500' title='bbox 382 4581 414 4626; x_wconf 88' lang='lat' dir='ltr'>n.</span> <span class='ocrx_word' id='word_1_501' title='bbox 1225 4563 1255 4614; x_wconf 68' lang='lat'>2⁷</span> 
     </span>
    </p>
   </div>
   <div class='ocr_carea' id='block_1_8' title="bbox 0 0 1611 5042">
    <p class='ocr_par' dir='ltr' id='par_1_12' title="bbox 0 0 1611 5042">
     <span class='ocr_line' id='line_1_49' title="bbox 0 0 1611 5042; baseline 0 0"><span class='ocrx_word' id='word_1_502' title='bbox 0 0 1611 5042; x_wconf 95' lang='lat' dir='ltr'> </span> 
     </span>
    </p>
   </div>
  </div>
 </body>
</html>
