3180 5040
212 249 282 310 lbi
536 252 540 258 ·
615 237 821 290 nascamus
841 236 884 281 nn
909 231 1084 278 cursurus

212 393 282 437 sess.
302 369 393 442 XXV,
408 385 434 427 c.
450 380 512 436 aar,
529 359 567 421 de
583 355 719 436 Reform.
736 353 801 412 lmo
812 351 903 429 juxta
922 342 1048 407 ltttuote
1070 341 1241 404 Romanum
1261 343 1356 404 sunt
1372 341 1517 422 privand

213 460 387 544 sepultura,
416 448 540 516 etiamsi
570 446 658 525 signa
682 435 873 522 peanitentiae
898 431 1054 507 dederint;
1079 436 1110 493 et
1132 434 1223 512 juxta
1250 431 1400 493 Bullam
1430 435 1519 494 Bene-

212 551 285 616 dict.
297 549 375 620 xlv,
389 543 455 604 licet
471 536 604 600 absoluti
612 531 739 614 fuuiut,
749 533 780 590 et
791 521 913 588 etiamsi
927 527 1014 584 extra
1025 521 1125 582 locum
1138 519 1307 582 condictus
1326 537 1414 582 cum
1428 520 1518 599 signis

212 632 403 721 poenitentia
417 625 611 694 decesserint.

254 733 285 790 ἰο
293 725 469 787 Peccatores
480 712 599 798 publici
611 721 640 772 et
651 706 777 784 notorii,
788 702 842 786 qui
855 701 889 764 in
901 698 1130 780 impoenitentia
1142 703 1277 760 mortem
1289 699 1515 780 oppetierant.

213 814 396 884 Tolossani,
413 828 442 871 v.
460 824 519 886 gn,
535 801 590 885 qui
602 798 721 881 publice
733 794 831 859 vitam
846 791 963 869 degunt
980 788 1014 850 in
1030 787 1196 862 adulterio,
1214 788 1263 850 rel
1274 787 1513 851 concubinatu.

215 906 272 968 Sed
285 903 324 965 ad
337 901 394 962 hoc
407 892 589 976 requiritur,
608 895 638 951 {⁰
653 894 691 950 ut
703 877 933 962 impoenitentia
948 877 989 939 sit
1004 875 1131 938 omnino
1148 882 1246 950 certa,
1262 880 1298 939 2⁰
1315 884 1361 940 ut
1378 877 1427 938 sit
1446 876 1515 936 ador

214 991 353 1076 publica,
369 992 407 1050 ut
420 982 578 1063 sepultura
589 977 656 1039 sine
671 989 751 1038 novo
766 967 905 1032 scandalo
920 964 1041 1028 concodi
1056 983 1119 1027 non
1133 965 1241 1044 possit.

256 1083 357 1156 Quna.
373 1079 407 1138 ιθ
421 1074 472 1134 Au
487 1063 654 1150 sepeliendi
666 1064 726 1124 siut
741 1061 775 1120 iu
789 1059 849 1120 loco
863 1074 950 1118 sacro
964 1055 1010 1116 ret'
1023 1055 1077 1136 qui
1091 1064 1186 1115 morte
1197 1054 1412 1135 plectuntur?

262 1169 350 1249 lleop.
364 1163 391 1226 Α
396 1161 494 1244 ffirm.
499 1205 508 1237 ‚
523 1157 548 1219 si
561 1152 687 1218 confessi
700 1148 816 1213 fuerint
832 1151 903 1208 ante
915 1149 1062 1218 mortem,
1079 1149 1134 1205 aut
1147 1142 1236 1223 signa
1249 1144 1398 1208 dederint
1414 1145 1510 1206 indu-

217 1259 269 1322 bia
285 1249 485 1338 poenitentia.
500 1246 557 1311 Sed
569 1239 730 1324 sepeliendi
748 1242 822 1300 sunt
836 1234 901 1296 sine
913 1231 1117 1295 solemnitate.

260 1357 349 1418 1061.
364 1385 402 1396 -
420 1351 521 1424 Qumis.
534 1347 567 1407 3⁰
584 1338 665 1416 Quid
678 1335 827 1419 opeuduru
847 1333 878 1393 to
894 1329 1001 1409 doto,
1018 1338 1123 1391 utrum
1143 1329 1317 1412 deueqoudo
1337 1335 1383 1392 sit
1396 1331 1506 1413 sepul-

219 1455 292 1506 tura
305 1438 521 1512 ecclesiastico,
539 1428 654 1492 necue?

257 1531 349 1611 Resp.
364 1547 372 1587 :
388 1524 554 1605 Episcopus
568 1525 615 1582 est
628 1512 880 1594 interrogandus,
896 1509 923 1572 si
937 1508 1032 1571 lacilis
1047 1526 1188 1571 recursus
1199 1507 1234 1569 ad
1248 1506 1346 1586 ipsum
1361 1511 1504 1588 pateat;

220 1637 305 1685 secus
318 1633 373 1699 pro
393 1612 550 1693 sepultura
568 1603 757 1672 concedenda
776 1601 931 1680 agendum
949 1597 1008 1660 erit
1017 1600 1108 1680 juxta
1122 1594 1296 1678 principium
1310 1614 1317 1656 :
1333 1595 1504 1655 indubio

219 1709 290 1772 odio
308 1713 377 1769 suut
394 1696 620 1781 reetriupeudo.
641 1697 719 1758 Gurn
740 1689 825 1753 enim
843 1687 1037 1750 incommoda
1055 1704 1169 1766 magna
1187 1683 1297 1746 nostris
1313 1681 1502 1763 praesertim

222 1793 410 1878 temporibus
419 1809 458 1853 ex
469 1784 665 1866 denegatione
677 1780 841 1862 sepultura
850 1776 924 1839 oriri
935 1775 1066 1849 soleant,
1078 1773 1199 1855 expedit
1208 1777 1243 1835 ιιι
1252 1771 1322 1834 talis
1333 1771 1502 1852 denegatio

228 1907 290 1951 non
304 1885 358 1948 fiat
371 1880 433 1943 nisi
447 1879 483 1940 de
495 1879 560 1958 eJus
575 1870 757 1952 obligatione
769 1869 849 1930 certo
861 1868 987 1928 constet.

263 1977 364 2050 Quina.
382 1974 413 2032 4⁰
427 1967 478 2029 Au
493 1968 532 2027 sit
547 1957 723 2042 deuepuudo
738 1954 909 2039 sepultura,
927 1954 955 2016 si
968 1952 1118 2016 Sacerdos
1137 1951 1218 2014 eolus
1237 1954 1318 2013 testis
1336 1950 1432 2033 suerit
1452 1968 1499 2009 re-

226 2064 319 2146 pulsae
333 2069 361 2122 et
376 2054 606 2140 impunitarum
619 2045 811 2112 moribundi?

269 2151 357 2231 llesp.
374 2146 465 2227 Nep,
480 2142 542 2206 nisi
556 2139 679 2204 aliunde
692 2136 752 2218 ipsi
764 2132 904 2214 denegari
918 2131 1026 2194 debeat
1040 2131 1077 2194 oh
1093 2130 1229 2212 aliquam
1244 2149 1282 2192 en
1294 2129 1394 2192 causis
1406 2145 1499 2206 supra

225 2236 385 2321 expositis,
400 2253 431 2298 v.
446 2251 505 2314 gn,
519 2236 641 2312 propter
652 2241 828 2298 censuram,
842 2228 898 2285 etc.
916 2222 973 2283 Sed
988 2226 1085 2284 moene
1098 2219 1187 2281 debet
1201 2219 1344 2282 Sacerdos
1356 2219 1393 2280 de
1405 2215 1500 2296 impia

226 2325 424 2409 dispositione
439 2317 634 2392 moribundi,
651 2321 680 2378 et
694 2313 792 2377 sinere
807 2317 843 2374 ut
857 2311 1006 2384 credatur,
1022 2326 1093 2371 eum
1111 2307 1205 2370 fuisse
1219 2306 1424 2370 sacramentis
1440 2303 1501 2366 rite

227 2417 397 2495 expiatum.
418 2410 533 2472 Debent
552 2406 636 2468 enirn
653 2402 745 2467 vitari
765 2401 919 2475 scandala,
936 2405 1087 2480 quantum
1105 2396 1169 2458 fieri
1186 2400 1298 2476 potest.
1320 2398 1387 2458 imo
1405 2410 1503 2474 operar

228 2501 365 2582 pretium
379 2496 453 2570 erit,
468 2501 504 2556 ιιι
518 2493 661 2556 Sacerdos
676 2489 789 2552 dubius
808 2491 845 2552 de
864 2486 1059 2568 dispositione
1073 2483 1248 2546 moribundi
1263 2483 1371 2562 ipsum
1387 2485 1505 2562 absque

226 2586 357 2650 testibus
371 2583 544 2663 alloquatur
554 2585 584 2641 et
597 2580 636 2641 ad
651 2577 871 2640 confessionem
883 2577 1021 2648 inducat,
1032 2591 1069 2635 ne
1078 2571 1175 2633 malus
1185 2573 1252 2650 ejus
1264 2571 1395 2632 animus
1408 2571 1506 2632 inno

228 2681 338 2749 tescot,
359 2671 449 2736 modo
472 2677 575 2734 tamen
595 2666 718 2748 aliquod
743 2667 922 2728 scandalum
944 2661 1061 2727 nonsit
1082 2656 1247 2722 necemario
1267 2658 1505 2736 reparandum.

228 2773 289 2832 Hoc
303 2764 429 2849 quidem
444 2765 598 2825 statutum
612 2756 707 2821 estin
727 2754 821 2818 variis
837 2753 1034 2828 dioecesibus,
1048 2757 1077 2814 et
1089 2754 1125 2812 ιιι
1137 2746 1316 2810 observetur
1328 2745 1505 2825 prodentia

228 2857 345 2920 suadet.

269 2948 357 3009 lodi.
374 2978 414 2988 --
428 2943 529 3015 ann.
547 2942 579 3001 5⁰
592 2936 642 2998 Au
658 2933 835 3018 deuepoudo
850 2933 890 2994 sit
905 2931 1064 3016 sepultura
1078 2929 1175 2989 mimis
1189 2934 1217 2988 et
1232 2921 1393 2986 comodis?

268 3035 358 3113 ltesp.
377 3029 454 3109 Neo.
473 3028 559 3090 Modo
581 3029 776 3089 Sacramenta
794 3021 931 3085 Ecclesia
949 3037 1012 3083 non
1026 3015 1210 3090 recusmint,
1231 3014 1312 3076 sicut
1330 3011 1366 3074 de
1386 3011 1505 3074 caeteris

228 3117 436 3204 peccatoribus
457 3115 638 3180 dictumest
655 3115 690 3177 in
708 3113 840 3188 Quaesito
858 3108 1051 3191 procedenti.
1071 3105 1159 3171 Nulla
1177 3104 1262 3167 enirn
1280 3100 1442 3165 invenitur
1459 3100 1506 3160 ler

230 3209 389 3284 canonica,
404 3225 472 3290 qnae
482 3223 559 3268 eosa
571 3204 727 3285 sepultura
739 3199 937 3264 ecclesiastica
945 3198 1097 3262 excludat.
1108 3229 1148 3240 -
1158 3192 1279 3256 Gousset
1285 3239 1295 3272 ,
1308 3191 1344 3252 de
1353 3188 1506 3252 decemo

233 3299 396 3376 (suctione,
413 3317 444 3357 u.
459 3301 530 3360 637.

271 3388 397 3464 Quando
411 3384 602 3448 benedicitur
620 3379 846 3453 coemeterium,
862 3397 932 3460 pars
951 3377 1055 3458 aliqua
1073 3381 1213 3438 extrema
1231 3369 1309 3432 illins
1326 3367 1392 3428 sine
1405 3366 1507 3428 beno-

230 3477 361 3541 dictione
376 3473 576 3554 relinquenda
589 3477 650 3546 est,
667 3478 704 3534 ut
718 3469 867 3532 inserviat
880 3485 934 3548 pro
946 3467 1104 3546 sepultura
1115 3460 1283 3526 infantium
1296 3455 1351 3538 qui
1363 3453 1431 3517 sine
1442 3457 1507 3517 Ba·

229 3566 343 3647 ptismo
357 3584 374 3626 c
386 3564 465 3626 vivis
480 3563 686 3634 excesserunt,
702 3562 732 3620 et
742 3557 915 3620 infidelium
929 3554 1030 3637 quiin
1044 3553 1117 3616 locis
1128 3549 1373 3614 Christianorum
1387 3541 1507 3612 mortui

231 3659 320 3729 sunt,
340 3671 394 3715 nec
413 3670 476 3713 non
494 3650 625 3712 aliorum
646 3647 868 3729 quorumlibet,
891 3645 1004 3727 quibam
1021 3639 1222 3705 ecclesiastica
1240 3635 1399 3716 sepultura
1417 3631 1503 3694 dene

230 3743 329 3824 ganda
341 3747 400 3803 est.
413 3742 480 3802 Non
488 3738 659 3820 requiritur
668 3736 805 3800 absolute
816 3742 853 3797 ιιι
864 3751 935 3815 pars
944 3733 1011 3808 illa,
1024 3751 1055 3794 r.
1068 3727 1504 3810 gr.,pern1urumautsepem

230 3837 286 3894 aut
305 3830 441 3911 aliquam
460 3827 579 3890 foveam
598 3844 616 3889 a
635 3826 752 3908 reliquo
771 3822 943 3888 coemeterio
959 3826 1126 3903 separetur,
1148 3815 1201 3880 sed
1217 3811 1329 3877 sufficit
1350 3815 1388 3874 ut
1408 3808 1503 3888 aliquo

231 3919 321 3982 modo
336 3917 467 3981 discerni
481 3916 587 3998 possit.

623 4217 702 4262 murs
724 4213 896 4262 sancturus
918 4214 955 4259 DE
976 4209 1118 4258 GENSURIS
