3180 5040
440 209 444 215 ’
483 228 529 274 55
548 223 805 272 ruodmannus
825 224 867 268 57
887 223 1040 270 scaleno
1334 206 1400 267 507

166 342 257 418 77555.
273 339 349 422 Nep.
366 357 438 403 cnm
454 337 606 402 sentemia
620 335 787 402 communi.
801 334 891 401 Ratio
905 342 965 411 est,
982 333 1057 416 quia
1073 351 1135 398 non
1153 337 1291 414 apparet,
1309 332 1402 396 talem

126 429 345 512 obligationem
359 427 454 491 fuisse
468 427 643 509 impositam
658 445 756 506 neque
768 425 806 488 'ex
817 431 929 488 natura
940 423 1079 498 iubilaei,
1093 440 1192 504 neque
1204 440 1242 484 ex
1255 427 1404 502 precepto

126 519 282 584 Pontificis
296 521 350 580 ant
363 515 553 580 Confessani.
569 553 607 562 -
622 515 670 577 Ita
681 515 718 577 S.
732 515 814 594 Lip„
830 533 860 575 n.
876 517 946 578 537.
956 549 996 560 -
1006 514 1108 594 Lupo,
1122 511 1204 593 disp.
1218 529 1273 586 xx,
1287 515 1401 576 5100.

127 645 167 656 --
181 607 349 685 Selmena,
366 626 392 668 c.
406 625 479 680 x111,
495 627 525 666 n.
541 609 590 679 57,
607 611 712 668 contra
731 603 860 684 aliquos.
876 602 985 664 —Ait
1002 608 1106 665 tamen
1125 601 1199 664 Pius
1215 602 1255 663 IX
1272 599 1403 663 constit.

129 697 279 760 67557757
298 693 458 772 Ecclesiae,
475 699 515 758 77
533 698 601 757 Dec.
619 697 713 768 1877,
729 711 792 774 qua
807 691 921 754 indixit
940 691 1107 754 JuhiIaeum
1125 688 1200 753 anni
1221 687 1401 770 sequentis:

127 786 195 848 iIIos
216 785 270 866 qui
294 789 362 864 post
383 783 607 847 absolutionem
626 799 826 846 censurarum
844 799 880 843 ac
900 784 1126 842 reservatorum
1149 796 1240 859 opera
1262 777 1404 859 injuncta

126 893 191 939 non
205 873 389 954 adimplent,
400 881 531 956 propter
545 871 677 953 idipsum
690 891 708 931 5
720 871 837 951 peccati
849 879 936 931 reatu
951 872 1096 930 immunes
1109 867 1225 930 censeri
1240 867 1294 928 575
1305 885 1403 947 posse.

168 965 271 1038 Quen.
289 965 340 1025 16ο
354 961 403 1022 An
418 963 472 1044 qui
486 960 638 1040 consessas
654 967 698 1022 est
711 969 843 1039 tempore
860 956 998 1034 lubilaei,
1017 967 1046 1018 et
1062 955 1172 1017 ollitas
1190 955 1253 1035 suit
1266 954 1406 1036 confiteri

125 1061 253 1134 peccata
267 1071 321 1114 sne
336 1059 503 1127 reservata,
519 1053 614 1131 possit
628 1047 736 1110 deinde
749 1067 768 1108 5
781 1065 966 1129 quocumque
983 1043 1182 1125 Confesserio
1196 1043 1333 1106 absolui?
1376 1053 1378 1058 ·

170 1136 260 1224 licep.
274 1146 306 1203 I⁰
317 1139 455 1221 affirm,
471 1138 498 1201 si
510 1136 718 1202 confessarius
728 1135 872 1200 habuerit
883 1151 1058 1216 expressam
1070 1132 1276 1197 intentionem
1291 1132 1328 1195 ah
1340 1150 1406 1196 om·

128 1230 224 1293 nibus
242 1228 369 1311 peccatis
384 1228 480 1291 etiam
496 1225 658 1292 reservatis
673 1224 859 1290 absolvendi.

171 1319 261 1401 Itcsp.
278 1323 312 1382 70
325 1317 450 1399 Afficm.
470 1316 564 1380 etiam
574 1313 783 1397 probabilius,
801 1313 826 1376 si
841 1311 1049 1376 confessarius
1063 1311 1167 1374 dehoc
1180 1327 1244 1373 non
1258 1307 1407 1390 cogitave-

128 1407 188 1482 rit,
201 1407 275 1488 quia
286 1406 439 1488 poenitens
449 1404 481 1468 vi
492 1404 614 1468 lubilaei
621 1406 673 1485 jus
685 1401 858 1486 acquisivit,
871 1405 933 1464 uta
944 1399 1081 1483 quolibet
1092 1399 1279 1464 confessario
1289 1398 1408 1461 absolvi

130 1503 241 1577 posset.
265 1495 374 1556 -Ita
399 1495 581 1557 communius
603 1511 674 1556 cum
694 1492 730 1554 S.
752 1492 831 1574 ttq,
853 1513 885 1554 5.
905 1494 980 1566 537,
1003 1490 1106 1566 Quaer.
1127 1493 1171 1552 70.
1197 1523 1237 1533 -
1258 1487 1405 1566 Lecrore,

130 1607 162 1648 n.
177 1589 271 1655 7779,
289 1591 346 1647 etc.

170 1673 205 1738 Si
220 1673 290 1755 quis
308 1679 413 1736 autern
432 1670 651 1736 confessionem
665 1671 749 1735 intra
768 1669 934 1734 Iuhilaeum
948 1667 1111 1748 inceperit,
1128 1666 1166 1729 57
1181 1665 1326 1732 omnihus
1340 1683 1407 1746 pcc-

129 1762 207 1826 catis
221 1762 383 1824 reservatis
397 1759 507 1824 deinde
521 1760 637 1823 absolvi
650 1759 771 1841 poterit.
787 1794 829 1806 -
841 1759 1018 1840 Loymenn,
1033 1756 1215 1834 Navarrns,
1231 1761 1289 1818 etc.

172 1853 263 1914 7773.
278 1885 319 1896 -
331 1851 433 1924 Quas.
448 1854 501 1911 170
515 1848 639 1909 Licetne
659 1858 791 1930 tempore
805 1845 931 1908 latitat
951 1844 1109 1929 quemlibet
1125 1863 1163 1906 ee
1176 1841 1356 1928 approbatis
1371 1842 1409 1904 ab

132 1939 300 2004 Ordinatio
316 1937 428 2019 clipere
444 1936 696 2017 Confessem'nm?

172 2028 262 2108 Hesp.
278 2026 416 2109 Affirm,
434 2034 464 2089 57
477 2027 542 2088 hac
558 2025 685 2088 facultas
705 2023 862 2105 speciatim
877 2023 999 2104 respicit
1013 2022 1157 2086 Moniales
1176 2027 1208 2085 et
1225 2039 1333 2085 earum
1347 2025 1407 2084 No·

130 2117 241 2191 vitias,
260 2116 323 2179 inro
341 2121 373 2178 57
390 2115 471 2197 ipsos
490 2114 662 2194 Regulares.
678 2116 725 2176 Ita
741 2113 905 2176 declaravit
925 2112 1106 2176 Benedictus
1125 2113 1192 2176 XIV
1212 2116 1281 2191 post
1298 2113 1409 2190 Grego-

130 2205 219 2268 rium
234 2208 300 2270 XIII
317 2212 347 2267 et
361 2205 573 2268 Alexandrum
587 2205 652 2264 VH.
669 2238 708 2248 -
722 2201 756 2264 S.
772 2202 840 2283 Liq.
858 2223 888 2263 5.
903 2205 974 2266 536.

173 2293 286 2375 Excipe
302 2299 406 2356 tamon
424 2309 531 2356 casum
549 2291 715 2372 complicis.
734 2289 905 2354 Declaran‘t
922 2289 1006 2353 enim
1020 2289 1202 2354 Benedictus
1216 2290 1295 2362 XIV,
1312 2288 1408 2368 quod,

130 2388 221 2445 extra
235 2381 344 2444 mortis
359 2381 540 2455 artIcqum,
557 2381 698 2446 Sacerdos
712 2397 890 2460 nunquam,
904 2378 1000 2441 etiam
1013 2385 1149 2458 tempore
1162 2375 1300 2450 Jubilaei,
1313 2375 1411 2438 absol-

132 2488 205 2535 vere
222 2469 334 2552 poterit
352 2471 528 2551 complicem
543 2487 636 2532 snum
652 2468 686 2530 in
700 2473 818 2549 peccato
832 2467 915 2547 turpi
931 2467 1033 2548 (Bulla
1044 2467 1129 2528 Inter
1137 2465 1338 2548 preteritas).

173 2561 276 2634 05777.
295 2563 344 2624 180
357 2559 514 2641 Quousque
528 2577 558 2621 se
568 2558 729 2642 protendit
739 2565 873 2640 potestas
887 2556 1135 2619 extraordinario
1151 2556 1235 2617 circa
1249 2553 1411 2618 absolutio-

133 2668 203 2712 nem
216 2647 430 2730 peccatorum?

176 2736 265 2816 Resp.
282 2735 375 2798 :Nisi
393 2735 481 2802 aliter
499 2741 530 2796 57
553 2751 692 2814 expresse
711 2734 889 2795 declaretur.
910 2731 1092 2796 confessarii
1109 2749 1216 2794 omnes
1236 2730 1413 2793 facultatem

133 2823 253 2886 hahent
266 2821 442 2884 absolventi
457 2841 476 2882 5
490 2819 722 2902 quibuscumque
734 2821 878 2900 pcccatis,
894 2819 989 2882 etiam
1002 2818 1071 2881 sedi
1086 2817 1264 2899 Apostolicee
1278 2817 1413 2898 speciali-

136 2920 195 2988 ter,
213 2913 267 2974 aut
279 2908 353 2974 alias
368 2907 594 2990 quomodolibet
605 2908 779 2983 reservatis;
794 2907 889 2971 etiam
904 2906 1065 2989 spernatis
1080 2907 1242 2972 reservatis
1255 2905 1411 2988 Episcopo,

137 2997 199 3064 etsi
213 2997 246 3060 id
261 3016 323 3062 non
337 2996 536 3078 exprimatur.

180 3091 270 3150 1777.
285 3123 326 3135 -
338 3090 438 3163 Qum.
457 3091 507 3150 190
521 3085 664 3148 Potestne
683 3084 893 3166 Confessarins
910 3084 1061 3148 absolvere
1075 3085 1114 3147 57
1129 3084 1265 3147 omnibns
1278 3084 1415 3147 censuris

137 3177 321 3240 reservetis?
1099 3235 1102 3242 ,

180 3266 267 3348 desp.
282 3265 421 3347 Affinn,
436 3265 584 3346 plenaque
597 3263 643 3327 illi
655 3265 798 3346 competit
811 3267 943 3346 potestas
957 3262 1132 3326 absolvendi
1147 3281 1165 3326 a
1180 3261 1415 3343 qualescumque

137 3356 285 3432 censuris,
302 3353 366 3417 sive
384 3357 498 3435 ajuro,
516 3353 580 3416 sive
599 3353 637 3416 ab
656 3353 798 3429 homine,
817 3352 926 3436 quovis
944 3353 1034 3416 modo
1053 3349 1208 3432 etquavIs
1222 3350 1412 3426 masclatis,

137 3445 236 3508 etiam
254 3444 388 3508 Iocorum
407 3441 591 3515 Ordinariis‚
612 3459 666 3505 seu
682 3447 769 3524 Papa
788 3447 818 3505 ct
832 3441 902 3505 Sedi
916 3440 1094 3522 Apostolicae
1113 3441 1413 3521 quomodocumque,

137 3533 235 3598 etiam
252 3531 430 3613 specialiter,
446 3529 623 3608 reservetis,
640 3537 778 3612 excepto,
794 3537 829 3594 ut
843 3529 995 3606 diximus,
1015 3547 1087 3594 casu
1101 3528 1271 3611 complicis,
1289 3534 1344 3592 aut
1354 3527 1416 3590 nisi

138 3621 230 3686 aliter
246 3628 277 3684 57
288 3639 427 3702 expresse
441 3621 620 3684 declaretur.
632 3655 672 3666 -
687 3619 722 3683 S.
735 3621 818 3703 tq,
835 3625 892 3683 etc.

182 3715 271 3775 1775.
287 3745 326 3758 --
345 3712 445 3786 Quen.
461 3714 515 3774 700
534 3709 643 3773 Utrum
662 3709 874 3790 Confessarine
892 3709 988 3792 possit
1007 3725 1255 3772 nrsrxusxnosns
1278 3715 1415 3768 cetorum

139 3798 324 3864 concedere?

180 3889 273 3971 Hesp.
293 3888 392 3969 Neq.;
408 3905 481 3950 nam
495 3885 615 3970 (inquit
631 3887 811 3950 Benedictus
830 3887 914 3969 XIV)
928 3886 1055 3949 facultas
1074 3885 1270 3966 dispensandi
1289 3904 1352 3949 non
1367 3885 1416 3948 in·

138 3976 276 4041 cluditur
289 3975 323 4039 in
338 3975 482 4040 facultate
500 3976 716 4038 commutandi.
733 3978 799 4038 Non
813 3975 903 4057 pauci
918 3974 1049 4056 theologi
1063 3982 1222 4050 asserunt,
1239 3974 1344 4049 illum,
1362 3973 1417 4056 qui

138 4072 276 4146 tempore
297 4063 420 4128 lubilaei
446 4063 539 4127 fuerit
562 4064 731 4140 confessus,
752 4081 838 4144 posse
860 4063 1000 4144 deinceps
1023 4081 1042 4126 a
1067 4062 1203 4144 quolibet
1228 4063 1417 4128 Confessario

139 4159 285 4218 votorum
314 4152 587 4216 commntatIonem
616 4152 763 4234 recipere,
793 4151 937 4234 quamvis
965 4151 1123 4232 prefatam
1156 4151 1416 4234 dispensationem

138 4249 216 4388 talpnc
234 4259 297 4304 non
315 4240 525 4320 postulaverit.
546 4243 615 4304 Hac
639 4240 790 4304 5557577775
807 4260 827 4304 5
848 4242 884 4304 S.
901 4241 1027 4324 Liporio
1047 4239 1161 4304 dicitur
1183 4240 1360 4322 probabilis.
1378 4275 1417 4286 -

136 4329 160 4389 I
181 4329 237 4408 id,
254 4350 286 4392 5.
304 4333 374 4394 536.

180 4419 282 4492 0757.
300 4421 354 4481 710
372 4416 481 4480 Istrum
498 4416 631 4497 facultas
644 4418 820 4482 absolvendi
835 4439 855 4482 5
868 4420 1003 4482 censuris
1017 4419 1154 4481 includet
1165 4418 1347 4502 facultatem
1363 4417 1417 4482 ab·

135 4505 275 4569 solvendi
289 4507 327 4569 ab
341 4506 641 4588 irrepatartcantns?
