<?xml version="1.0" encoding="UTF-8"?>
<!DOCTYPE html PUBLIC "-//W3C//DTD XHTML 1.0 Transitional//EN"
    "http://www.w3.org/TR/xhtml1/DTD/xhtml1-transitional.dtd">
<html xmlns="http://www.w3.org/1999/xhtml" xml:lang="en" lang="en">
 <head>
  <title>
</title>
<meta http-equiv="Content-Type" content="text/html;charset=utf-8" />
  <meta name='ocr-system' content='tesseract 3.04.00' />
  <meta name='ocr-capabilities' content='ocr_page ocr_carea ocr_par ocr_line ocrx_word'/>
</head>
<body>
  <div class='ocr_page' id='page_1' title='image "./compendiumtheol03gurygoog_0254.png"; bbox 0 0 3220 5042; ppageno 0'>
   <div class='ocr_carea' id='block_1_1' title="bbox 472 221 1382 280">
    <p class='ocr_par' dir='ltr' id='par_1_1' title="bbox 472 221 1382 280">
     <span class='ocr_line' id='line_1_1' title="bbox 472 221 1382 280; baseline 0.003 -3"><span class='ocrx_word' id='word_1_1' title='bbox 472 234 514 278; x_wconf 86' lang='lat' dir='ltr'>nu</span> <span class='ocrx_word' id='word_1_2' title='bbox 535 231 772 277; x_wconf 79' lang='grc'><strong>9199199999</strong></span> <span class='ocrx_word' id='word_1_3' title='bbox 793 232 1030 278; x_wconf 77' lang='grc'><strong>9991999999</strong></span> <span class='ocrx_word' id='word_1_4' title='bbox 1317 221 1382 280; x_wconf 89' lang='grc'>111</span> 
     </span>
    </p>
   </div>
   <div class='ocr_carea' id='block_1_2' title="bbox 114 341 1392 958">
    <p class='ocr_par' dir='ltr' id='par_1_2' title="bbox 114 341 1389 781">
     <span class='ocr_line' id='line_1_2' title="bbox 114 341 1388 426; baseline 0.001 -18"><span class='ocrx_word' id='word_1_5' title='bbox 114 350 249 418; x_wconf 79' lang='lat' dir='ltr'>riorum,</span> <span class='ocrx_word' id='word_1_6' title='bbox 262 344 318 426; x_wconf 87' lang='lat' dir='ltr'>qni</span> <span class='ocrx_word' id='word_1_7' title='bbox 327 344 399 406; x_wconf 87' lang='lat' dir='ltr'>tobes</span> <span class='ocrx_word' id='word_1_8' title='bbox 412 341 619 422; x_wconf 80' lang='lat' dir='ltr'>Confessarios</span> <span class='ocrx_word' id='word_1_9' title='bbox 634 343 862 424; x_wconf 74' lang='lat' dir='ltr'><em>approbassent,</em></span> <span class='ocrx_word' id='word_1_10' title='bbox 875 341 991 403; x_wconf 84' lang='lat' dir='ltr'>subditi</span> <span class='ocrx_word' id='word_1_11' title='bbox 1003 347 1075 403; x_wconf 88' lang='lat' dir='ltr'>sint.</span> <span class='ocrx_word' id='word_1_12' title='bbox 1084 377 1125 388; x_wconf 90' lang='lat'><strong>—</strong></span> <span class='ocrx_word' id='word_1_13' title='bbox 1134 343 1246 406; x_wconf 81' lang='lat' dir='ltr'>Deinde</span> <span class='ocrx_word' id='word_1_14' title='bbox 1257 346 1388 410; x_wconf 74' lang='lat' dir='ltr'>declarat</span> 
     </span>
     <span class='ocr_line' id='line_1_3' title="bbox 117 431 1387 510; baseline 0 -12"><span class='ocrx_word' id='word_1_15' title='bbox 117 433 257 498; x_wconf 80' lang='lat' dir='ltr'><strong>Pontifex</strong></span> <span class='ocrx_word' id='word_1_16' title='bbox 269 433 343 494; x_wconf 91' lang='lat' dir='ltr'>alias</span> <span class='ocrx_word' id='word_1_17' title='bbox 355 431 554 495; x_wconf 77' lang='lat' dir='ltr'>confessiones</span> <span class='ocrx_word' id='word_1_18' title='bbox 568 431 632 494; x_wconf 86' lang='grc'><strong>1999</strong></span> <span class='ocrx_word' id='word_1_19' title='bbox 644 431 758 505; x_wconf 91' lang='grc'><strong>991199,</strong></span> <span class='ocrx_word' id='word_1_20' title='bbox 773 436 804 492; x_wconf 89' lang='grc'>91</span> <span class='ocrx_word' id='word_1_21' title='bbox 817 431 1019 494; x_wconf 81' lang='lat' dir='ltr'>Goniessarios</span> <span class='ocrx_word' id='word_1_22' title='bbox 1033 449 1205 510; x_wconf 89' lang='lat' dir='ltr'>suspensos.</span> <span class='ocrx_word' id='word_1_23' title='bbox 1219 435 1303 495; x_wconf 89' lang='lat' dir='ltr'>Hauc</span> <span class='ocrx_word' id='word_1_24' title='bbox 1312 438 1387 498; x_wconf 86' lang='lat' dir='ltr'>Gou-</span> 
     </span>
     <span class='ocr_line' id='line_1_4' title="bbox 118 519 1388 600; baseline -0.002 -13"><span class='ocrx_word' id='word_1_25' title='bbox 118 523 312 588; x_wconf 89' lang='lat' dir='ltr'>stitutionem</span> <span class='ocrx_word' id='word_1_26' title='bbox 332 521 525 583; x_wconf 88' lang='lat' dir='ltr'>confirmavit</span> <span class='ocrx_word' id='word_1_27' title='bbox 543 521 653 584; x_wconf 85' lang='lat' dir='ltr'>Bened.</span> <span class='ocrx_word' id='word_1_28' title='bbox 674 523 742 583; x_wconf 88' lang='lat' dir='ltr'>XIV</span> <span class='ocrx_word' id='word_1_29' title='bbox 759 538 814 600; x_wconf 89' lang='lat' dir='ltr'>per</span> <span class='ocrx_word' id='word_1_30' title='bbox 832 520 952 582; x_wconf 90' lang='lat' dir='ltr'>Bullam</span> <span class='ocrx_word' id='word_1_31' title='bbox 971 538 1039 599; x_wconf 84' lang='lat' dir='ltr'>quae</span> <span class='ocrx_word' id='word_1_32' title='bbox 1058 519 1179 600; x_wconf 79' lang='lat' dir='ltr'>incipit,</span> <span class='ocrx_word' id='word_1_33' title='bbox 1197 523 1388 600; x_wconf 82' lang='lat' dir='ltr'>Apostottea;</span> 
     </span>
     <span class='ocr_line' id='line_1_5' title="bbox 120 607 1389 690; baseline -0.001 -14"><span class='ocrx_word' id='word_1_34' title='bbox 120 628 229 677; x_wconf 89' lang='lat' dir='ltr'>veram</span> <span class='ocrx_word' id='word_1_35' title='bbox 244 609 474 690; x_wconf 81' lang='lat' dir='ltr'>suspensionem</span> <span class='ocrx_word' id='word_1_36' title='bbox 490 609 558 672; x_wconf 80' lang='lat' dir='ltr'>lata</span> <span class='ocrx_word' id='word_1_37' title='bbox 577 609 735 672; x_wconf 79' lang='lat' dir='ltr'>sententiae</span> <span class='ocrx_word' id='word_1_38' title='bbox 749 609 787 671; x_wconf 91' lang='lat' dir='ltr'>ab</span> <span class='ocrx_word' id='word_1_39' title='bbox 802 627 836 670; x_wconf 89' lang='grc'>99</span> <span class='ocrx_word' id='word_1_40' title='bbox 849 607 1000 670; x_wconf 86' lang='lat' dir='ltr'>inflictam</span> <span class='ocrx_word' id='word_1_41' title='bbox 1016 627 1078 671; x_wconf 92' lang='lat' dir='ltr'>non</span> <span class='ocrx_word' id='word_1_42' title='bbox 1091 609 1250 672; x_wconf 85' lang='lat' dir='ltr'>renovavit</span> <span class='ocrx_word' id='word_1_43' title='bbox 1263 610 1335 672; x_wconf 90' lang='lat' dir='ltr'>Pius</span> <span class='ocrx_word' id='word_1_44' title='bbox 1349 612 1389 675; x_wconf 88' lang='grc' dir='ltr'>ΙΧ</span> 
     </span>
     <span class='ocr_line' id='line_1_6' title="bbox 117 698 997 781; baseline -0.008 -17"><span class='ocrx_word' id='word_1_45' title='bbox 117 703 153 764; x_wconf 90' lang='grc'>19</span> <span class='ocrx_word' id='word_1_46' title='bbox 167 700 253 764; x_wconf 87' lang='lat' dir='ltr'>Bulla</span> <span class='ocrx_word' id='word_1_47' title='bbox 267 698 449 781; x_wconf 70' lang='lat' dir='ltr'>apostoliea¹</span> <span class='ocrx_word' id='word_1_48' title='bbox 465 699 563 762; x_wconf 85' lang='lat' dir='ltr'>Sedis.</span> <span class='ocrx_word' id='word_1_49' title='bbox 580 735 619 744; x_wconf 93' lang='lat'><em>-</em></span> <span class='ocrx_word' id='word_1_50' title='bbox 638 698 713 763; x_wconf 84' lang='lat' dir='ltr'>Vide</span> <span class='ocrx_word' id='word_1_51' title='bbox 727 698 763 760; x_wconf 89' lang='lat' dir='ltr'>S.</span> <span class='ocrx_word' id='word_1_52' title='bbox 780 699 863 779; x_wconf 86' lang='grc'><strong>119,</strong></span> <span class='ocrx_word' id='word_1_53' title='bbox 880 718 910 758; x_wconf 87' lang='grc'>9.</span> <span class='ocrx_word' id='word_1_54' title='bbox 927 701 997 760; x_wconf 81' lang='grc'><strong>518.</strong></span> 
     </span>
    </p>

    <p class='ocr_par' dir='ltr' id='par_1_3' title="bbox 120 785 1392 958">
     <span class='ocr_line' id='line_1_7' title="bbox 162 785 1392 868; baseline -0.002 -16"><span class='ocrx_word' id='word_1_55' title='bbox 162 793 230 852; x_wconf 77' lang='lat' dir='ltr'>att.</span> <span class='ocrx_word' id='word_1_56' title='bbox 247 823 287 836; x_wconf 92' lang='grc'><strong>-</strong></span> <span class='ocrx_word' id='word_1_57' title='bbox 301 789 402 862; x_wconf 70' lang='lat' dir='ltr'>Quart.</span> <span class='ocrx_word' id='word_1_58' title='bbox 420 793 452 850; x_wconf 82' lang='grc' dir='ltr'>1ο</span> <span class='ocrx_word' id='word_1_59' title='bbox 465 787 515 848; x_wconf 83' lang='grc' dir='ltr'>Α9</span> <span class='ocrx_word' id='word_1_60' title='bbox 533 787 686 849; x_wconf 84' lang='lat' dir='ltr'>absoluere</span> <span class='ocrx_word' id='word_1_61' title='bbox 700 786 767 868; x_wconf 86' lang='lat' dir='ltr'>quis</span> <span class='ocrx_word' id='word_1_62' title='bbox 778 788 875 868; x_wconf 83' lang='lat' dir='ltr'>possit</span> <span class='ocrx_word' id='word_1_63' title='bbox 892 787 1055 868; x_wconf 88' lang='lat' dir='ltr'>proprium</span> <span class='ocrx_word' id='word_1_64' title='bbox 1070 785 1219 848; x_wconf 85' lang='lat' dir='ltr'>subditum</span> <span class='ocrx_word' id='word_1_65' title='bbox 1238 792 1272 847; x_wconf 89' lang='lat' dir='ltr'>in</span> <span class='ocrx_word' id='word_1_66' title='bbox 1290 787 1392 850; x_wconf 87' lang='lat' dir='ltr'>aliena</span> 
     </span>
     <span class='ocr_line' id='line_1_8' title="bbox 120 873 750 958; baseline -0.01 -17"><span class='ocrx_word' id='word_1_67' title='bbox 120 878 239 941; x_wconf 84' lang='lat' dir='ltr'>dioeaesi</span> <span class='ocrx_word' id='word_1_68' title='bbox 252 881 314 938; x_wconf 87' lang='lat' dir='ltr'>sine</span> <span class='ocrx_word' id='word_1_69' title='bbox 329 877 551 958; x_wconf 80' lang='lat' dir='ltr'>approbatione</span> <span class='ocrx_word' id='word_1_70' title='bbox 567 873 750 939; x_wconf 85' lang='lat' dir='ltr'>Ordinarii?</span> 
     </span>
    </p>
   </div>
   <div class='ocr_carea' id='block_1_3' title="bbox 161 941 1505 1048">
    <p class='ocr_par' dir='ltr' id='par_1_4' title="bbox 161 941 1505 1048">
     <span class='ocr_line' id='line_1_9' title="bbox 161 941 1505 1048; baseline 0.001 -19"><span class='ocrx_word' id='word_1_71' title='bbox 161 967 250 1048; x_wconf 87' lang='lat' dir='ltr'>Resp.</span> <span class='ocrx_word' id='word_1_72' title='bbox 269 964 456 1047; x_wconf 68' lang='grc'><strong>11119199,</strong></span> <span class='ocrx_word' id='word_1_73' title='bbox 474 965 500 1028; x_wconf 92' lang='lat' dir='ltr'>si</span> <span class='ocrx_word' id='word_1_74' title='bbox 518 966 629 1028; x_wconf 88' lang='lat' dir='ltr'>habeat</span> <span class='ocrx_word' id='word_1_75' title='bbox 644 965 889 1046; x_wconf 90' lang='lat' dir='ltr'>jurisdictionem</span> <span class='ocrx_word' id='word_1_76' title='bbox 908 983 978 1028; x_wconf 91' lang='grc'><strong>9999</strong></span> <span class='ocrx_word' id='word_1_77' title='bbox 994 965 1183 1046; x_wconf 77' lang='lat' dir='ltr'>personalem</span> <span class='ocrx_word' id='word_1_78' title='bbox 1198 985 1251 1029; x_wconf 91' lang='lat' dir='ltr'>seu</span> <span class='ocrx_word' id='word_1_79' title='bbox 1265 967 1392 1030; x_wconf 84' lang='lat' dir='ltr'>ordina·</span> <span class='ocrx_word' id='word_1_80' title='bbox 1500 941 1505 954; x_wconf 24' lang='grc' dir='ltr'><strong>ι</strong></span> 
     </span>
    </p>
   </div>
   <div class='ocr_carea' id='block_1_4' title="bbox 122 1052 1399 1669">
    <p class='ocr_par' dir='ltr' id='par_1_5' title="bbox 122 1052 1399 1669">
     <span class='ocr_line' id='line_1_10' title="bbox 122 1052 1393 1137; baseline 0.001 -19"><span class='ocrx_word' id='word_1_81' title='bbox 122 1059 203 1118; x_wconf 88' lang='lat' dir='ltr'>riam</span> <span class='ocrx_word' id='word_1_82' title='bbox 217 1055 251 1117; x_wconf 91' lang='lat' dir='ltr'>in</span> <span class='ocrx_word' id='word_1_83' title='bbox 266 1053 366 1117; x_wconf 92' lang='lat' dir='ltr'>illum.</span> <span class='ocrx_word' id='word_1_84' title='bbox 380 1053 469 1118; x_wconf 88' lang='lat' dir='ltr'>Ratio</span> <span class='ocrx_word' id='word_1_85' title='bbox 480 1059 539 1128; x_wconf 90' lang='lat' dir='ltr'>est,</span> <span class='ocrx_word' id='word_1_86' title='bbox 557 1054 630 1133; x_wconf 93' lang='lat' dir='ltr'>quia</span> <span class='ocrx_word' id='word_1_87' title='bbox 644 1052 784 1134; x_wconf 89' lang='lat' dir='ltr'>quisquis</span> <span class='ocrx_word' id='word_1_88' title='bbox 798 1054 916 1116; x_wconf 88' lang='lat' dir='ltr'>ratione</span> <span class='ocrx_word' id='word_1_89' title='bbox 929 1053 1068 1116; x_wconf 87' lang='lat' dir='ltr'>muueris</span> <span class='ocrx_word' id='word_1_90' title='bbox 1083 1053 1131 1116; x_wconf 92' lang='lat' dir='ltr'>sui</span> <span class='ocrx_word' id='word_1_91' title='bbox 1146 1053 1256 1117; x_wconf 89' lang='lat' dir='ltr'>habeat</span> <span class='ocrx_word' id='word_1_92' title='bbox 1267 1055 1393 1137; x_wconf 88' lang='lat' dir='ltr'>jurisdi-</span> 
     </span>
     <span class='ocr_line' id='line_1_11' title="bbox 122 1142 1393 1225; baseline 0 -17"><span class='ocrx_word' id='word_1_93' title='bbox 122 1146 256 1208; x_wconf 88' lang='lat' dir='ltr'>ctionem</span> <span class='ocrx_word' id='word_1_94' title='bbox 277 1142 480 1218; x_wconf 81' lang='lat' dir='ltr'>ordinariam,</span> <span class='ocrx_word' id='word_1_95' title='bbox 503 1149 644 1220; x_wconf 80' lang='lat' dir='ltr'>censetur</span> <span class='ocrx_word' id='word_1_96' title='bbox 665 1142 848 1224; x_wconf 87' lang='lat' dir='ltr'>approbatus</span> <span class='ocrx_word' id='word_1_97' title='bbox 869 1142 934 1222; x_wconf 92' lang='lat' dir='ltr'>ipso</span> <span class='ocrx_word' id='word_1_98' title='bbox 954 1145 1023 1222; x_wconf 88' lang='lat' dir='ltr'>jure</span> <span class='ocrx_word' id='word_1_99' title='bbox 1046 1143 1085 1204; x_wconf 89' lang='lat' dir='ltr'>ad</span> <span class='ocrx_word' id='word_1_100' title='bbox 1110 1161 1180 1205; x_wconf 90' lang='lat' dir='ltr'>suos</span> <span class='ocrx_word' id='word_1_101' title='bbox 1202 1143 1316 1225; x_wconf 89' lang='lat' dir='ltr'>ubique</span> <span class='ocrx_word' id='word_1_102' title='bbox 1339 1164 1393 1208; x_wconf 92' lang='lat' dir='ltr'>au-</span> 
     </span>
     <span class='ocr_line' id='line_1_12' title="bbox 123 1229 1392 1312; baseline -0.002 -15"><span class='ocrx_word' id='word_1_103' title='bbox 123 1233 250 1297; x_wconf 90' lang='lat' dir='ltr'>diendos</span> <span class='ocrx_word' id='word_1_104' title='bbox 265 1251 271 1293; x_wconf 95' lang='lat'>:</span> <span class='ocrx_word' id='word_1_105' title='bbox 288 1249 387 1312; x_wconf 89' lang='lat' dir='ltr'>neque</span> <span class='ocrx_word' id='word_1_106' title='bbox 398 1232 573 1312; x_wconf 83' lang='lat' dir='ltr'>jurisdictio</span> <span class='ocrx_word' id='word_1_107' title='bbox 587 1229 756 1306; x_wconf 90' lang='lat' dir='ltr'>ordinaria,</span> <span class='ocrx_word' id='word_1_108' title='bbox 772 1231 937 1292; x_wconf 89' lang='lat' dir='ltr'>dummodo</span> <span class='ocrx_word' id='word_1_109' title='bbox 951 1231 1004 1292; x_wconf 90' lang='lat' dir='ltr'>liat</span> <span class='ocrx_word' id='word_1_110' title='bbox 1018 1231 1084 1293; x_wconf 90' lang='lat' dir='ltr'>sine</span> <span class='ocrx_word' id='word_1_111' title='bbox 1098 1232 1226 1311; x_wconf 90' lang='lat' dir='ltr'>strepitu</span> <span class='ocrx_word' id='word_1_112' title='bbox 1239 1232 1392 1312; x_wconf 88' lang='lat' dir='ltr'>judiciali,</span> 
     </span>
     <span class='ocr_line' id='line_1_13' title="bbox 125 1318 1396 1402; baseline -0.002 -17"><span class='ocrx_word' id='word_1_113' title='bbox 125 1328 261 1385; x_wconf 91' lang='lat' dir='ltr'>arctatur</span> <span class='ocrx_word' id='word_1_114' title='bbox 287 1321 324 1384; x_wconf 92' lang='lat' dir='ltr'>ad</span> <span class='ocrx_word' id='word_1_115' title='bbox 351 1321 468 1395; x_wconf 91' lang='lat' dir='ltr'>locum,</span> <span class='ocrx_word' id='word_1_116' title='bbox 496 1321 562 1394; x_wconf 89' lang='lat' dir='ltr'>sed,</span> <span class='ocrx_word' id='word_1_117' title='bbox 582 1319 655 1392; x_wconf 65' lang='lat' dir='ltr'>⁴nisi</span> <span class='ocrx_word' id='word_1_118' title='bbox 683 1319 852 1400; x_wconf 73' lang='lat' dir='ltr'>specialiter</span> <span class='ocrx_word' id='word_1_119' title='bbox 879 1318 1096 1400; x_wconf 79' lang='lat' dir='ltr'>restringatur,</span> <span class='ocrx_word' id='word_1_120' title='bbox 1123 1321 1237 1402; x_wconf 91' lang='lat' dir='ltr'>ubique</span> <span class='ocrx_word' id='word_1_121' title='bbox 1265 1321 1396 1384; x_wconf 82' lang='lat' dir='ltr'>exerceri</span> 
     </span>
     <span class='ocr_line' id='line_1_14' title="bbox 124 1408 1397 1493; baseline 0.002 -20"><span class='ocrx_word' id='word_1_122' title='bbox 124 1416 234 1493; x_wconf 89' lang='grc'><strong>991991.</strong></span> <span class='ocrx_word' id='word_1_123' title='bbox 257 1409 365 1470; x_wconf 89' lang='lat' dir='ltr'>-Itu</span> <span class='ocrx_word' id='word_1_124' title='bbox 387 1411 579 1472; x_wconf 84' lang='lat' dir='ltr'>communiter</span> <span class='ocrx_word' id='word_1_125' title='bbox 604 1426 675 1471; x_wconf 90' lang='lat' dir='ltr'>curn</span> <span class='ocrx_word' id='word_1_126' title='bbox 702 1408 737 1470; x_wconf 90' lang='lat' dir='ltr'>S.</span> <span class='ocrx_word' id='word_1_127' title='bbox 760 1408 841 1489; x_wconf 79' lang='grc'><strong>119,</strong></span> <span class='ocrx_word' id='word_1_128' title='bbox 861 1429 892 1469; x_wconf 92' lang='lat' dir='ltr'>n.</span> <span class='ocrx_word' id='word_1_129' title='bbox 915 1411 988 1482; x_wconf 82' lang='grc'><strong>518,</strong></span> <span class='ocrx_word' id='word_1_130' title='bbox 1009 1443 1048 1453; x_wconf 91' lang='grc'>-</span> <span class='ocrx_word' id='word_1_131' title='bbox 1066 1408 1189 1483; x_wconf 83' lang='lat' dir='ltr'>Renter,</span> <span class='ocrx_word' id='word_1_132' title='bbox 1211 1429 1241 1470; x_wconf 93' lang='lat' dir='ltr'>n.</span> <span class='ocrx_word' id='word_1_133' title='bbox 1263 1415 1336 1484; x_wconf 85' lang='grc'><strong>318,</strong></span> <span class='ocrx_word' id='word_1_134' title='bbox 1357 1447 1397 1456; x_wconf 89' lang='grc'>-</span> 
     </span>
     <span class='ocr_line' id='line_1_15' title="bbox 127 1497 1398 1580; baseline 0 -18"><span class='ocrx_word' id='word_1_135' title='bbox 127 1500 274 1576; x_wconf 75' lang='grc'><strong>1999919,</strong></span> <span class='ocrx_word' id='word_1_136' title='bbox 291 1520 322 1562; x_wconf 94' lang='lat' dir='ltr'>n.</span> <span class='ocrx_word' id='word_1_137' title='bbox 340 1503 434 1574; x_wconf 83' lang='grc'><strong>1516,</strong></span> <span class='ocrx_word' id='word_1_138' title='bbox 451 1499 550 1561; x_wconf 85' lang='lat' dir='ltr'>etalii</span> <span class='ocrx_word' id='word_1_139' title='bbox 569 1505 673 1561; x_wconf 90' lang='lat' dir='ltr'>contra</span> <span class='ocrx_word' id='word_1_140' title='bbox 690 1517 811 1580; x_wconf 87' lang='lat' dir='ltr'>pancos.</span> <span class='ocrx_word' id='word_1_141' title='bbox 831 1497 908 1561; x_wconf 89' lang='grc'><strong>11199</strong></span> <span class='ocrx_word' id='word_1_142' title='bbox 926 1497 1091 1578; x_wconf 87' lang='lat' dir='ltr'>Episcopus</span> <span class='ocrx_word' id='word_1_143' title='bbox 1109 1505 1139 1560; x_wconf 98' lang='grc'>91</span> <span class='ocrx_word' id='word_1_144' title='bbox 1158 1499 1309 1562; x_wconf 85' lang='lat' dir='ltr'>Perochus</span> <span class='ocrx_word' id='word_1_145' title='bbox 1326 1500 1398 1562; x_wconf 92' lang='lat' dir='ltr'>sub-</span> 
     </span>
     <span class='ocr_line' id='line_1_16' title="bbox 127 1585 1399 1669; baseline -0.002 -18"><span class='ocrx_word' id='word_1_146' title='bbox 127 1590 207 1652; x_wconf 88' lang='lat' dir='ltr'>ditus</span> <span class='ocrx_word' id='word_1_147' title='bbox 227 1607 297 1650; x_wconf 89' lang='lat' dir='ltr'>suos</span> <span class='ocrx_word' id='word_1_148' title='bbox 316 1592 401 1650; x_wconf 83' lang='lat' dir='ltr'>extra</span> <span class='ocrx_word' id='word_1_149' title='bbox 419 1588 582 1669; x_wconf 76' lang='lat' dir='ltr'>paraeciam</span> <span class='ocrx_word' id='word_1_150' title='bbox 598 1591 627 1649; x_wconf 90' lang='grc'>91</span> <span class='ocrx_word' id='word_1_151' title='bbox 647 1585 803 1649; x_wconf 78' lang='lat' dir='ltr'>diaecesim</span> <span class='ocrx_word' id='word_1_152' title='bbox 821 1586 935 1666; x_wconf 91' lang='lat' dir='ltr'>absque</span> <span class='ocrx_word' id='word_1_153' title='bbox 953 1585 1169 1667; x_wconf 88' lang='lat' dir='ltr'>approbatione</span> <span class='ocrx_word' id='word_1_154' title='bbox 1187 1588 1326 1669; x_wconf 86' lang='lat' dir='ltr'>Episcopi</span> <span class='ocrx_word' id='word_1_155' title='bbox 1342 1588 1399 1650; x_wconf 92' lang='lat' dir='ltr'>loci</span> 
     </span>
    </p>
   </div>
   <div class='ocr_carea' id='block_1_5' title="bbox 2 1678 432 1756">
    <p class='ocr_par' dir='ltr' id='par_1_6' title="bbox 2 1678 432 1756">
     <span class='ocr_line' id='line_1_17' title="bbox 2 1678 432 1756; baseline -0.012 -14"><span class='ocrx_word' id='word_1_156' title='bbox 2 1743 3 1754; x_wconf 60' lang='lat'>,</span> <span class='ocrx_word' id='word_1_157' title='bbox 127 1678 282 1741; x_wconf 83' lang='lat' dir='ltr'>absolvere</span> <span class='ocrx_word' id='word_1_158' title='bbox 296 1680 432 1756; x_wconf 90' lang='lat' dir='ltr'>possunt.</span> 
     </span>
    </p>
   </div>
   <div class='ocr_carea' id='block_1_6' title="bbox 130 1761 1417 4407">
    <p class='ocr_par' dir='ltr' id='par_1_7' title="bbox 130 1761 1401 2019">
     <span class='ocr_line' id='line_1_18' title="bbox 172 1761 1400 1845; baseline -0.002 -18"><span class='ocrx_word' id='word_1_159' title='bbox 172 1767 258 1845; x_wconf 85' lang='lat' dir='ltr'>Resp.</span> <span class='ocrx_word' id='word_1_160' title='bbox 276 1767 308 1824; x_wconf 76' lang='grc'>1</span> <span class='ocrx_word' id='word_1_161' title='bbox 322 1763 412 1843; x_wconf 68' lang='lat' dir='ltr'>Nep„</span> <span class='ocrx_word' id='word_1_162' title='bbox 432 1763 459 1825; x_wconf 91' lang='lat' dir='ltr'>si</span> <span class='ocrx_word' id='word_1_163' title='bbox 478 1764 511 1825; x_wconf 90' lang='lat' dir='ltr'>in</span> <span class='ocrx_word' id='word_1_164' title='bbox 529 1763 732 1844; x_wconf 65' lang='lat' dir='ltr'>paenitentem</span> <span class='ocrx_word' id='word_1_165' title='bbox 749 1762 900 1824; x_wconf 87' lang='lat' dir='ltr'>habeatur</span> <span class='ocrx_word' id='word_1_166' title='bbox 919 1766 1040 1823; x_wconf 90' lang='lat' dir='ltr'>tanturn</span> <span class='ocrx_word' id='word_1_167' title='bbox 1054 1761 1227 1843; x_wconf 87' lang='lat' dir='ltr'>jurisdictio</span> <span class='ocrx_word' id='word_1_168' title='bbox 1246 1763 1400 1845; x_wconf 81' lang='lat' dir='ltr'>delepata,·</span> 
     </span>
     <span class='ocr_line' id='line_1_19' title="bbox 130 1849 1401 1934; baseline 0.001 -21"><span class='ocrx_word' id='word_1_169' title='bbox 130 1853 205 1934; x_wconf 88' lang='lat' dir='ltr'>quia</span> <span class='ocrx_word' id='word_1_170' title='bbox 217 1852 282 1914; x_wconf 82' lang='lat' dir='ltr'>hac</span> <span class='ocrx_word' id='word_1_171' title='bbox 293 1870 350 1931; x_wconf 87' lang='lat' dir='ltr'>per</span> <span class='ocrx_word' id='word_1_172' title='bbox 362 1871 392 1912; x_wconf 90' lang='lat' dir='ltr'>se</span> <span class='ocrx_word' id='word_1_173' title='bbox 407 1857 547 1913; x_wconf 90' lang='lat' dir='ltr'>censetur</span> <span class='ocrx_word' id='word_1_174' title='bbox 561 1869 643 1913; x_wconf 89' lang='lat' dir='ltr'>mere</span> <span class='ocrx_word' id='word_1_175' title='bbox 659 1849 869 1924; x_wconf 82' lang='lat' dir='ltr'>territoriatis,</span> <span class='ocrx_word' id='word_1_176' title='bbox 886 1867 947 1911; x_wconf 93' lang='lat' dir='ltr'>non</span> <span class='ocrx_word' id='word_1_177' title='bbox 964 1856 1069 1911; x_wconf 86' lang='lat' dir='ltr'>autem</span> <span class='ocrx_word' id='word_1_178' title='bbox 1083 1851 1263 1930; x_wconf 88' lang='lat' dir='ltr'>personalis,</span> <span class='ocrx_word' id='word_1_179' title='bbox 1283 1858 1314 1914; x_wconf 89' lang='lat' dir='ltr'>et</span> <span class='ocrx_word' id='word_1_180' title='bbox 1326 1870 1401 1932; x_wconf 91' lang='lat' dir='ltr'>pro-</span> 
     </span>
     <span class='ocr_line' id='line_1_20' title="bbox 130 1937 1325 2019; baseline -0.002 -17"><span class='ocrx_word' id='word_1_181' title='bbox 130 1940 204 2002; x_wconf 91' lang='lat' dir='ltr'>inde</span> <span class='ocrx_word' id='word_1_182' title='bbox 218 1957 280 2002; x_wconf 91' lang='lat' dir='ltr'>non</span> <span class='ocrx_word' id='word_1_183' title='bbox 295 1939 435 2018; x_wconf 90' lang='lat' dir='ltr'>sequitur</span> <span class='ocrx_word' id='word_1_184' title='bbox 449 1938 621 2019; x_wconf 85' lang='lat' dir='ltr'>delegatum</span> <span class='ocrx_word' id='word_1_185' title='bbox 636 1943 722 2000; x_wconf 81' lang='lat' dir='ltr'>extra</span> <span class='ocrx_word' id='word_1_186' title='bbox 736 1937 939 2000; x_wconf 88' lang='lat' dir='ltr'>territorium.</span> <span class='ocrx_word' id='word_1_187' title='bbox 956 1937 1059 1999; x_wconf 84' lang='lat' dir='ltr'>-Ita</span> <span class='ocrx_word' id='word_1_188' title='bbox 1074 1938 1166 2000; x_wconf 82' lang='lat' dir='ltr'>iidem</span> <span class='ocrx_word' id='word_1_189' title='bbox 1180 1950 1325 2002; x_wconf 77' lang='lat' dir='ltr'>auctores.</span> 
     </span>
    </p>

    <p class='ocr_par' dir='ltr' id='par_1_8' title="bbox 172 2027 945 2108">
     <span class='ocr_line' id='line_1_21' title="bbox 172 2027 945 2108; baseline -0.008 -17"><span class='ocrx_word' id='word_1_190' title='bbox 172 2029 273 2104; x_wconf 78' lang='grc'><strong>09919.</strong></span> <span class='ocrx_word' id='word_1_191' title='bbox 288 2031 321 2091; x_wconf 87' lang='lat'>3⁰</span> <span class='ocrx_word' id='word_1_192' title='bbox 334 2029 386 2089; x_wconf 88' lang='lat' dir='ltr'>An</span> <span class='ocrx_word' id='word_1_193' title='bbox 400 2027 536 2108; x_wconf 77' lang='lat' dir='ltr'>sufficiat</span> <span class='ocrx_word' id='word_1_194' title='bbox 547 2027 724 2108; x_wconf 75' lang='lat' dir='ltr'>approbatio</span> <span class='ocrx_word' id='word_1_195' title='bbox 735 2027 945 2108; x_wconf 74' lang='lat' dir='ltr'>presumpta?</span> 
     </span>
    </p>

    <p class='ocr_par' dir='ltr' id='par_1_9' title="bbox 131 2113 1404 2552">
     <span class='ocr_line' id='line_1_22' title="bbox 172 2113 1403 2198; baseline 0.001 -19"><span class='ocrx_word' id='word_1_196' title='bbox 172 2115 357 2198; x_wconf 81' lang='grc' dir='ltr'><strong>11999Ν99</strong></span> <span class='ocrx_word' id='word_1_197' title='bbox 375 2117 538 2191; x_wconf 77' lang='grc'><strong>1199119991,</strong></span> <span class='ocrx_word' id='word_1_198' title='bbox 555 2116 627 2196; x_wconf 91' lang='lat' dir='ltr'>quia</span> <span class='ocrx_word' id='word_1_199' title='bbox 641 2134 678 2177; x_wconf 88' lang='lat' dir='ltr'>err</span> <span class='ocrx_word' id='word_1_200' title='bbox 694 2115 784 2178; x_wconf 81' lang='lat' dir='ltr'>Cana.</span> <span class='ocrx_word' id='word_1_201' title='bbox 804 2113 939 2176; x_wconf 86' lang='lat' dir='ltr'>Trident.</span> <span class='ocrx_word' id='word_1_202' title='bbox 957 2114 1126 2194; x_wconf 88' lang='lat' dir='ltr'>requiritur</span> <span class='ocrx_word' id='word_1_203' title='bbox 1144 2117 1318 2198; x_wconf 87' lang='lat' dir='ltr'>approbatio</span> <span class='ocrx_word' id='word_1_204' title='bbox 1333 2123 1403 2180; x_wconf 87' lang='lat' dir='ltr'>actu</span> 
     </span>
     <span class='ocr_line' id='line_1_23' title="bbox 131 2203 1402 2286; baseline -0.001 -17"><span class='ocrx_word' id='word_1_205' title='bbox 131 2212 163 2269; x_wconf 91' lang='lat' dir='ltr'>et</span> <span class='ocrx_word' id='word_1_206' title='bbox 186 2205 322 2269; x_wconf 85' lang='lat' dir='ltr'>absolute</span> <span class='ocrx_word' id='word_1_207' title='bbox 342 2205 492 2279; x_wconf 82' lang='lat' dir='ltr'>existens,</span> <span class='ocrx_word' id='word_1_208' title='bbox 514 2211 544 2266; x_wconf 91' lang='grc'>91</span> <span class='ocrx_word' id='word_1_209' title='bbox 560 2207 626 2286; x_wconf 88' lang='lat' dir='ltr'>jam</span> <span class='ocrx_word' id='word_1_210' title='bbox 645 2203 844 2266; x_wconf 78' lang='grc'><strong>9119919111</strong></span> <span class='ocrx_word' id='word_1_211' title='bbox 863 2203 1013 2284; x_wconf 90' lang='lat' dir='ltr'>ejusmodi</span> <span class='ocrx_word' id='word_1_212' title='bbox 1034 2207 1137 2268; x_wconf 88' lang='lat' dir='ltr'>autem</span> <span class='ocrx_word' id='word_1_213' title='bbox 1155 2206 1402 2286; x_wconf 87' lang='lat' dir='ltr'>approbationem</span> 
     </span>
     <span class='ocr_line' id='line_1_24' title="bbox 132 2291 1404 2376; baseline 0.002 -20"><span class='ocrx_word' id='word_1_214' title='bbox 132 2294 300 2376; x_wconf 86' lang='lat' dir='ltr'>requiritur</span> <span class='ocrx_word' id='word_1_215' title='bbox 313 2311 478 2356; x_wconf 89' lang='lat' dir='ltr'>consensus</span> <span class='ocrx_word' id='word_1_216' title='bbox 492 2292 620 2356; x_wconf 89' lang='lat' dir='ltr'>actualis</span> <span class='ocrx_word' id='word_1_217' title='bbox 635 2292 721 2372; x_wconf 79' lang='lat' dir='ltr'>siguo</span> <span class='ocrx_word' id='word_1_218' title='bbox 734 2291 837 2372; x_wconf 93' lang='lat' dir='ltr'>aliquo</span> <span class='ocrx_word' id='word_1_219' title='bbox 851 2292 1031 2353; x_wconf 87' lang='lat' dir='ltr'>declaratus.</span> <span class='ocrx_word' id='word_1_220' title='bbox 1042 2294 1106 2355; x_wconf 92' lang='lat' dir='ltr'>lma</span> <span class='ocrx_word' id='word_1_221' title='bbox 1121 2311 1175 2355; x_wconf 90' lang='lat' dir='ltr'>uec</span> <span class='ocrx_word' id='word_1_222' title='bbox 1188 2295 1258 2356; x_wconf 87' lang='lat' dir='ltr'>licet</span> <span class='ocrx_word' id='word_1_223' title='bbox 1271 2294 1404 2375; x_wconf 89' lang='lat' dir='ltr'>incipere</span> 
     </span>
     <span class='ocr_line' id='line_1_25' title="bbox 133 2380 1402 2463; baseline 0.001 -18"><span class='ocrx_word' id='word_1_224' title='bbox 133 2383 333 2446; x_wconf 81' lang='lat' dir='ltr'>confessiones</span> <span class='ocrx_word' id='word_1_225' title='bbox 347 2387 512 2461; x_wconf 88' lang='lat' dir='ltr'>antequam</span> <span class='ocrx_word' id='word_1_226' title='bbox 526 2399 691 2444; x_wconf 89' lang='lat' dir='ltr'>consensus</span> <span class='ocrx_word' id='word_1_227' title='bbox 707 2381 774 2455; x_wconf 90' lang='lat' dir='ltr'>ille,</span> <span class='ocrx_word' id='word_1_228' title='bbox 790 2399 844 2460; x_wconf 89' lang='lat' dir='ltr'>per</span> <span class='ocrx_word' id='word_1_229' title='bbox 862 2380 980 2442; x_wconf 83' lang='lat' dir='ltr'>litteras</span> <span class='ocrx_word' id='word_1_230' title='bbox 994 2380 1124 2460; x_wconf 87' lang='lat' dir='ltr'>petitus,</span> <span class='ocrx_word' id='word_1_231' title='bbox 1141 2388 1278 2463; x_wconf 88' lang='lat' dir='ltr'>receptus</span> <span class='ocrx_word' id='word_1_232' title='bbox 1294 2383 1402 2459; x_wconf 87' lang='lat' dir='ltr'>fuerit,</span> 
     </span>
     <span class='ocr_line' id='line_1_26' title="bbox 132 2469 1328 2552; baseline -0.002 -18"><span class='ocrx_word' id='word_1_233' title='bbox 132 2470 190 2534; x_wconf 91' lang='grc'><strong>9191</strong></span> <span class='ocrx_word' id='word_1_234' title='bbox 204 2477 283 2534; x_wconf 87' lang='lat' dir='ltr'>certo</span> <span class='ocrx_word' id='word_1_235' title='bbox 297 2471 482 2534; x_wconf 89' lang='lat' dir='ltr'>obtinendus</span> <span class='ocrx_word' id='word_1_236' title='bbox 496 2469 647 2534; x_wconf 90' lang='lat' dir='ltr'>videatur.</span> <span class='ocrx_word' id='word_1_237' title='bbox 663 2505 698 2515; x_wconf 88' lang='lat'><em>-</em></span> <span class='ocrx_word' id='word_1_238' title='bbox 716 2470 768 2532; x_wconf 90' lang='lat' dir='ltr'>Ito</span> <span class='ocrx_word' id='word_1_239' title='bbox 782 2473 987 2530; x_wconf 83' lang='lat' dir='ltr'>communiter.</span> <span class='ocrx_word' id='word_1_240' title='bbox 1005 2505 1044 2514; x_wconf 95' lang='lat'><em>-</em></span> <span class='ocrx_word' id='word_1_241' title='bbox 1059 2469 1095 2532; x_wconf 88' lang='lat' dir='ltr'>S.</span> <span class='ocrx_word' id='word_1_242' title='bbox 1111 2469 1193 2552; x_wconf 80' lang='grc'><strong>119,</strong></span> <span class='ocrx_word' id='word_1_243' title='bbox 1212 2491 1243 2534; x_wconf 89' lang='lat' dir='ltr'>n.</span> <span class='ocrx_word' id='word_1_244' title='bbox 1258 2477 1328 2536; x_wconf 81' lang='lat'>570.</span> 
     </span>
    </p>

    <p class='ocr_par' dir='ltr' id='par_1_10' title="bbox 134 2557 1407 2974">
     <span class='ocr_line' id='line_1_27' title="bbox 176 2557 1407 2642; baseline 0.002 -20"><span class='ocrx_word' id='word_1_245' title='bbox 176 2561 202 2622; x_wconf 83' lang='grc' dir='ltr'><strong><em>Α</em></strong></span> <span class='ocrx_word' id='word_1_246' title='bbox 223 2561 355 2642; x_wconf 83' lang='lat' dir='ltr'>fortiori</span> <span class='ocrx_word' id='word_1_247' title='bbox 370 2567 475 2622; x_wconf 89' lang='lat' dir='ltr'>autem</span> <span class='ocrx_word' id='word_1_248' title='bbox 497 2559 654 2622; x_wconf 87' lang='grc'><strong>99999191</strong></span> <span class='ocrx_word' id='word_1_249' title='bbox 676 2557 853 2621; x_wconf 86' lang='lat' dir='ltr'>ratihabitio</span> <span class='ocrx_word' id='word_1_250' title='bbox 876 2557 1103 2638; x_wconf 86' lang='lat' dir='ltr'>approbationis</span> <span class='ocrx_word' id='word_1_251' title='bbox 1127 2558 1221 2622; x_wconf 89' lang='lat' dir='ltr'>etiam</span> <span class='ocrx_word' id='word_1_252' title='bbox 1242 2562 1407 2641; x_wconf 90' lang='lat' dir='ltr'>prudenter</span> 
     </span>
     <span class='ocr_line' id='line_1_28' title="bbox 134 2645 1404 2729; baseline -0.001 -17"><span class='ocrx_word' id='word_1_253' title='bbox 134 2655 335 2729; x_wconf 59' lang='grc'><strong>9999999919</strong></span> <span class='ocrx_word' id='word_1_254' title='bbox 347 2647 419 2728; x_wconf 91' lang='lat' dir='ltr'>quia</span> <span class='ocrx_word' id='word_1_255' title='bbox 429 2647 606 2710; x_wconf 91' lang='lat' dir='ltr'>ratihabitio</span> <span class='ocrx_word' id='word_1_256' title='bbox 614 2647 715 2709; x_wconf 91' lang='lat' dir='ltr'>locum</span> <span class='ocrx_word' id='word_1_257' title='bbox 724 2646 816 2708; x_wconf 90' lang='grc'><strong>19191</strong></span> <span class='ocrx_word' id='word_1_258' title='bbox 828 2650 948 2708; x_wconf 88' lang='lat' dir='ltr'>tanturn</span> <span class='ocrx_word' id='word_1_259' title='bbox 959 2645 993 2707; x_wconf 92' lang='lat' dir='ltr'>in</span> <span class='ocrx_word' id='word_1_260' title='bbox 1005 2646 1124 2709; x_wconf 89' lang='lat' dir='ltr'>actibus</span> <span class='ocrx_word' id='word_1_261' title='bbox 1136 2667 1269 2728; x_wconf 89' lang='lat' dir='ltr'>quorum</span> <span class='ocrx_word' id='word_1_262' title='bbox 1277 2650 1361 2713; x_wconf 88' lang='lat' dir='ltr'>valor</span> <span class='ocrx_word' id='word_1_263' title='bbox 1370 2649 1404 2711; x_wconf 93' lang='lat' dir='ltr'>in</span> 
     </span>
     <span class='ocr_line' id='line_1_29' title="bbox 136 2733 1404 2818; baseline -0.001 -18"><span class='ocrx_word' id='word_1_264' title='bbox 136 2737 281 2800; x_wconf 87' lang='lat' dir='ltr'>futurum</span> <span class='ocrx_word' id='word_1_265' title='bbox 295 2735 440 2814; x_wconf 87' lang='lat' dir='ltr'>suspendi</span> <span class='ocrx_word' id='word_1_266' title='bbox 453 2740 568 2815; x_wconf 91' lang='lat' dir='ltr'>potest;</span> <span class='ocrx_word' id='word_1_267' title='bbox 584 2736 635 2796; x_wconf 92' lang='lat' dir='ltr'>sed</span> <span class='ocrx_word' id='word_1_268' title='bbox 645 2735 730 2797; x_wconf 84' lang='lat' dir='ltr'>valor</span> <span class='ocrx_word' id='word_1_269' title='bbox 741 2733 941 2796; x_wconf 89' lang='lat' dir='ltr'>absolutionis</span> <span class='ocrx_word' id='word_1_270' title='bbox 951 2735 1111 2813; x_wconf 85' lang='lat' dir='ltr'>praesentis</span> <span class='ocrx_word' id='word_1_271' title='bbox 1121 2735 1266 2816; x_wconf 86' lang='lat' dir='ltr'>suspendi</span> <span class='ocrx_word' id='word_1_272' title='bbox 1282 2737 1404 2818; x_wconf 89' lang='lat' dir='ltr'>nequit;</span> 
     </span>
     <span class='ocr_line' id='line_1_30' title="bbox 136 2820 1406 2905; baseline -0.002 -19"><span class='ocrx_word' id='word_1_273' title='bbox 136 2825 222 2886; x_wconf 91' lang='grc'><strong>99199</strong></span> <span class='ocrx_word' id='word_1_274' title='bbox 233 2822 317 2884; x_wconf 89' lang='lat' dir='ltr'>enim</span> <span class='ocrx_word' id='word_1_275' title='bbox 331 2825 596 2884; x_wconf 82' lang='lat' dir='ltr'>Sacramentommr</span> <span class='ocrx_word' id='word_1_276' title='bbox 608 2823 737 2902; x_wconf 89' lang='lat' dir='ltr'>pendere</span> <span class='ocrx_word' id='word_1_277' title='bbox 751 2840 813 2884; x_wconf 91' lang='lat' dir='ltr'>non</span> <span class='ocrx_word' id='word_1_278' title='bbox 827 2825 925 2902; x_wconf 88' lang='grc'><strong>991991</strong></span> <span class='ocrx_word' id='word_1_279' title='bbox 935 2821 973 2882; x_wconf 90' lang='grc'>91</span> <span class='ocrx_word' id='word_1_280' title='bbox 983 2821 1101 2884; x_wconf 90' lang='grc'><strong>9911999</strong></span> <span class='ocrx_word' id='word_1_281' title='bbox 1113 2820 1315 2886; x_wconf 81' lang='lat' dir='ltr'>futura—S.</span> <span class='ocrx_word' id='word_1_282' title='bbox 1326 2825 1406 2905; x_wconf 76' lang='grc'><strong>119,</strong></span> 
     </span>
     <span class='ocr_line' id='line_1_31' title="bbox 138 2910 215 2974; baseline -0.039 0"><span class='ocrx_word' id='word_1_283' title='bbox 138 2910 215 2974; x_wconf 85' lang='lat' dir='ltr'>ibid.</span> 
     </span>
    </p>

    <p class='ocr_par' dir='ltr' id='par_1_11' title="bbox 139 2996 1410 3168">
     <span class='ocr_line' id='line_1_32' title="bbox 180 2996 1410 3084; baseline 0.001 -22"><span class='ocrx_word' id='word_1_284' title='bbox 180 3002 249 3062; x_wconf 80' lang='grc'><strong>511.</strong></span> <span class='ocrx_word' id='word_1_285' title='bbox 266 3033 304 3043; x_wconf 95' lang='grc'>-</span> <span class='ocrx_word' id='word_1_286' title='bbox 318 2999 419 3072; x_wconf 79' lang='lat' dir='ltr'>Qum.</span> <span class='ocrx_word' id='word_1_287' title='bbox 435 3001 468 3059; x_wconf 84' lang='lat' dir='ltr'>l⁰</span> <span class='ocrx_word' id='word_1_288' title='bbox 487 2997 536 3058; x_wconf 88' lang='lat' dir='ltr'>An</span> <span class='ocrx_word' id='word_1_289' title='bbox 549 2997 722 3080; x_wconf 83' lang='lat' dir='ltr'>Episcopus</span> <span class='ocrx_word' id='word_1_290' title='bbox 737 3003 831 3080; x_wconf 88' lang='lat' dir='ltr'>possit</span> <span class='ocrx_word' id='word_1_291' title='bbox 851 2997 990 3062; x_wconf 80' lang='grc'><strong>99111991</strong></span> <span class='ocrx_word' id='word_1_292' title='bbox 1007 2998 1089 3061; x_wconf 87' lang='lat' dir='ltr'>licite</span> <span class='ocrx_word' id='word_1_293' title='bbox 1105 2996 1239 3062; x_wconf 82' lang='lat' dir='ltr'>limitare</span> <span class='ocrx_word' id='word_1_294' title='bbox 1255 3001 1410 3084; x_wconf 86' lang='lat' dir='ltr'>approba-</span> 
     </span>
     <span class='ocr_line' id='line_1_33' title="bbox 139 3085 964 3168; baseline -0.001 -18"><span class='ocrx_word' id='word_1_295' title='bbox 139 3091 248 3150; x_wconf 82' lang='lat' dir='ltr'>tionem</span> <span class='ocrx_word' id='word_1_296' title='bbox 262 3085 362 3168; x_wconf 85' lang='lat' dir='ltr'>quood</span> <span class='ocrx_word' id='word_1_297' title='bbox 376 3094 487 3147; x_wconf 85' lang='lat' dir='ltr'>eertum</span> <span class='ocrx_word' id='word_1_298' title='bbox 502 3095 633 3166; x_wconf 83' lang='lat' dir='ltr'>ternpus,</span> <span class='ocrx_word' id='word_1_299' title='bbox 652 3085 745 3147; x_wconf 84' lang='lat' dir='ltr'>locum</span> <span class='ocrx_word' id='word_1_300' title='bbox 760 3097 789 3147; x_wconf 92' lang='lat' dir='ltr'>et</span> <span class='ocrx_word' id='word_1_301' title='bbox 801 3087 964 3168; x_wconf 82' lang='lat' dir='ltr'>personas?</span> 
     </span>
    </p>

    <p class='ocr_par' dir='ltr' id='par_1_12' title="bbox 136 3173 1416 4055">
     <span class='ocr_line' id='line_1_34' title="bbox 180 3173 1411 3259; baseline 0.001 -20"><span class='ocrx_word' id='word_1_302' title='bbox 180 3178 269 3259; x_wconf 81' lang='lat' dir='ltr'>Hesp.</span> <span class='ocrx_word' id='word_1_303' title='bbox 285 3180 315 3237; x_wconf 74' lang='grc' dir='ltr'>1ο</span> <span class='ocrx_word' id='word_1_304' title='bbox 331 3174 472 3255; x_wconf 80' lang='lat' dir='ltr'>Affirm,</span> <span class='ocrx_word' id='word_1_305' title='bbox 489 3173 797 3254; x_wconf 81' lang='lat' dir='ltr'>quoodonb&#39;ditatem,</span> <span class='ocrx_word' id='word_1_306' title='bbox 812 3175 905 3237; x_wconf 90' lang='lat' dir='ltr'>etiam</span> <span class='ocrx_word' id='word_1_307' title='bbox 916 3174 981 3238; x_wconf 89' lang='lat' dir='ltr'>sine</span> <span class='ocrx_word' id='word_1_308' title='bbox 993 3194 1093 3238; x_wconf 88' lang='lat' dir='ltr'>causa.</span> <span class='ocrx_word' id='word_1_309' title='bbox 1108 3177 1198 3240; x_wconf 87' lang='lat' dir='ltr'>Ratio</span> <span class='ocrx_word' id='word_1_310' title='bbox 1209 3184 1266 3254; x_wconf 90' lang='lat' dir='ltr'>est,</span> <span class='ocrx_word' id='word_1_311' title='bbox 1283 3177 1356 3259; x_wconf 89' lang='lat' dir='ltr'>quia</span> <span class='ocrx_word' id='word_1_312' title='bbox 1366 3185 1411 3240; x_wconf 83' lang='grc'>991</span> 
     </span>
     <span class='ocr_line' id='line_1_35' title="bbox 141 3262 1411 3345; baseline -0.002 -15"><span class='ocrx_word' id='word_1_313' title='bbox 141 3273 227 3330; x_wconf 88' lang='grc'><strong>99199</strong></span> <span class='ocrx_word' id='word_1_314' title='bbox 250 3263 376 3327; x_wconf 84' lang='grc'><strong>9919199</strong></span> <span class='ocrx_word' id='word_1_315' title='bbox 397 3263 569 3344; x_wconf 90' lang='lat' dir='ltr'>dependens</span> <span class='ocrx_word' id='word_1_316' title='bbox 588 3281 606 3323; x_wconf 91' lang='lat' dir='ltr'>a</span> <span class='ocrx_word' id='word_1_317' title='bbox 626 3262 783 3325; x_wconf 82' lang='lat' dir='ltr'>voluntate</span> <span class='ocrx_word' id='word_1_318' title='bbox 805 3262 944 3344; x_wconf 85' lang='lat' dir='ltr'>Episcopi</span> <span class='ocrx_word' id='word_1_319' title='bbox 966 3269 1002 3326; x_wconf 91' lang='lat' dir='ltr'>ut</span> <span class='ocrx_word' id='word_1_320' title='bbox 1025 3264 1206 3345; x_wconf 88' lang='lat' dir='ltr'>Superioris.</span> <span class='ocrx_word' id='word_1_321' title='bbox 1232 3265 1309 3329; x_wconf 92' lang='lat' dir='ltr'>Hinc</span> <span class='ocrx_word' id='word_1_322' title='bbox 1332 3265 1411 3328; x_wconf 89' lang='lat' dir='ltr'>sicut</span> 
     </span>
     <span class='ocr_line' id='line_1_36' title="bbox 142 3351 1412 3434; baseline 0 -17"><span class='ocrx_word' id='word_1_323' title='bbox 142 3353 241 3418; x_wconf 77' lang='lat' dir='ltr'>valide</span> <span class='ocrx_word' id='word_1_324' title='bbox 255 3352 503 3434; x_wconf 89' lang='lat' dir='ltr'>approbationem</span> <span class='ocrx_word' id='word_1_325' title='bbox 519 3368 655 3413; x_wconf 88' lang='lat' dir='ltr'>recusare</span> <span class='ocrx_word' id='word_1_326' title='bbox 666 3356 776 3430; x_wconf 91' lang='lat' dir='ltr'>potest,</span> <span class='ocrx_word' id='word_1_327' title='bbox 790 3351 832 3413; x_wconf 91' lang='lat' dir='ltr'>sic</span> <span class='ocrx_word' id='word_1_328' title='bbox 841 3369 909 3414; x_wconf 87' lang='lat' dir='ltr'>eam</span> <span class='ocrx_word' id='word_1_329' title='bbox 919 3355 1017 3432; x_wconf 89' lang='grc'><strong>991991</strong></span> <span class='ocrx_word' id='word_1_330' title='bbox 1031 3353 1131 3414; x_wconf 89' lang='lat' dir='ltr'>solum</span> <span class='ocrx_word' id='word_1_331' title='bbox 1141 3370 1212 3416; x_wconf 90' lang='lat' dir='ltr'>curn</span> <span class='ocrx_word' id='word_1_332' title='bbox 1221 3353 1412 3417; x_wconf 87' lang='lat' dir='ltr'>restrictione</span> 
     </span>
     <span class='ocr_line' id='line_1_37' title="bbox 143 3438 1410 3520; baseline -0.002 -14"><span class='ocrx_word' id='word_1_333' title='bbox 143 3443 311 3506; x_wconf 89' lang='lat' dir='ltr'>concedere.</span> <span class='ocrx_word' id='word_1_334' title='bbox 323 3442 356 3503; x_wconf 96' lang='lat' dir='ltr'>ld</span> <span class='ocrx_word' id='word_1_335' title='bbox 369 3445 486 3503; x_wconf 90' lang='lat' dir='ltr'>canstat</span> <span class='ocrx_word' id='word_1_336' title='bbox 502 3440 596 3502; x_wconf 90' lang='lat' dir='ltr'>etiam</span> <span class='ocrx_word' id='word_1_337' title='bbox 611 3457 648 3501; x_wconf 90' lang='lat' dir='ltr'>err</span> <span class='ocrx_word' id='word_1_338' title='bbox 658 3439 862 3520; x_wconf 88' lang='lat' dir='ltr'>propositione</span> <span class='ocrx_word' id='word_1_339' title='bbox 876 3445 926 3503; x_wconf 75' lang='grc'>13·</span> <span class='ocrx_word' id='word_1_340' title='bbox 939 3438 977 3502; x_wconf 89' lang='grc'>91</span> <span class='ocrx_word' id='word_1_341' title='bbox 995 3441 1168 3503; x_wconf 83' lang='lat' dir='ltr'>Alexandro</span> <span class='ocrx_word' id='word_1_342' title='bbox 1180 3444 1235 3504; x_wconf 91' lang='lat' dir='ltr'>Vll</span> <span class='ocrx_word' id='word_1_343' title='bbox 1250 3444 1410 3505; x_wconf 88' lang='lat' dir='ltr'>damnata:</span> 
     </span>
     <span class='ocr_line' id='line_1_38' title="bbox 145 3527 1413 3613; baseline -0.002 -20"><span class='ocrx_word' id='word_1_344' title='bbox 145 3532 312 3613; x_wconf 72' lang='lat' dir='ltr'>Satisfacit</span> <span class='ocrx_word' id='word_1_345' title='bbox 326 3539 473 3612; x_wconf 81' lang='lat' dir='ltr'>praecepto</span> <span class='ocrx_word' id='word_1_346' title='bbox 493 3527 693 3608; x_wconf 86' lang='lat' dir='ltr'>consessionis</span> <span class='ocrx_word' id='word_1_347' title='bbox 714 3549 836 3606; x_wconf 82' lang='lat' dir='ltr'>annuae,</span> <span class='ocrx_word' id='word_1_348' title='bbox 859 3532 913 3610; x_wconf 85' lang='lat' dir='ltr'>qni</span> <span class='ocrx_word' id='word_1_349' title='bbox 931 3529 1092 3609; x_wconf 74' lang='lat' dir='ltr'>confitetur</span> <span class='ocrx_word' id='word_1_350' title='bbox 1108 3529 1246 3611; x_wconf 80' lang='lat' dir='ltr'>reputari</span> <span class='ocrx_word' id='word_1_351' title='bbox 1262 3531 1413 3613; x_wconf 80' lang='lat' dir='ltr'>Episcopo</span> 
     </span>
     <span class='ocr_line' id='line_1_39' title="bbox 136 3615 1414 3704; baseline 0 -24"><span class='ocrx_word' id='word_1_352' title='bbox 136 3629 340 3704; x_wconf 77' lang='lat' dir='ltr'>presentato,</span> <span class='ocrx_word' id='word_1_353' title='bbox 361 3617 413 3680; x_wconf 87' lang='lat' dir='ltr'>sed</span> <span class='ocrx_word' id='word_1_354' title='bbox 434 3618 547 3698; x_wconf 86' lang='lat' dir='ltr'>injuste</span> <span class='ocrx_word' id='word_1_355' title='bbox 574 3615 744 3699; x_wconf 86' lang='lat' dir='ltr'>reprobato.</span> <span class='ocrx_word' id='word_1_356' title='bbox 769 3620 847 3697; x_wconf 84' lang='lat' dir='ltr'>Ergo</span> <span class='ocrx_word' id='word_1_357' title='bbox 873 3615 1031 3696; x_wconf 82' lang='lat' dir='ltr'>denegatio</span> <span class='ocrx_word' id='word_1_358' title='bbox 1055 3617 1297 3697; x_wconf 88' lang='lat' dir='ltr'>approbationis,</span> <span class='ocrx_word' id='word_1_359' title='bbox 1320 3618 1414 3681; x_wconf 89' lang='lat' dir='ltr'>etiam</span> 
     </span>
     <span class='ocr_line' id='line_1_40' title="bbox 144 3705 1412 3791; baseline -0.004 -19"><span class='ocrx_word' id='word_1_360' title='bbox 144 3709 275 3791; x_wconf 88' lang='lat' dir='ltr'>injusta,</span> <span class='ocrx_word' id='word_1_361' title='bbox 296 3715 342 3770; x_wconf 87' lang='grc'>991</span> <span class='ocrx_word' id='word_1_362' title='bbox 361 3707 474 3781; x_wconf 85' lang='grc'><strong>991119;</strong></span> <span class='ocrx_word' id='word_1_363' title='bbox 491 3725 560 3786; x_wconf 83' lang='lat' dir='ltr'>ergo</span> <span class='ocrx_word' id='word_1_364' title='bbox 579 3726 598 3766; x_wconf 97' lang='grc'>9</span> <span class='ocrx_word' id='word_1_365' title='bbox 618 3706 745 3787; x_wconf 80' lang='lat' dir='ltr'>fortiori</span> <span class='ocrx_word' id='word_1_366' title='bbox 763 3705 925 3768; x_wconf 88' lang='lat' dir='ltr'>restrictio.</span> <span class='ocrx_word' id='word_1_367' title='bbox 941 3741 982 3750; x_wconf 92' lang='lat'>—</span> <span class='ocrx_word' id='word_1_368' title='bbox 1000 3707 1125 3768; x_wconf 88' lang='lat' dir='ltr'>Constat</span> <span class='ocrx_word' id='word_1_369' title='bbox 1147 3705 1241 3768; x_wconf 89' lang='lat' dir='ltr'>etiam</span> <span class='ocrx_word' id='word_1_370' title='bbox 1262 3725 1300 3769; x_wconf 89' lang='lat' dir='ltr'>err</span> <span class='ocrx_word' id='word_1_371' title='bbox 1320 3707 1412 3770; x_wconf 85' lang='lat' dir='ltr'>Cone.</span> 
     </span>
     <span class='ocr_line' id='line_1_41' title="bbox 147 3793 1416 3877; baseline -0.001 -18"><span class='ocrx_word' id='word_1_372' title='bbox 147 3797 245 3876; x_wconf 76' lang='lat' dir='ltr'>Tria,</span> <span class='ocrx_word' id='word_1_373' title='bbox 261 3817 330 3858; x_wconf 88' lang='lat' dir='ltr'>sess.</span> <span class='ocrx_word' id='word_1_374' title='bbox 347 3797 452 3870; x_wconf 88' lang='lat' dir='ltr'>XXlll,</span> <span class='ocrx_word' id='word_1_375' title='bbox 469 3814 495 3855; x_wconf 91' lang='grc'>9.</span> <span class='ocrx_word' id='word_1_376' title='bbox 511 3813 563 3870; x_wconf 84' lang='lat' dir='ltr'>xv,</span> <span class='ocrx_word' id='word_1_377' title='bbox 580 3794 775 3858; x_wconf 84' lang='lat' dir='ltr'>ubidicitur:</span> <span class='ocrx_word' id='word_1_378' title='bbox 789 3795 861 3856; x_wconf 87' lang='lat' dir='ltr'>Nisi</span> <span class='ocrx_word' id='word_1_379' title='bbox 872 3795 1120 3877; x_wconf 81' lang='lat' dir='ltr'>approbationem</span> <span class='ocrx_word' id='word_1_380' title='bbox 1134 3793 1277 3856; x_wconf 87' lang='lat' dir='ltr'>obtineat.</span> <span class='ocrx_word' id='word_1_381' title='bbox 1289 3796 1332 3858; x_wconf 81' lang='lat' dir='ltr'>Ac</span> <span class='ocrx_word' id='word_1_382' title='bbox 1344 3813 1416 3859; x_wconf 83' lang='lat' dir='ltr'>vera</span> 
     </span>
     <span class='ocr_line' id='line_1_42' title="bbox 145 3881 1415 3968; baseline -0.002 -20"><span class='ocrx_word' id='word_1_383' title='bbox 145 3885 198 3968; x_wconf 92' lang='lat' dir='ltr'>qui</span> <span class='ocrx_word' id='word_1_384' title='bbox 213 3903 281 3948; x_wconf 89' lang='lat' dir='ltr'>eam</span> <span class='ocrx_word' id='word_1_385' title='bbox 294 3881 412 3948; x_wconf 90' lang='lat' dir='ltr'>obtinet</span> <span class='ocrx_word' id='word_1_386' title='bbox 426 3901 497 3946; x_wconf 92' lang='lat' dir='ltr'>cum</span> <span class='ocrx_word' id='word_1_387' title='bbox 510 3883 708 3958; x_wconf 90' lang='lat' dir='ltr'>restrictione,</span> <span class='ocrx_word' id='word_1_388' title='bbox 721 3883 900 3965; x_wconf 88' lang='lat' dir='ltr'>simpliciter</span> <span class='ocrx_word' id='word_1_389' title='bbox 910 3901 973 3947; x_wconf 91' lang='lat' dir='ltr'>non</span> <span class='ocrx_word' id='word_1_390' title='bbox 983 3882 1102 3950; x_wconf 87' lang='lat' dir='ltr'>obtinet</span> <span class='ocrx_word' id='word_1_391' title='bbox 1115 3901 1170 3964; x_wconf 91' lang='lat' dir='ltr'>pro</span> <span class='ocrx_word' id='word_1_392' title='bbox 1179 3883 1300 3946; x_wconf 89' lang='lat' dir='ltr'>casibus</span> <span class='ocrx_word' id='word_1_393' title='bbox 1314 3884 1415 3946; x_wconf 82' lang='lat' dir='ltr'>exclu-</span> 
     </span>
     <span class='ocr_line' id='line_1_43' title="bbox 145 3973 1206 4055; baseline -0.006 -17"><span class='ocrx_word' id='word_1_394' title='bbox 145 3975 225 4038; x_wconf 89' lang='lat' dir='ltr'>sis...</span> <span class='ocrx_word' id='word_1_395' title='bbox 242 3977 336 4055; x_wconf 81' lang='lat' dir='ltr'>Ergo,</span> <span class='ocrx_word' id='word_1_396' title='bbox 352 3979 409 4035; x_wconf 92' lang='lat' dir='ltr'>etc.</span> <span class='ocrx_word' id='word_1_397' title='bbox 426 4009 465 4019; x_wconf 93' lang='lat'>—</span> <span class='ocrx_word' id='word_1_398' title='bbox 481 3973 517 4035; x_wconf 88' lang='lat' dir='ltr'>S.</span> <span class='ocrx_word' id='word_1_399' title='bbox 533 3973 615 4054; x_wconf 82' lang='grc'><strong>119,</strong></span> <span class='ocrx_word' id='word_1_400' title='bbox 632 3993 662 4037; x_wconf 87' lang='lat' dir='ltr'>o.</span> <span class='ocrx_word' id='word_1_401' title='bbox 679 3977 749 4036; x_wconf 83' lang='grc'><strong>511.</strong></span> <span class='ocrx_word' id='word_1_402' title='bbox 766 3975 914 4054; x_wconf 83' lang='grc'><strong>-1999,</strong></span> <span class='ocrx_word' id='word_1_403' title='bbox 934 3973 1012 4054; x_wconf 83' lang='lat' dir='ltr'>disp.</span> <span class='ocrx_word' id='word_1_404' title='bbox 1029 3991 1091 4046; x_wconf 77' lang='lat' dir='ltr'>uxr,</span> <span class='ocrx_word' id='word_1_405' title='bbox 1108 3993 1138 4032; x_wconf 94' lang='lat' dir='ltr'>n.</span> <span class='ocrx_word' id='word_1_406' title='bbox 1156 3975 1206 4035; x_wconf 80' lang='grc'>11.</span> 
     </span>
    </p>

    <p class='ocr_par' dir='ltr' id='par_1_13' title="bbox 145 4059 1417 4407">
     <span class='ocr_line' id='line_1_44' title="bbox 186 4059 1415 4145; baseline -0.002 -19"><span class='ocrx_word' id='word_1_407' title='bbox 186 4064 276 4145; x_wconf 82' lang='lat' dir='ltr'>Hesp.</span> <span class='ocrx_word' id='word_1_408' title='bbox 288 4067 322 4126; x_wconf 75' lang='lat'>2⁰</span> <span class='ocrx_word' id='word_1_409' title='bbox 337 4082 343 4124; x_wconf 93' lang='lat'>:</span> <span class='ocrx_word' id='word_1_410' title='bbox 360 4061 464 4136; x_wconf 81' lang='lat' dir='ltr'>Quoad</span> <span class='ocrx_word' id='word_1_411' title='bbox 477 4062 646 4142; x_wconf 86' lang='lat' dir='ltr'>ticeitatem,</span> <span class='ocrx_word' id='word_1_412' title='bbox 664 4061 785 4142; x_wconf 82' lang='grc'><strong>1191199</strong></span> <span class='ocrx_word' id='word_1_413' title='bbox 798 4098 838 4107; x_wconf 95' lang='grc'>-</span> <span class='ocrx_word' id='word_1_414' title='bbox 852 4063 954 4125; x_wconf 85' lang='lat' dir='ltr'>Potest</span> <span class='ocrx_word' id='word_1_415' title='bbox 967 4060 1094 4142; x_wconf 85' lang='lat' dir='ltr'>quidem</span> <span class='ocrx_word' id='word_1_416' title='bbox 1109 4059 1274 4141; x_wconf 87' lang='lat' dir='ltr'>Episcopus</span> <span class='ocrx_word' id='word_1_417' title='bbox 1288 4062 1415 4124; x_wconf 86' lang='grc'><strong>9991919-</strong></span> 
     </span>
     <span class='ocr_line' id='line_1_45' title="bbox 146 4149 1416 4233; baseline -0.002 -17"><span class='ocrx_word' id='word_1_418' title='bbox 146 4171 214 4233; x_wconf 81' lang='lat' dir='ltr'>gere</span> <span class='ocrx_word' id='word_1_419' title='bbox 226 4158 282 4215; x_wconf 89' lang='lat' dir='ltr'>aut</span> <span class='ocrx_word' id='word_1_420' title='bbox 295 4151 389 4214; x_wconf 91' lang='lat' dir='ltr'>etiam</span> <span class='ocrx_word' id='word_1_421' title='bbox 401 4149 527 4212; x_wconf 90' lang='lat' dir='ltr'>omnino</span> <span class='ocrx_word' id='word_1_422' title='bbox 542 4167 650 4229; x_wconf 79' lang='lat' dir='ltr'>negare</span> <span class='ocrx_word' id='word_1_423' title='bbox 662 4149 909 4230; x_wconf 85' lang='lat' dir='ltr'>approbationem</span> <span class='ocrx_word' id='word_1_424' title='bbox 918 4154 1004 4231; x_wconf 89' lang='lat' dir='ltr'>justa</span> <span class='ocrx_word' id='word_1_425' title='bbox 1016 4150 1054 4212; x_wconf 94' lang='lat' dir='ltr'>de</span> <span class='ocrx_word' id='word_1_426' title='bbox 1068 4167 1171 4224; x_wconf 90' lang='lat' dir='ltr'>causa,</span> <span class='ocrx_word' id='word_1_427' title='bbox 1182 4155 1218 4212; x_wconf 92' lang='lat' dir='ltr'>ut</span> <span class='ocrx_word' id='word_1_428' title='bbox 1228 4153 1324 4230; x_wconf 83' lang='lat' dir='ltr'>patet;</span> <span class='ocrx_word' id='word_1_429' title='bbox 1341 4150 1416 4231; x_wconf 89' lang='lat' dir='ltr'>quia</span> 
     </span>
     <span class='ocr_line' id='line_1_46' title="bbox 145 4236 1417 4318; baseline -0.005 -14"><span class='ocrx_word' id='word_1_430' title='bbox 145 4241 181 4304; x_wconf 94' lang='grc'>19</span> <span class='ocrx_word' id='word_1_431' title='bbox 193 4241 277 4304; x_wconf 88' lang='grc'><strong>1999</strong></span> <span class='ocrx_word' id='word_1_432' title='bbox 290 4241 383 4302; x_wconf 89' lang='lat' dir='ltr'>finem</span> <span class='ocrx_word' id='word_1_433' title='bbox 397 4237 523 4300; x_wconf 91' lang='lat' dir='ltr'>inducta</span> <span class='ocrx_word' id='word_1_434' title='bbox 535 4243 582 4299; x_wconf 91' lang='lat' dir='ltr'>est</span> <span class='ocrx_word' id='word_1_435' title='bbox 596 4239 757 4303; x_wconf 82' lang='lat' dir='ltr'>necessitas</span> <span class='ocrx_word' id='word_1_436' title='bbox 768 4237 1005 4318; x_wconf 87' lang='lat' dir='ltr'>approbationis,</span> <span class='ocrx_word' id='word_1_437' title='bbox 1021 4242 1058 4298; x_wconf 91' lang='lat' dir='ltr'>ut</span> <span class='ocrx_word' id='word_1_438' title='bbox 1071 4236 1173 4300; x_wconf 92' lang='lat' dir='ltr'>idonei</span> <span class='ocrx_word' id='word_1_439' title='bbox 1189 4256 1207 4300; x_wconf 88' lang='lat' dir='ltr'>a</span> <span class='ocrx_word' id='word_1_440' title='bbox 1221 4256 1283 4301; x_wconf 92' lang='lat' dir='ltr'>non</span> <span class='ocrx_word' id='word_1_441' title='bbox 1298 4238 1417 4302; x_wconf 89' lang='lat' dir='ltr'>idoneis</span> 
     </span>
     <span class='ocr_line' id='line_1_47' title="bbox 147 4324 1064 4407; baseline -0.008 -14"><span class='ocrx_word' id='word_1_442' title='bbox 147 4336 354 4393; x_wconf 88' lang='lat' dir='ltr'>secernantur.</span> <span class='ocrx_word' id='word_1_443' title='bbox 369 4329 459 4389; x_wconf 90' lang='lat' dir='ltr'>Secus</span> <span class='ocrx_word' id='word_1_444' title='bbox 473 4343 556 4400; x_wconf 88' lang='grc'><strong>9999,</strong></span> <span class='ocrx_word' id='word_1_445' title='bbox 572 4324 598 4387; x_wconf 91' lang='lat' dir='ltr'>si</span> <span class='ocrx_word' id='word_1_446' title='bbox 610 4325 642 4387; x_wconf 93' lang='lat' dir='ltr'>id</span> <span class='ocrx_word' id='word_1_447' title='bbox 654 4325 768 4407; x_wconf 87' lang='lat' dir='ltr'>absque</span> <span class='ocrx_word' id='word_1_448' title='bbox 778 4329 864 4407; x_wconf 86' lang='lat' dir='ltr'>justa</span> <span class='ocrx_word' id='word_1_449' title='bbox 878 4342 969 4388; x_wconf 85' lang='grc'><strong>99999</strong></span> <span class='ocrx_word' id='word_1_450' title='bbox 982 4331 1064 4406; x_wconf 75' lang='lat' dir='ltr'>agat.</span> 
     </span>
    </p>
   </div>
   <div class='ocr_carea' id='block_1_7' title="bbox 144 4413 1418 4668">
    <p class='ocr_par' dir='ltr' id='par_1_14' title="bbox 144 4413 1418 4668">
     <span class='ocr_line' id='line_1_48' title="bbox 187 4413 1418 4502; baseline -0.006 -21"><span class='ocrx_word' id='word_1_451' title='bbox 187 4421 288 4494; x_wconf 72' lang='lat' dir='ltr'>Quas.</span> <span class='ocrx_word' id='word_1_452' title='bbox 308 4421 339 4482; x_wconf 79' lang='lat'>5⁰</span> <span class='ocrx_word' id='word_1_453' title='bbox 361 4416 502 4491; x_wconf 80' lang='grc'><strong>09199999</strong></span> <span class='ocrx_word' id='word_1_454' title='bbox 526 4415 589 4475; x_wconf 85' lang='lat' dir='ltr'>sint</span> <span class='ocrx_word' id='word_1_455' title='bbox 605 4415 702 4496; x_wconf 81' lang='lat' dir='ltr'>justa</span> <span class='ocrx_word' id='word_1_456' title='bbox 724 4434 820 4477; x_wconf 79' lang='grc'><strong>99999</strong></span> <span class='ocrx_word' id='word_1_457' title='bbox 841 4413 1097 4502; x_wconf 69' lang='lat' dir='ltr'>approbationem</span> <span class='ocrx_word' id='word_1_458' title='bbox 1110 4413 1264 4480; x_wconf 81' lang='lat' dir='ltr'>limitandi</span> <span class='ocrx_word' id='word_1_459' title='bbox 1283 4415 1325 4478; x_wconf 83' lang='lat' dir='ltr'>ud</span> <span class='ocrx_word' id='word_1_460' title='bbox 1346 4424 1418 4476; x_wconf 88' lang='lat' dir='ltr'>tem-</span> 
     </span>
     <span class='ocr_line' id='line_1_49' title="bbox 144 4509 312 4591; baseline -0.018 -21"><span class='ocrx_word' id='word_1_461' title='bbox 144 4527 221 4591; x_wconf 86' lang='lat' dir='ltr'>pus,</span> <span class='ocrx_word' id='word_1_462' title='bbox 236 4509 312 4569; x_wconf 76' lang='lat' dir='ltr'>etc?</span> 
     </span>
     <span class='ocr_line' id='line_1_50' title="bbox 226 4606 1342 4668; baseline -0.009 -2"><span class='ocrx_word' id='word_1_463' title='bbox 226 4623 335 4668; x_wconf 71' lang='grc'><strong>09199.-</strong></span> <span class='ocrx_word' id='word_1_464' title='bbox 352 4623 412 4666; x_wconf 76' lang='grc'><strong>’1919</strong></span> <span class='ocrx_word' id='word_1_465' title='bbox 427 4619 459 4666; x_wconf 87' lang='lat'>11.</span> <span class='ocrx_word' id='word_1_466' title='bbox 1312 4606 1342 4656; x_wconf 74' lang='grc'>16</span> 
     </span>
    </p>
   </div>
   <div class='ocr_carea' id='block_1_8' title="bbox 0 0 1650 5042">
    <p class='ocr_par' dir='ltr' id='par_1_15' title="bbox 0 0 1650 5042">
     <span class='ocr_line' id='line_1_51' title="bbox 0 0 1650 5042; baseline 0 0"><span class='ocrx_word' id='word_1_467' title='bbox 0 0 1650 5042; x_wconf 95' lang='lat' dir='ltr'> </span> 
     </span>
    </p>
   </div>
  </div>
 </body>
</html>
