3224 5044
210 225 278 284 288
743 233 950 280 vacosanus

209 348 320 430 repetit
332 347 495 422 Damione,
512 347 593 429 quod
607 347 680 410 olim
693 345 832 410 ieremias
847 343 927 408 dixit
943 363 951 406 τ
973 345 1053 406 Eece
1067 344 1213 406 constitui
1224 354 1253 409 te
1262 365 1355 428 super
1367 359 1488 430 pentes,

209 448 244 500 ut
256 438 367 500 evellas
381 447 411 499 et
420 435 564 519 dissipes,
579 435 710 515 aedifices
724 445 752 496 et
760 436 897 517 plantes.

605 629 718 674 REGULAE
738 628 895 671 causantes
915 627 1086 670 urnucmonts

249 779 318 836 dli.
337 806 377 818 —
390 772 422 833 1⁶
439 770 570 851 llequla.
586 771 667 831 Ante
684 767 788 830 omnia
805 768 927 830 studeat
940 764 1146 829 confessarius
1160 765 1382 846 poenitentium
1404 769 1487 831 inti·

209 881 275 925 mos
299 861 397 922 animi
412 864 514 922 motus
527 865 559 921 et
579 857 786 920 conditionem
800 855 981 936 perspicere,
998 858 1034 917 ut
1050 855 1285 916 instructionem
1304 855 1401 935 possit
1415 857 1489 920 illo-

209 969 281 1014 rum
296 948 455 1028 capacitati
476 952 507 1010 et
527 953 647 1008 naturae
667 945 908 1019 accommodare;
929 961 1027 1024 neque
1046 942 1131 1004 enim
1150 960 1256 1004 ornnes
1282 948 1356 1006 sunt
1375 946 1488 1009 eodem

209 1039 321 1120 spiritu
335 1037 481 1113 ducendi,
496 1055 550 1098 nec
563 1054 626 1098 uno
642 1035 732 1097 modo
746 1052 852 1096 omues
866 1032 1000 1112 regendi.
1017 1067 1057 1077 -
1078 1031 1150 1092 Vide
1162 1029 1197 1094 S.
1214 1031 1298 1112 Liq,
1326 1033 1358 1094 in
1378 1033 1490 1096 Praxi

211 1128 549 1296 coilib'lprltblitbecqat
561 1212 744 1293 poenitentes
756 1213 795 1274 ad
809 1183 1020 1291 perfectionem
1034 1227 1087 1289 per
1101 1209 1212 1288 gradm
1224 1215 1255 1272 et
1268 1210 1424 1286 ordinate,
1437 1211 1487 1276 ita

209 1312 246 1367 ut
266 1305 352 1385 prius
371 1307 520 1365 conentur
537 1300 658 1381 assequi
672 1299 810 1379 primum
829 1298 955 1361 virtutis
975 1299 1104 1377 gradum
1123 1315 1217 1378 quam
1239 1299 1278 1359 ad
1298 1317 1486 1380 supremum
1600 1355 1604 1384 Ι,

209 1393 408 1465 contendant,
426 1410 456 1450 v.
471 1407 529 1469 gr„
543 1389 629 1468 prius
643 1388 763 1450 discant
776 1386 891 1469 operari
907 1393 988 1448 recta
1002 1385 1188 1461 intentione,
1204 1393 1236 1448 et
1249 1386 1383 1450 actiones
1398 1389 1483 1452 crdi-

207 1481 311 1542 narias
325 1484 404 1541 recte
415 1494 566 1558 peragere,
578 1494 673 1558 quam
684 1476 794 1538 altiora
805 1475 989 1554 excogitent;
1004 1474 1091 1554 prius
1105 1474 1223 1536 discant
1236 1475 1315 1538 letio
1327 1475 1483 1556 patienter

208 1569 284 1632 ferre
298 1585 392 1649 quam
407 1564 511 1646 gravia
524 1570 682 1645 appetant3
696 1563 911 1659 prius-discant
924 1563 989 1642 pati
1002 1580 1088 1643 aeqtro
1101 1563 1204 1624 animo
1216 1565 1360 1643 quamde
1374 1566 1483 1630 adver-
1603 1637 1604 1650 χ

209 1659 251 1720 sis
262 1657 360 1720 velint
374 1656 513 1734 gaudere.

247 1745 314 1808 111⁰
337 1744 467 1826 Reputo.
483 1747 590 1806 Doceat
609 1761 732 1817 omnes,
750 1741 963 1822 perfectionem
977 1743 1124 1823 cujusque
1138 1741 1172 1802 in
1191 1759 1225 1804 eo
1240 1741 1334 1804 sitam
1347 1761 1425 1820 esse,
1441 1752 1480 1808 ut
1603 1733 1604 1748 ¹

208 1855 297 1916 opera
309 1833 463 1896 ordinaris
476 1832 552 1895 bene
566 1838 726 1912 peragant,
744 1851 774 1892 v.
789 1849 847 1911 ga,
863 1837 899 1893 ut
912 1831 989 1892 bene
1000 1834 1097 1906 orent,
1108 1829 1209 1894 Missa
1222 1829 1380 1908 intersint,
1396 1833 1480 1896 labo·

207 1924 294 1987 ribus
318 1941 381 1985 sese
404 1925 578 1994 exerceant,
599 1920 791 1984 relectionem
810 1918 942 1999 corporis
963 1919 1067 1992 modo,
1092 1936 1153 1998 quo
1175 1937 1231 1998 par
1251 1925 1313 1996 est,
1334 1928 1476 1997 sumant,

206 2013 355 2076 inoffense
368 2030 439 2073 cum
459 2010 597 2090 proximo
611 2016 837 2084 conversentur,
857 2008 962 2070 omnia
976 2007 1120 2087 denique,
1138 2007 1177 2069 ad
1190 2026 1260 2088 quae
1279 2027 1318 2070 ex
1336 2007 1429 2072 officio
1444 2017 1480 2072 ct

207 2107 291 2164 statu
306 2099 506 2174 incumbunt,
523 2103 601 2160 recte
615 2097 735 2160 obeant.

247 2194 317 2254 642.
332 2225 372 2234 -
387 2189 403 2248 l
410 2187 448 2249 V⁰
462 2186 590 2268 llequlu.
600 2187 709 2250 Probet
720 2194 887 2266 opportune
895 2185 1077 2266 pmnitentes
1087 2185 1279 2249 devotionem
1288 2187 1476 2267 profitentes

206 2285 243 2341 ut
257 2279 396 2340 advertat
407 2294 467 2356 quo
483 2276 594 2355 spiritu
604 2276 767 2350 ducantur,
781 2293 822 2337 an
835 2275 888 2336 Dei
902 2275 949 2338 vel
963 2275 1089 2349 mundi,
1103 2275 1216 2337 amoris
1231 2275 1278 2338 vel
1293 2275 1430 2353 timoris;
1446 2282 1477 2340 et

207 2368 276 2447 quis
289 2365 414 2427 affectus
429 2364 515 2425 sitin
530 2364 573 2425 eis
587 2363 823 2443 praedominans
839 2364 895 2444 qui
908 2363 1008 2444 primo
1022 2363 1252 2428 mortificandus
1268 2364 1318 2427 sit.
1332 2367 1477 2428 Attamen

205 2472 269 2516 non
282 2469 388 2514 omnes
402 2451 508 2513 eodem
525 2453 614 2513 modo
631 2451 778 2532 pmbandi
798 2456 828 2512 et
845 2451 999 2514 tractandi
1014 2458 1103 2526 sunt,
1120 2452 1172 2514 sed
1185 2454 1303 2516 cautela
1319 2458 1351 2516 et
1365 2454 1477 2516 discre-

205 2540 290 2603 tione
303 2557 378 2618 opus
390 2546 437 2601 est
454 2558 461 2600 :
484 2538 528 2601 sic
546 2538 709 2618 benignius
723 2539 908 2620 excipiendi,
926 2540 981 2620 qui
999 2542 1038 2603 ad
1053 2540 1214 2602 tristitiam
1228 2541 1317 2622 proni
1331 2548 1421 2616 sunt,
1437 2559 1476 2604 ne

205 2629 239 2691 in
254 2628 352 2691 animi
365 2627 563 2709 dejectionem
574 2627 732 2704 labentum
749 2629 862 2692 animae
875 2629 1049 2692 etiamnum
1061 2636 1183 2704 tenerae,
1196 2648 1273 2711 quas
1283 2632 1361 2692 Deus
1373 2629 1474 2709 primo

205 2718 265 2780 sibi
284 2717 435 2792 conciliat,
454 2716 578 2780 mollius
593 2723 666 2780 sunt
682 2719 860 2793 tractandae;
878 2719 903 2780 si
916 2724 1020 2780 auum
1034 2717 1147 2780 anima
1166 2718 1231 2780 sint
1244 2716 1405 2781 nobiliores
1421 2722 1477 2780 aut

204 2806 354 2880 fortiorem
376 2807 424 2870 vel
441 2805 574 2870 habeant
597 2805 742 2868 beneficia
762 2807 815 2868 Dei
829 2805 1084 2882 extraordinaria,
1101 2806 1247 2870 suavitati
1260 2807 1417 2887 jungenda
1429 2813 1476 2870 ast
1592 2833 1596 2840 ·

204 2897 345 2976 quadam
365 2895 519 2958 severitas.
545 2894 602 2957 Sed
623 2900 726 2956 caveat
738 2895 959 2972 confessarius,
980 2913 1018 2956 ne
1032 2894 1169 2975 probatio
1192 2895 1233 2958 sit
1253 2901 1373 2976 aperta;
1392 2913 1476 2958 secus

204 2985 288 3046 enim
303 2982 380 3046 nihil
394 2985 525 3064 prodest.

250 3072 289 3134 V⁶
306 3071 433 3154 llequlu.
450 3075 516 3136 Non
531 3071 684 3152 imponat,
698 3072 854 3152 quinimo,
873 3072 926 3135 ubi
938 3091 1013 3153 opus
1028 3071 1084 3147 sit,
1101 3078 1249 3152 temperet
1267 3073 1473 3137 extraordina-

203 3161 265 3223 rias
279 3161 484 3242 paralitates3
510 3162 561 3224 sed
585 3161 628 3224 sic
645 3161 792 3223 instituat
811 3161 946 3236 animas,
967 3166 1004 3223 nt
1021 3161 1161 3242 ipsamet
1179 3179 1229 3224 eas
1243 3167 1351 3242 sponte
1370 3164 1473 3244 depos-

203 3254 287 3324 cant3
305 3269 403 3331 neque
416 3250 602 3312 credendum
615 3249 740 3312 illarum
757 3249 896 3329 spiritui,
913 3268 981 3330 quae
1001 3249 1136 3312 studiose
1156 3250 1398 3313 extraordinaria
1413 3270 1473 3314 sec-

204 3338 262 3401 tari
280 3339 557 3418 deprehenduntur,
574 3338 636 3400 nisi
657 3339 761 3401 adsint
785 3338 872 3418 signa
896 3345 976 3400 certa
994 3357 1044 3400 eas
1063 3337 1201 3419 impulsu
1217 3339 1322 3402 divino
1338 3339 1420 3400 duci.
1439 3339 1471 3402 Si

203 3426 273 3508 quis
287 3429 466 3490 advertatur
486 3445 550 3490 esse
568 3427 602 3489 in
622 3425 713 3489 rebus
730 3427 856 3506 agendis
874 3427 988 3508 proprii
1000 3426 1112 3508 judicii
1125 3431 1233 3504 tenax,
1247 3425 1362 3490 fortiter
1376 3425 1472 3488 simul

203 3522 234 3577 et
248 3515 381 3578 suaviter
393 3521 439 3578 est
454 3516 658 3596 corrigendus.

248 3604 304 3666 VI⁶
321 3605 449 3686 deputa.
462 3609 554 3668 Curet
567 3611 603 3667 ut
615 3603 649 3678 ii,
661 3604 717 3685 qui
729 3606 767 3667 ad
782 3621 899 3667 sacram
909 3603 1058 3686 Synaxim
1069 3605 1243 3687 frequenter
1259 3603 1393 3670 accedere
1404 3622 1471 3685 pos-

203 3699 288 3768 sunt,
306 3693 434 3774 singulis
449 3693 647 3756 hebdomadis
659 3698 713 3756 aut
727 3694 835 3756 saltem
850 3692 947 3756 bisin
959 3711 1063 3756 mense
1077 3694 1290 3757 confiteantur.

250 3781 324 3843 Vide
333 3783 428 3865 pluro
441 3781 527 3864 opud
541 3782 577 3843 S.
594 3780 768 3867 Ligarium,
782 3784 815 3843 in
828 3782 930 3844 Praei
946 3781 1143 3861 Confessarb'.

705 3993 920 4056 nnucutus
939 3993 967 4053 11

506 4172 543 4215 DE
563 4169 677 4215 cumulo
698 4171 834 4216 urnlsrnl
855 4171 925 4218 POST
945 4171 1165 4219 conrnssmffl

243 4330 357 4411 Duplex
380 4335 427 4392 est
450 4331 594 4412 obligatio
616 4329 797 4394 confessarii
822 4338 890 4414 post
914 4331 1160 4396 confessionem:
1189 4338 1220 4396 1⁰
1238 4351 1296 4415 per
1319 4331 1471 4409 meldens,

204 4420 303 4500 quoad
318 4417 450 4482 deiectus
473 4419 651 4483 commissos
665 4421 862 4501 reparandos;
880 4427 912 4485 2⁰
928 4441 988 4503 per
1010 4441 1054 4498 se,
1071 4421 1172 4504 quoad
1193 4419 1329 4502 sigillum
1346 4435 1474 4486 serron-
1599 4439 1600 4468 t

203 4509 288 4572 dum.
