3224 5044
199 236 267 298 338
731 237 941 286 rascatius

197 364 346 440 respectu.
366 359 422 418 Est
440 355 472 414 in
485 355 630 430 matoria,
648 355 801 433 quatenus
818 356 963 412 mutuam
977 349 1104 412 alterius
1118 349 1154 412 in
1168 348 1301 412 alterum
1319 353 1485 430 potestatis

197 446 397 512 traditionem
411 441 573 523 exprimit;
590 447 636 504 est
655 445 760 503 autem
780 443 813 499 in
830 441 946 521 forma,
964 444 1117 520 quatenus
1137 439 1371 520 acceptationem
1385 440 1484 522 hujus

200 533 375 601 traditionis
395 531 556 612 significat.
574 531 645 604 Vel,
664 536 702 592 ut
722 528 775 592 alii
793 528 961 609 explicant,
978 527 1071 590 verba
1091 531 1122 590 et
1138 527 1227 608 signa
1243 546 1427 608 sponsorum
1447 532 1483 595 in

196 623 401 688 contrahendo
421 628 497 683 srmt
516 619 610 682 simul
630 619 761 682 materia
774 624 805 680 et
818 617 917 680 forma
933 635 940 678 :
958 624 1033 678 sunt
1046 619 1190 691 materia,
1205 617 1240 678 in
1257 625 1411 697 quantum
1426 638 1481 682 ex-

195 713 336 796 primunt
359 709 557 772 traditionem
577 725 751 788 corporum;
775 711 849 768 sunt
869 707 986 787 forma,
1007 704 1042 767 in
1063 712 1218 786 quantum
1240 705 1481 786 acceptationem

196 799 372 864 traditionis
387 797 543 862 exhibent.
558 833 598 842 -
612 798 664 860 Ita
677 796 882 857 communiter.

236 889 390 969 Quidquid
412 887 466 962 sit,
487 887 521 948 in
539 885 627 966 praxi
643 886 765 948 nullum
785 884 1015 946 incommodum
1034 889 1082 946 est
1102 883 1294 959 timendum,
1309 885 1481 950 dummodo

195 979 229 1040 in
245 982 402 1041 contractu
421 975 599 1038 celebrando
614 973 712 1037 torma
725 973 900 1054 prescripta
916 973 954 1035 ab
969 972 1101 1036 Ecclesia
1115 978 1263 1036 servetur.
1277 1009 1318 1019 —
1339 974 1415 1036 Vide
1431 975 1481 1037 di-

193 1068 288 1130 cemla
301 1071 335 1128 in
349 1065 449 1148 capite
465 1065 604 1146 sequenti
618 1063 653 1124 de
666 1065 805 1124 ministro
820 1063 1013 1124 Sacramentt'
1023 1061 1227 1125 Matrimonii.

453 1452 500 1502 DE
525 1451 694 1504 MlNlSTRO
721 1453 765 1501 ET
791 1451 963 1502 SUBJECTO
990 1447 1207 1502 MATRIMONII

688 1599 938 1662 ARTIGULUS
963 1601 976 1660 1

724 1744 762 1787 nn
783 1745 925 1789 mmsruo

230 1871 300 1932 767.
313 1901 352 1911 -
364 1867 388 1928 Ι.
400 1868 525 1928 Certum
537 1869 594 1938 est,
607 1863 646 1924 ad
658 1860 848 1928 Matrimonii
859 1864 994 1926 valorem
1006 1863 1121 1945 requiri
1134 1866 1332 1946 presentiam
1344 1865 1468 1930 Parocbi

189 1963 243 2020 aut
252 1953 391 2035 delegati,
404 1952 592 2033 ubicumque
605 1953 761 2014 decrettun
778 1951 871 2014 Cone.
886 1952 970 2014 Trici.
984 1952 1063 2015 circa
1071 1954 1268 2016 Matrimonia
1281 1955 1467 2019 clandestina

189 2044 380 2126 publicatum
395 2049 451 2105 est.
461 2079 501 2087 -
518 2041 592 2103 Vide
607 2041 735 2103 dicanda
748 2041 783 2102 de
798 2041 908 2122 impeti.
926 2041 1083 2116 clandest,
1098 2061 1129 2103 n.
1143 2047 1216 2106 836.

228 2135 265 2196 Il.
289 2131 420 2194 Etiamsi
440 2129 552 2193 alicubi
569 2130 627 2192 hoc
646 2131 803 2193 decretum
826 2130 1000 2192 Tridentini
1021 2131 1251 2212 promulgatum
1274 2151 1334 2195 non
1351 2131 1463 2208 brerit,

189 2225 306 2285 certum
326 2227 373 2282 est
392 2225 496 2282 tamen
510 2225 539 2282 10
551 2219 716 2282 Ecclesiam
730 2237 849 2300 semper
864 2219 1011 2294 voluisse,
1027 2225 1065 2281 ut
1079 2222 1222 2284 Sacerdos
1242 2222 1324 2284 adid
1338 2222 1465 2301 deputa-

188 2317 240 2374 tus
258 2308 464 2373 Matrimoniis
483 2307 621 2370 fidelium
639 2309 809 2384 assisteret;
834 2313 867 2370 2⁰
884 2307 1055 2370 Parochum
1073 2327 1137 2371 non
1154 2327 1241 2390 posse
1259 2309 1466 2374 assistentiam

188 2417 277 2461 suam
293 2399 327 2461 in
343 2397 462 2479 nuptiis
476 2397 613 2460 fidelium
628 2397 790 2460 omittere:
805 2415 938 2478 eumque
950 2397 1079 2477 obligari
1093 2399 1131 2459 ad
1145 2397 1393 2462 benedictionem
1407 2399 1468 2460 im-

186 2487 377 2568 pertiendam
386 2489 477 2566 juxta
489 2486 585 2548 ritum
598 2485 632 2547 in
645 2487 707 2548 loco
721 2485 842 2567 proprio
855 2493 1027 2567 receptum;
1043 2491 1076 2550 30
1087 2488 1209 2549 Ρ111111
1221 2488 1356 2567 graviter
1364 2488 1468 2550 fideles

186 2577 241 2657 qui
255 2575 490 2638 Matrimonium
504 2574 689 2638 clandestine
701 2575 820 2637 ineunt.
836 2575 869 2638 ld
883 2574 1036 2640 evincitur
1049 2594 1086 2638 ex
1102 2573 1202 2652 Trici,
1220 2596 1287 2637 sess.
1302 2577 1410 2648 XXIV,
1429 2576 1468 2637 de

186 2665 323 2746 Reform.
340 2673 444 2742 main,
463 2684 488 2724 a.
504 2683 531 2738 1,
544 2669 601 2726 etc.

226 2759 296 2818 763.
313 2790 352 2800 -
366 2755 416 2816 lli.
434 2752 542 2827 Hodie,
563 2751 716 2833 quidquid
734 2753 876 2816 nonnulli
891 2756 985 2835 juxta
1001 2755 1167 2818 obsoletam
1183 2751 1359 2834 opinionem
1373 2759 1466 2815 antra

187 2843 334 2918 dixerint,
351 2847 470 2905 certum
490 2849 536 2904 est
553 2842 662 2916 etiam,
679 2842 841 2905 ministros
855 2842 1042 2908 Matrimonii
1055 2843 1138 2924 ipsos
1158 2861 1222 2906 esse
1238 2843 1465 2906 contrahentes.

185 2931 329 2998 Rationes
343 2935 449 2993 autem
463 2929 577 3010 quibus
592 2931 656 2992 haec
671 2930 809 2994 doctrina
820 2930 980 3007 innititur,
993 2939 1087 2994 sunt:
1106 2938 1136 2994 10
1151 2932 1230 3008 Quia
1242 2931 1402 3012 Eugenius
1413 2933 1464 3006 tv,

185 3021 220 3084 in
233 3024 355 3084 Decreto
369 3018 410 3080 ad
423 3020 584 3092 Armenoc,
602 3035 710 3080 sanam
725 3019 803 3082 circa
817 3021 1013 3082 Sacramenta
1029 3021 1149 3083 tradere
1163 3021 1268 3084 volens
1281 3021 1463 3094 doctrinam,

186 3110 229 3172 sic
246 3108 378 3172 statuit:
405 3105 505 3169 Causa
526 3106 664 3189 efficiens
683 3109 873 3170 Matrimonii
898 3109 1080 3188 reputariter
1099 3120 1141 3171 est
1163 3119 1285 3170 mutuas
1308 3129 1465 3172 consensus

180 3218 242 3280 per
255 3196 346 3259 1111111
366 3195 401 3257 de
421 3196 564 3276 praesenti
578 3215 750 3277 expressus
770 3199 873 3278 Neque
890 3197 1098 3260 dubitandum
1116 3205 1177 3274 est,
1195 3198 1273 3278 quin
1291 3197 1344 3260 illa
1359 3198 1466 3272 verba,

186 3307 276 3348 causa
290 3285 426 3367 efficiens
441 3284 647 3363 Matrimonii,
665 3284 830 3366 respiciant
842 3285 1076 3350 Matrimonium
1100 3293 1136 3349 ut
1156 3289 1407 3361 Sacramentum,
1425 3286 1468 3347 si-

186 3374 312 3458 quidem
331 3381 447 3454 septem
462 3375 658 3436 Sacramenta
679 3373 713 3436 in
733 3393 766 3436 eo
785 3378 908 3437 Decrcto
926 3393 964 3436 ex
977 3374 1109 3456 prolesso
1121 3375 1325 3456 explicantur,·
1342 3378 1373 3435 2⁰
1387 3373 1468 3447 Quia

188 3463 359 3526 Comitium
377 3461 608 3535 Tridentinum,
625 3482 696 3523 sess.
718 3465 823 3538 XXIV,
850 3464 886 3526 de
908 3464 1090 3545 deformat,
1109 3485 1136 3527 1.
1153 3483 1179 3540 1,
1199 3464 1341 3537 declarat,
1358 3461 1468 3526 Matri-

186 3553 291 3616 monia
305 3551 492 3614 clandestina
505 3550 600 3614 fuisse
614 3571 684 3614 nera
700 3561 728 3613 et
742 3563 827 3631 rata,
843 3553 957 3634 quibus
970 3553 1125 3616 vocabulis
1141 3559 1216 3616 tunc
1233 3550 1362 3631 theologi
1376 3558 1408 3613 et
1421 3568 1470 3613 ca·

186 3641 317 3704 nonistae
330 3639 544 3721 exprimebant
559 3640 663 3703 stricto
677 3660 770 3706 sensu
784 3647 996 3718 Sacramenta;
1014 3647 1047 3705 3⁰
1061 3641 1139 3717 Quia
1152 3661 1191 3706 ex
1205 3641 1318 3704 recenti
1333 3640 1468 3702 Declara-

186 3729 269 3793 tione
283 3729 330 3792 Pii
344 3731 400 3804 lX,
417 3727 574 3790 referenda
592 3749 622 3792 n.
645 3734 704 3794 ten
720 3743 749 3792 et
763 3735 838 3807 793,
855 3735 988 3806 constat,
1011 3729 1247 3795 Matrimonium
1265 3730 1349 3794 inter
1367 3729 1470 3792 fideles

186 3820 330 3882 exsistere
346 3834 510 3898 nunquam
524 3835 612 3897 posse
630 3820 745 3901 absque
763 3824 968 3884 Sacramenta.
983 3821 1071 3882 Unde
1087 3821 1152 3883 sic:
1175 3819 1374 3884 Matrimonia
1387 3818 1468 3881 clan-

187 3907 306 3970 destina
331 3925 370 3970 ex
390 3906 482 3970 Cone.
510 3906 537 3968 T
534 3906 595 3968 rid.
616 3915 692 3970 sunt
710 3908 811 3972 valida
829 3908 864 3970 in
883 3908 969 3985 tocie,
992 3909 1048 3971 ubi
1067 3926 1130 3972 non
1154 3907 1215 3971 fuit
1239 3908 1471 3989 promulgatum

187 3996 343 4057 decretum
367 4015 427 4077 quo
447 3995 680 4074 invalidantur;
696 3997 821 4061 aliunde
839 4003 998 4078 nequeunt
1017 4017 1082 4061 esse
1104 3997 1206 4061 valida
1225 3997 1342 4079 absque
1363 4001 1470 4062 Sacra-

73 4075 76 4082 '
186 4089 292 4145 mento
312 4102 320 4144 :
344 4101 413 4162 ergo
439 4085 531 4147 datur
552 4088 787 4149 Sacramentum
813 4086 1002 4151 Matrimonii
1025 4087 1149 4150 etiamsi
1177 4105 1196 4149 a
1221 4087 1382 4149 Sacerdote
1404 4103 1471 4147 non

190 4169 373 4246 contemtum
385 4190 455 4250 ergo
464 4175 605 4237 Sacerdos
614 4194 677 4238 non
686 4181 733 4238 est
742 4175 886 4239 minister
894 4177 1137 4241 sacramenti-
1145 4175 1352 4258 Videsne,
1360 4176 1455 4238 asar
1462 4223 1470 4236 .

309 4299 503 4378 Quaeslta.

226 4431 297 4494 tce.
311 4465 352 4478 -—
366 4433 471 4507 Quart.
492 4437 523 4493 l⁰
543 4434 594 4495 An
616 4433 776 4500 Parasitus
791 4437 930 4501 assistere
937 4435 1040 4520 possit
1054 4436 1251 4502 Matrimonia
1271 4455 1392 4514 eornm,
1413 4435 1473 4518 qui

186 4526 255 4580 mm
266 4517 384 4600 publici
392 4524 600 4600 peccatores?
