3198 5036
617 193 659 236 DE
680 191 923 240 sucnaalsala

652 417 829 492 CAPUT
856 417 895 490 Il

381 629 432 680 DE
457 629 765 680 APPLICATIONE
791 629 1014 680 SACRIFICII
1039 631 1170 682 MISSAE

177 811 346 892 Applicatio
360 809 503 875 Sacrifiui
526 811 626 876 Missae
644 817 691 874 est
712 810 861 884 intentio,
878 829 939 892 qua
955 811 1097 874 Sacerdos
1116 811 1198 882 vult,
1214 817 1250 874 ut
1264 811 1408 878 Sacrificii

31 945 35 953 -
135 898 255 963 fructus
269 899 303 962 in
317 900 485 964 utilitatem
498 907 586 964 certa
600 917 735 980 personae
748 900 843 962 aedat.

259 1069 483 1150 Prlnelpla.

180 1228 341 1290 esa-1,
367 1227 408 1286 Ut
430 1223 633 1306 perstructus
651 1223 800 1308 pererratis
819 1223 1014 1304 percipiatur,
1031 1223 1199 1286 necessaria
1217 1232 1339 1287 nonest
1357 1229 1409 1288 Sa-

139 1314 269 1378 cerdotis
283 1314 460 1395 applicatio;
477 1314 529 1376 sed
543 1313 671 1387 sufficit,
688 1318 725 1376 ut
735 1312 800 1393 ipse
810 1311 885 1376 velit
897 1313 1044 1376 celebrare
1052 1315 1144 1395 juxta
1159 1319 1295 1376 mentem
1310 1313 1409 1376 Eccle-

139 1402 192 1466 siae
203 1423 210 1465 ε
223 1421 343 1484 semper
353 1401 437 1464 enim
446 1400 595 1484 implicite
604 1402 675 1464 talis
688 1401 848 1484 applicatio
858 1401 892 1463 in
903 1401 1074 1464 intentione
1086 1402 1217 1484 generali
1229 1402 1409 1465 celebrantis

137 1491 318 1555 includitur.
333 1493 410 1553 ltem
427 1498 463 1554 ut
476 1491 536 1572 ipsi
552 1491 706 1555 Sacerdoti
723 1490 841 1553 fructus
854 1491 1082 1574 specialissimas
1098 1489 1273 1572 proveniat,
1289 1509 1409 1554 necesse

138 1598 202 1642 non
218 1587 264 1644 est
278 1586 315 1642 ut
329 1599 401 1650 eum
414 1580 474 1642 sibi
493 1579 662 1660 specialiter
678 1580 826 1660 applicare
840 1579 928 1656 velit;
944 1579 994 1641 hic
1008 1579 1092 1641 enim
1108 1579 1167 1660 ipsi
1179 1599 1236 1660 per
1249 1600 1278 1642 se
1292 1597 1410 1660 semper

139 1669 321 1750 applicatur.
344 1671 408 1730 lmo
431 1675 520 1742 sunt,
537 1669 593 1748 qui
610 1668 745 1730 fructum
762 1667 846 1730 bunc
863 1667 908 1728 ita
926 1674 1038 1748 putant
1055 1666 1138 1728 illius
1153 1686 1216 1730 esse
1234 1669 1409 1748 proprium,

139 1761 178 1818 ut
192 1755 280 1817 alteri
294 1755 436 1838 applicari
447 1775 510 1818 non
522 1756 628 1838 possit.

183 1845 221 1904 ll.
237 1843 416 1922 Requiritur
435 1851 541 1906 tamen
558 1843 717 1925 applicatio
736 1842 922 1918 SacerdotiS,
939 1848 975 1904 ut
992 1842 1111 1904 fructus
1128 1844 1265 1926 spectatis
1285 1861 1339 1904 seu
1357 1845 1411 1904 mi-

144 1932 314 1992 nisteriatz's
334 1931 424 1994 alicui
441 1932 594 1993 obveniat.
622 1931 767 1994 Sacerdos
787 1931 886 2007 enirn,
914 1931 1096 2011 etquidem
1125 1931 1222 2006 solus,
1252 1949 1412 2012 personam

143 2019 260 2082 Christi
275 2021 367 2100 gerit;
384 2037 454 2100 ergo
475 2020 554 2082 sicut
570 2020 634 2100 ipse
648 2019 777 2082 solus'in
792 2037 919 2099 persona
938 2017 1054 2082 Christi
1069 2019 1258 2084 Sacrificium
1276 2038 1329 2100 pro
1343 2019 1413 2082 aliis

143 2107 247 2181 offert,
262 2107 306 2170 ita
320 2109 414 2170 etiam
430 2109 513 2172 solus
526 2108 662 2171 fructum
676 2109 812 2189 ejusdem
826 2108 965 2189 applicat.

182 2199 233 2258 lll.
250 2198 398 2274 Quamvis
412 2198 553 2261 Sacerdos
564 2195 682 2260 nemini
694 2197 817 2262 Missam
832 2197 1019 2277 promiserit,
1033 2197 1169 2278 aliquam
1181 2196 1414 2280 applicationem

142 2286 260 2350 fructus
275 2285 412 2366 specialis
426 2285 522 2348 iacere
537 2285 635 2348 debet.
651 2285 740 2348 Ratio
754 2291 800 2347 est
812 2305 819 2347 :
830 2291 869 2349 .l⁰
886 2285 958 2366 quia
972 2285 1006 2348 in
1020 2304 1075 2347 sua
1093 2286 1284 2348 ordinatione
1300 2286 1414 2366 accepit

144 2392 181 2437 ex
194 2373 311 2436 Christi
324 2373 521 2437 institutione
538 2378 719 2456 potestatam
733 2372 921 2437 Sacrificium
936 2373 1131 2450 conficiendi,
1148 2381 1179 2438 et
1197 2382 1415 2456 consequenter

144 2465 210 2545 ejas
234 2463 370 2526 fructum
387 2462 574 2546 applicandi;
593 2470 764 2525 remaneret
779 2467 882 2525 autern
901 2461 1022 2524 inutilis
1040 2463 1092 2525 illa
1106 2469 1254 2544 potestas,
1272 2465 1298 2526 si
1313 2468 1414 2528 Sacer-

146 2551 200 2615 dos
218 2570 252 2615 ea
271 2569 332 2614 non
352 2558 506 2628 uteretur;
525 2556 557 2614 2⁰
571 2551 697 2634 insuper
711 2553 737 2614 si
753 2553 839 2614 nulla
855 2551 909 2614 fiat
925 2551 1101 2633 applicatio,
1116 2571 1179 2616 non
1193 2557 1239 2618 est
1251 2553 1344 2627 ratio,
1361 2571 1416 2616 cur

145 2640 203 2703 uni
220 2640 316 2722 prosit
332 2639 430 2722 magis
444 2659 540 2724 quam
562 2640 665 2702 alteri:
687 2639 797 2704 idcirco
819 2639 935 2702 fructus
957 2658 1018 2702 non
1040 2640 1207 2720 applicatus
1228 2647 1365 2704 remanet
1381 2641 1416 2704 in

145 2729 287 2792 thesauro
308 2729 440 2810 generali
460 2729 613 2805 Ecclesiae,
637 2734 668 2791 et
690 2729 815 2810 proinde
840 2728 944 2790 minus
968 2728 1055 2790 utilis
1074 2729 1184 2792 eradit.
1202 2765 1241 2774 -
1262 2730 1415 2808 Bittaart,

146 2817 217 2879 disc
234 2837 305 2893 rur,
322 2827 382 2880 art.
398 2823 428 2881 t.

267 2988 464 3065 Quaeslta.

184 3139 255 3202 355.
272 3171 311 3180 -
323 3137 425 3209 Qum.
447 3139 480 3198 l⁰
494 3132 543 3194 Aa
557 3132 720 3214 applicatio
734 3131 854 3213 fractas
865 3133 968 3196 Missae
983 3132 1087 3194 debeat
1101 3152 1160 3195 esse
1175 3131 1331 3194 actualis?

184 3224 276 3306 Resp.
299 3223 378 3305 Nep.
386 3247 400 3295 ;
423 3223 476 3286 sed
498 3219 623 3295 sufficit,
645 3227 682 3284 ut
703 3221 745 3283 sit
762 3220 945 3294 habitualis,
962 3220 1076 3284 sedicet
1095 3229 1132 3284 ut
1148 3221 1240 3284 semel
1257 3219 1335 3283 lacta
1354 3237 1417 3282 non

145 3317 338 3380 retractetur.
369 3309 458 3376 Ratio
487 3313 547 3384 est,
573 3307 646 3390 quia
671 3308 833 3389 applicatio
857 3307 918 3372 ista
943 3309 978 3372 bt
999 3327 1053 3390 per
1076 3311 1205 3372 modum
1226 3308 1414 3382 donationis,

145 3403 280 3482 meque
306 3419 358 3480 per
378 3397 584 3462 intentionem
606 3397 699 3460 semel
719 3395 860 3460 habitam
880 3398 1022 3460 Sacerdos
1040 3399 1107 3479 jem
1136 3397 1262 3462 donavit
1282 3397 1417 3459 lructum

145 3489 293 3556 Sacrificii
307 3488 372 3563 sui,
388 3495 419 3550 et
430 3487 556 3568 proinde
566 3486 613 3560 ei,
629 3486 679 3548 cui
693 3485 834 3558 donavit,
851 3485 989 3560 debetur,
1002 3493 1033 3548 et
1047 3505 1118 3549 cum
1132 3485 1223 3550 Missa
1237 3485 1415 3558 celebratur,

146 3579 245 3645 eidem
272 3577 414 3651 obvenit,
440 3575 503 3640 nisi
525 3574 649 3640 donatio
674 3579 841 3638 reuocetur.
860 3609 900 3620 -
921 3573 958 3638 S.
981 3575 1051 3655 Lip.
1076 3595 1107 3635 a.
1135 3577 1204 3638 ³35.
1227 3609 1268 3620 -
1288 3571 1418 3654 Expedit

146 3674 252 3734 umen
276 3665 510 3747 applicationem
533 3663 751 3730 lassessere
778 3667 945 3744 antequam
966 3662 1135 3726 inchoetur.
1160 3663 1244 3738 Quod
1267 3662 1295 3725 si
1315 3662 1348 3724 id
1370 3661 1418 3724 vel

147 3763 220 3822 ante
232 3754 507 3828 consecrationem,
524 3754 573 3818 rel
587 3753 696 3818 saltem
709 3752 743 3816 in
757 3750 981 3820 consecratione
998 3752 1138 3815 secunda
1156 3750 1265 3833 speciei
1276 3750 1418 3815 Sacerdos

147 3864 212 3910 non
239 3844 355 3918 lecerit,
381 3863 444 3908 non
471 3849 570 3924 potest
589 3849 692 3924 postea
712 3839 903 3906 Sacnficium
925 3840 981 3908 ulli
1004 3839 1172 3922 specialiter
1199 3839 1357 3920 applicare.
1378 3873 1419 3886 -

147 3933 183 4000 S.
196 3934 279 4014 Lip,
296 3933 418 3996 itidem.

189 4027 292 4100 Quae.
317 4027 351 4086 2⁰
374 4022 413 4084 Si
434 4021 581 4086 Sacerdos
604 4025 760 4084 immemor
777 4024 893 4102 prioris
916 4021 1092 4082 intentionis
1115 4038 1220 4082 novam
1241 4017 1418 4082 celebrando

149 4111 265 4185 eticae,
282 4131 420 4194 quaenam
430 4111 535 4173 calida
550 4115 662 4172 censeri
676 4109 798 4172 debeat?

190 4201 279 4283 Resp,
293 4221 305 4262 .·
319 4203 355 4262 ln
367 4218 475 4282 genere
489 4197 610 4262 definiri
623 4199 741 4280 nequit.
761 4199 869 4262 Videat
883 4197 1024 4262 Sacerdos
1044 4196 1143 4277 qualis
1159 4197 1291 4262 intentio
1305 4197 1338 4259 in
1352 4197 1417 4277 ejus

150 4295 253 4353 mente
278 4289 505 4370 praedominans
525 4286 629 4350 tuerit.
654 4289 806 4350 Gaemrum
824 4287 858 4348 in
877 4286 966 4367 praxi
981 4286 1068 4366 parri
1088 4285 1193 4360 relert3
1214 4285 1330 4349 etenim
1348 4300 1419 4346 cum

149 4379 301 4442 alterutra
316 4385 396 4440 certo
408 4377 509 4442 valida
523 4374 580 4450 sit,
592 4375 667 4440 satis
681 4375 740 4440 erit
751 4376 813 4439 alia
824 4375 889 4438 uos
903 4379 1030 4438 Sacrum
1044 4373 1073 4436 ei
1087 4375 1245 4456 applicare,
1262 4373 1312 4438 cui
1324 4369 1418 4452 appli-

151 4465 410 4536 alamannam.
