3220 5042
522 261 565 304 on
590 259 825 304 sacaerrruro
851 260 1087 306 rmurrarrrn
1131 291 1134 299 .
1371 249 1441 310 269

215 374 300 454 deep.
318 378 374 434 1⁰:
390 371 587 434 Denuntiatio
606 369 742 433 facienda
760 378 806 434 est
827 389 913 446 voce,
934 371 967 433 in
988 377 1142 452 quantum
1160 372 1227 435 fieri
1248 380 1360 453 potest,
1379 393 1440 438 non

172 479 243 526 vero
257 461 369 540 scripto
381 465 517 522 tantum.
533 460 631 540 Igitur
643 459 755 522 mulier
768 459 928 521 sollicitata
941 459 1046 522 sistere
1059 478 1090 521 εε
1104 460 1192 522 debet
1203 479 1305 524 coram
1315 463 1440 524 Ordina-

171 550 232 624 rio,
250 549 297 612 rel
311 548 509 628 inquisitore,
524 547 622 610 sicubi
638 548 775 610 tribunal
789 548 1004 628 inquisitionis
1018 548 1150 623 exsistit,
1164 555 1196 611 et
1211 555 1315 612 actum
1332 551 1441 613 sollici-

170 637 297 701 tationis
311 637 475 711 declarare,
490 635 568 718 quin
584 641 688 698 tamen
705 635 864 716 proprium
879 654 1076 710 consensum,
1091 637 1117 698 si
1134 655 1227 718 quem
1246 639 1439 718 prostiterit,

169 726 232 789 ullo
246 726 336 788 modo
348 724 518 806 patefaciat.

209 818 243 877 2⁰
265 813 462 878 Denuntiatio
474 813 611 877 iacienda
623 811 802 894 Inquisitori
815 820 876 888 est,
889 813 936 876 vel
947 813 1107 877 Ordinorio
1119 814 1176 877 loci
1187 814 1221 876 in
1234 833 1294 896 quo
1304 819 1442 879 versatur

169 903 338 984 prenitcnS,
354 902 476 965 etiamsi
490 901 697 965 confessarius
712 900 878 964 sollicitans
890 903 929 964 ad
944 901 1037 964 aliam
1050 903 1206 966 dioecesim
1218 904 1378 984 pertineat.
1395 906 1442 967 dd

170 993 228 1054 loci
246 990 330 1053 enim
346 990 560 1066 ordinarium,
577 991 624 1053 rel
642 989 859 1070 Inquisitorem
874 990 1009 1071 pertinet
1024 991 1158 1072 excipere
1170 995 1309 1073 Juratam
1322 993 1442 1056 denun-

171 1079 348 1154 tiationem,
362 1097 491 1159 eamque
504 1081 543 1141 ad
560 1079 743 1160 Episcopum
758 1078 926 1140 Sacerdotis
940 1079 984 1140 rai
1002 1079 1220 1143 transmittere.

212 1173 244 1232 3⁰
265 1169 296 1230 Si
311 1168 505 1232 denuntiatio
518 1186 588 1230 voce
600 1167 665 1229 fieri
676 1185 739 1229 non
752 1166 861 1248 possit,
876 1166 1011 1230 facienda
1025 1171 1070 1229 εει
1080 1186 1134 1248 per
1148 1169 1308 1249 epistolam
1322 1171 1442 1251 proprio

172 1256 297 1321 nomine
311 1263 341 1319 et
356 1256 534 1336 cognomine
549 1255 770 1336 subscriptam,
784 1263 839 1319 aut
854 1256 962 1318 saltem
976 1275 1029 1337 per
1042 1255 1281 1321 internuntium.
1293 1259 1442 1339 Obligatio

170 1345 256 1409 enirn
272 1345 476 1408 denuntiandi
492 1344 705 1407 sollicitantem
720 1364 780 1407 non
798 1349 844 1407 εει
860 1351 925 1407 tam
940 1344 1072 1408 adeundi
1090 1346 1288 1425 personaliter
1302 1349 1442 1428 Superio-

171 1451 253 1510 rem,
269 1451 363 1516 mam
381 1433 408 1496 ci
427 1432 657 1513 delinquentem
671 1433 838 1508 deferendi,
856 1437 891 1496 ut
904 1435 1015 1496 Bened.
1034 1436 1101 1496 XIV
1117 1433 1151 1496 in
1171 1453 1226 1496 sua
1244 1436 1332 1499 Bulla
1345 1436 1442 1517 loqui-

172 1529 234 1585 tur.
251 1522 310 1598 Qui
326 1527 431 1585 autem
446 1528 568 1584 tenetur
582 1523 621 1584 ad
635 1523 743 1596 finem,
760 1524 798 1584 ad
815 1522 916 1584 media
932 1541 1052 1603 quoque
1067 1529 1198 1585 tenetur.

211 1617 245 1674 ιθ
266 1610 475 1673 Confessarius
494 1615 597 1672 tamen
615 1628 678 1672 non
695 1616 817 1673 tenetur
833 1630 911 1672 onus
930 1610 1171 1673 denuntiationis
1190 1613 1228 1674 ad
1245 1613 1443 1676 ordinarium

174 1697 417 1760 transmittendae
432 1697 600 1778 suscipere;
618 1698 670 1759 sed
690 1697 812 1760 muneri
830 1717 885 1760 suo
899 1697 1046 1760 satisfacit
1061 1699 1212 1761 monendo
1227 1701 1441 1780 poenitentem,

173 1793 211 1848 ut
225 1791 394 1866 opportuno
413 1791 547 1865 tempore
569 1785 780 1848 sollicitantem
800 1786 859 1848 rita
877 1784 1049 1847 denuntiet.
1068 1786 1181 1848 Poterit
1198 1791 1303 1849 tamen
1322 1805 1443 1868 operam

175 1889 265 1935 suam
279 1877 437 1954 praestare,
455 1872 481 1933 si
495 1873 646 1935 censuerit
660 1873 692 1935 id
707 1873 860 1952 expedire;
873 1874 925 1936 sed
939 1873 982 1934 rei
999 1873 1110 1935 notitia
1124 1880 1210 1935 extra
1227 1873 1444 1938 confessionem

174 1960 347 2041 accipienda
361 1967 418 2022 εει.
433 1995 472 2006 -
489 1962 524 2024 S.
540 1963 609 2043 Lip.
627 1981 657 2022 n.
674 1965 745 2025 699.
869 1965 873 1974 '

214 2052 246 2112 5⁰
267 2049 299 2113 Si
313 2067 441 2130 persona
455 2049 616 2112 sollicitata
632 2051 715 2112 nullo
729 2051 819 2113 modo
833 2050 938 2140 induci
952 2049 1048 2131 possit
1062 2051 1101 2112 ad
1112 2051 1378 2114 denuntiationem
1391 2054 1443 2114 tali

173 2139 271 2200 forma
291 2139 509 2218 peragendam,
532 2139 605 2219 quia
625 2157 735 2220 nempe
756 2138 866 2201 timore
884 2139 931 2200 rel
950 2139 1148 2220 insuperabili
1171 2139 1279 2202 rubore
1300 2139 1442 2215 allicitur,

172 2226 256 2290 sinat
271 2245 306 2288 ea
326 2225 363 2288 de
377 2245 409 2288 re
425 2226 543 2289 moneri
558 2225 757 2308 Episcopum,
773 2227 828 2307 qui
848 2227 982 2307 delegare
995 2227 1109 2308 poterit
1122 2227 1256 2308 aliquem
1274 2229 1312 2290 ad
1326 2230 1444 2292 denun-

172 2315 333 2377 tiationem
355 2314 572 2395 accipiendam.
597 2319 666 2378 Haec
689 2314 815 2378 facultas
834 2315 988 2397 Episcopis
1012 2321 1042 2377 ct
1065 2315 1321 2398 Inquisitoribus,
1343 2337 1379 2380 ex
1399 2320 1446 2380 ln-

170 2403 258 2466 dulto
271 2403 307 2465 S.
322 2402 436 2485 Conpr.
454 2403 574 2486 laquis.
591 2405 627 2466 de
646 2422 796 2466 consensu
812 2404 981 2480 PontifioiS,
1000 2403 1079 2466 facta
1100 2410 1156 2467 est.
1180 2406 1321 2468 Sacerdos
1340 2413 1445 2469 autem

172 2493 327 2572 delegatus
343 2495 559 2573 juramentum
579 2498 721 2574 praestare
746 2493 835 2556 debet
853 2493 890 2555 de
909 2491 1031 2556 silentio
1049 2494 1198 2556 servando
1216 2497 1247 2556 ει
1264 2494 1300 2556 de
1317 2513 1445 2558 munere

172 2579 233 2642 sibi
259 2581 421 2644 commisso
449 2581 578 2644 fideliter
605 2581 809 2663 adimplendo.
838 2617 878 2628 -
905 2581 1067 2643 Decretum
1098 2581 1134 2643 S.
1163 2581 1278 2664 Coopr.
1308 2583 1443 2667 laquie,

173 2671 211 2729 ar
231 2669 382 2747 Septemb.
400 2673 489 2731 rear.

213 2758 247 2816 6⁰
268 2757 303 2816 ln
323 2755 408 2817 omni
432 2775 504 2818 casu
524 2756 718 2820 demmtiatio
741 2757 819 2820 iacta
842 2777 894 2839 per
913 2758 1029 2820 litteras
1055 2769 1225 2839 anonymas
1248 2765 1295 2820 est
1319 2761 1446 2823 omnino

174 2839 361 2904 insufficiens
375 2847 406 2904 ει
419 2861 542 2922 prorsus
556 2843 709 2918 invalida,
728 2845 852 2926 perinde
868 2863 902 2907 ac
919 2846 945 2907 si
960 2864 1021 2908 non
1041 2845 1119 2908 tacta
1137 2844 1260 2919 luisset,
1281 2852 1318 2908 ut
1331 2848 1446 2926 pluries

174 2929 339 2992 declaravit
364 2929 400 2992 S.
426 2929 537 3011 Cortpr.
559 2930 678 3011 loquis.
705 2967 745 2978 -
772 2931 841 2994 Vid.
867 2933 1016 2996 Aoolccto
1042 2934 1129 2995 luris
1147 2933 1316 3016 pontificii,
1343 2953 1446 2999 mense

174 3017 327 3098 Septemb.
346 3021 439 3093 1855,
457 3024 513 3079 etc.
530 3023 586 3080 etc.

216 3110 249 3168 '1⁰
270 3105 410 3170 Mulieres
425 3104 591 3169 sollicitatae
606 3107 644 3168 ad
658 3106 922 3171 denuntiationem
939 3127 1000 3171 non
1015 3113 1169 3186 tenentur,
1187 3111 1213 3173 si
1228 3110 1444 3192 Inquisitorem

174 3194 223 3257 vel
242 3193 398 3275 Episcopi,
415 3201 470 3256 aut
488 3211 595 3256 eorum
614 3193 743 3270 Vicarii,
759 3195 794 3258 in
812 3197 987 3278 longinquis
1006 3197 1182 3277 regionibus
1202 3200 1361 3278 degendae,
1381 3199 1446 3262 sine

174 3281 260 3362 gravi
272 3283 467 3346 incommodo
482 3280 561 3345 adiri
576 3289 738 3362 nequeant.
751 3287 881 3358 Verum,
896 3291 1031 3348 cessante
1042 3285 1278 3367 impedimento,
1292 3305 1322 3349 v.
1340 3305 1398 3368 gr„
1412 3287 1447 3350 in

174 3371 316 3452 Episcopi
340 3371 532 3446 visitatione,
552 3370 694 3450 obligatio
716 3371 959 3436 denuntiationis
982 3375 1118 3454 urgenda
1139 3380 1196 3437 εει.
1216 3374 1264 3438 Sic
1284 3375 1448 3438 declaravit

175 3459 211 3522 S.
224 3458 338 3542 Conpr.
353 3459 388 3524 S.
404 3458 520 3542 Officii,
534 3463 574 3522 SE
584 3461 651 3522 lan.
666 3465 755 3523 1727.

694 3681 870 3757 CAPUT
898 3681 937 3756 ll
1063 3755 1068 3768 .

577 3860 628 3911 nn
658 3860 824 3913 orrrcro
856 3862 1046 3914 urrrrsrnr

330 3952 366 4024 1ο
392 3975 433 4026 ru
459 3975 762 4048 cournssrorrn,
791 3953 1296 4029 2⁰P08TO0NF135810NEM

692 4163 905 4228 ARTICULUS
925 4165 938 4226 l

510 4306 548 4350 or
569 4305 681 4350 cancro
704 4307 841 4354 morarer
862 4309 894 4353 ru
916 4309 1111 4370 corrnssrorp

217 4435 244 4493 A
248 4398 386 4515 pendam
400 4439 430 4496 l·
447 4433 485 4497 de
503 4435 686 4499 muneribus
703 4436 884 4500 confessarii
903 4437 937 4500 in
955 4455 1077 4519 gencre3
1093 4475 1134 4486 -
1149 4442 1183 4502 2⁰
1199 4437 1235 4502 de
1253 4441 1319 4520 ejus
1338 4433 1447 4516 agendi

178 4521 295 4585 ratione
309 4539 379 4586 cum
393 4521 487 4585 variis
501 4523 719 4604 poenitentium
734 4525 905 4605 generibus.
