<?xml version="1.0" encoding="UTF-8"?>
<!DOCTYPE html PUBLIC "-//W3C//DTD XHTML 1.0 Transitional//EN"
    "http://www.w3.org/TR/xhtml1/DTD/xhtml1-transitional.dtd">
<html xmlns="http://www.w3.org/1999/xhtml" xml:lang="en" lang="en">
 <head>
  <title>
</title>
<meta http-equiv="Content-Type" content="text/html;charset=utf-8" />
  <meta name='ocr-system' content='tesseract 3.04.00' />
  <meta name='ocr-capabilities' content='ocr_page ocr_carea ocr_par ocr_line ocrx_word'/>
</head>
<body>
  <div class='ocr_page' id='page_1' title='image "./compendiumtheol03gurygoog_0233.png"; bbox 0 0 3220 5042; ppageno 0'>
   <div class='ocr_carea' id='block_1_1' title="bbox 144 220 883 282">
    <p class='ocr_par' dir='ltr' id='par_1_1' title="bbox 144 220 883 282">
     <span class='ocr_line' id='line_1_1' title="bbox 144 220 883 282; baseline 0 -2"><span class='ocrx_word' id='word_1_1' title='bbox 144 220 213 282; x_wconf 76' lang='lat'><strong>220</strong></span> <span class='ocrx_word' id='word_1_2' title='bbox 677 234 883 282; x_wconf 74' lang='lat' dir='ltr'><strong>reserares</strong></span> 
     </span>
    </p>
   </div>
   <div class='ocr_carea' id='block_1_2' title="bbox 143 343 1424 3437">
    <p class='ocr_par' dir='ltr' id='par_1_2' title="bbox 143 343 1417 605">
     <span class='ocr_line' id='line_1_2' title="bbox 145 343 1416 428; baseline 0.001 -20"><span class='ocrx_word' id='word_1_3' title='bbox 145 344 227 428; x_wconf 91' lang='lat' dir='ltr'><strong>quod</strong></span> <span class='ocrx_word' id='word_1_4' title='bbox 239 343 351 407; x_wconf 87' lang='lat' dir='ltr'><strong>habere</strong></span> <span class='ocrx_word' id='word_1_5' title='bbox 363 351 481 426; x_wconf 88' lang='lat' dir='ltr'><strong>poterat</strong></span> <span class='ocrx_word' id='word_1_6' title='bbox 493 345 575 426; x_wconf 91' lang='lat' dir='ltr'><strong>apud</strong></span> <span class='ocrx_word' id='word_1_7' title='bbox 585 343 825 421; x_wconf 75' lang='lat' dir='ltr'><strong>confessarium,</strong></span> <span class='ocrx_word' id='word_1_8' title='bbox 839 346 872 408; x_wconf 94' lang='lat' dir='ltr'><strong>in</strong></span> <span class='ocrx_word' id='word_1_9' title='bbox 887 345 993 408; x_wconf 83' lang='lat' dir='ltr'><strong>ordine</strong></span> <span class='ocrx_word' id='word_1_10' title='bbox 1006 345 1046 407; x_wconf 88' lang='lat' dir='ltr'><strong>ad</strong></span> <span class='ocrx_word' id='word_1_11' title='bbox 1059 345 1277 408; x_wconf 87' lang='lat' dir='ltr'><strong>confessionem</strong></span> <span class='ocrx_word' id='word_1_12' title='bbox 1288 345 1416 427; x_wconf 89' lang='lat' dir='ltr'><strong>hujusce</strong></span> 
     </span>
     <span class='ocr_line' id='line_1_3' title="bbox 144 433 1417 516; baseline 0.002 -20"><span class='ocrx_word' id='word_1_13' title='bbox 144 433 273 516; x_wconf 76' lang='lat' dir='ltr'><strong>pcccati3</strong></span> <span class='ocrx_word' id='word_1_14' title='bbox 294 439 326 496; x_wconf 92' lang='lat' dir='ltr'><strong>et</strong></span> <span class='ocrx_word' id='word_1_15' title='bbox 345 433 410 515; x_wconf 90' lang='lat' dir='ltr'><strong>ipse</strong></span> <span class='ocrx_word' id='word_1_16' title='bbox 429 433 576 514; x_wconf 90' lang='lat' dir='ltr'><strong>implicite</strong></span> <span class='ocrx_word' id='word_1_17' title='bbox 599 433 672 496; x_wconf 90' lang='lat' dir='ltr'><strong>huic</strong></span> <span class='ocrx_word' id='word_1_18' title='bbox 692 433 780 498; x_wconf 89' lang='lat' dir='ltr'><strong>fame</strong></span> <span class='ocrx_word' id='word_1_19' title='bbox 801 433 986 498; x_wconf 90' lang='lat' dir='ltr'><strong>detrimento</strong></span> <span class='ocrx_word' id='word_1_20' title='bbox 1009 434 1089 497; x_wconf 89' lang='lat' dir='ltr'><strong>ultro</strong></span> <span class='ocrx_word' id='word_1_21' title='bbox 1107 434 1275 510; x_wconf 78' lang='lat' dir='ltr'><strong>consentit,</strong></span> <span class='ocrx_word' id='word_1_22' title='bbox 1294 435 1417 516; x_wconf 89' lang='lat' dir='ltr'><strong>quando</strong></span> 
     </span>
     <span class='ocr_line' id='line_1_4' title="bbox 143 521 1021 605; baseline 0.001 -21"><span class='ocrx_word' id='word_1_23' title='bbox 143 527 256 605; x_wconf 86' lang='lat' dir='ltr'><strong>peccat.</strong></span> <span class='ocrx_word' id='word_1_24' title='bbox 270 557 310 567; x_wconf 91' lang='lat'><em>-</em></span> <span class='ocrx_word' id='word_1_25' title='bbox 325 521 361 584; x_wconf 90' lang='lat' dir='ltr'><strong>S.</strong></span> <span class='ocrx_word' id='word_1_26' title='bbox 375 521 459 604; x_wconf 68' lang='lat' dir='ltr'><strong>La&#39;q„</strong></span> <span class='ocrx_word' id='word_1_27' title='bbox 476 543 506 583; x_wconf 91' lang='lat' dir='ltr'><strong>n.</strong></span> <span class='ocrx_word' id='word_1_28' title='bbox 521 525 595 597; x_wconf 78' lang='lat' dir='ltr'><strong>tec,</strong></span> <span class='ocrx_word' id='word_1_29' title='bbox 612 539 684 585; x_wconf 93' lang='lat' dir='ltr'><strong>cum</strong></span> <span class='ocrx_word' id='word_1_30' title='bbox 697 522 768 585; x_wconf 81' lang='lat' dir='ltr'><strong>eliis</strong></span> <span class='ocrx_word' id='word_1_31' title='bbox 782 521 897 585; x_wconf 80' lang='lat' dir='ltr'><strong>multis.</strong></span> <span class='ocrx_word' id='word_1_32' title='bbox 1018 593 1021 600; x_wconf 29' lang='lat'>¹</span> 
     </span>
    </p>

    <p class='ocr_par' dir='ltr' id='par_1_3' title="bbox 144 609 1418 1133">
     <span class='ocr_line' id='line_1_5' title="bbox 185 609 1418 693; baseline 0.001 -20"><span class='ocrx_word' id='word_1_33' title='bbox 185 609 255 673; x_wconf 77' lang='lat' dir='ltr'><strong>Atti</strong></span> <span class='ocrx_word' id='word_1_34' title='bbox 266 617 385 685; x_wconf 84' lang='lat' dir='ltr'><strong>tamen,</strong></span> <span class='ocrx_word' id='word_1_35' title='bbox 395 611 602 693; x_wconf 78' lang='lat' dir='ltr'><strong>probabiliter</strong></span> <span class='ocrx_word' id='word_1_36' title='bbox 615 621 738 692; x_wconf 71' lang='lat' dir='ltr'><strong>negent,</strong></span> <span class='ocrx_word' id='word_1_37' title='bbox 750 612 890 674; x_wconf 82' lang='lat' dir='ltr'><strong>docentes</strong></span> <span class='ocrx_word' id='word_1_38' title='bbox 904 609 1001 674; x_wconf 78' lang='lat' dir='ltr'><strong>adum</strong></span> <span class='ocrx_word' id='word_1_39' title='bbox 1015 610 1255 687; x_wconf 80' lang='lat' dir='ltr'><strong>confessarium,</strong></span> <span class='ocrx_word' id='word_1_40' title='bbox 1270 611 1325 693; x_wconf 91' lang='lat' dir='ltr'><strong>qui</strong></span> <span class='ocrx_word' id='word_1_41' title='bbox 1336 624 1418 674; x_wconf 86' lang='lat' dir='ltr'><strong>com·</strong></span> 
     </span>
     <span class='ocr_line' id='line_1_6' title="bbox 144 698 1417 782; baseline 0.001 -21"><span class='ocrx_word' id='word_1_42' title='bbox 144 698 254 782; x_wconf 90' lang='lat' dir='ltr'><strong>plicem</strong></span> <span class='ocrx_word' id='word_1_43' title='bbox 270 717 332 762; x_wconf 90' lang='lat' dir='ltr'><strong>non</strong></span> <span class='ocrx_word' id='word_1_44' title='bbox 349 704 519 779; x_wconf 89' lang='lat' dir='ltr'><strong>cognoscat,</strong></span> <span class='ocrx_word' id='word_1_45' title='bbox 533 701 733 782; x_wconf 90' lang='lat' dir='ltr'><strong>querendum</strong></span> <span class='ocrx_word' id='word_1_46' title='bbox 747 718 812 762; x_wconf 89' lang='lat' dir='ltr'><strong>esse</strong></span> <span class='ocrx_word' id='word_1_47' title='bbox 826 700 923 780; x_wconf 90' lang='lat' dir='ltr'><strong>(quod</strong></span> <span class='ocrx_word' id='word_1_48' title='bbox 938 700 975 762; x_wconf 91' lang='lat' dir='ltr'><strong>de</strong></span> <span class='ocrx_word' id='word_1_49' title='bbox 989 703 1095 764; x_wconf 86' lang='lat' dir='ltr'><strong>cetero</strong></span> <span class='ocrx_word' id='word_1_50' title='bbox 1109 699 1278 780; x_wconf 89' lang='lat' dir='ltr'><strong>etquidem</strong></span> <span class='ocrx_word' id='word_1_51' title='bbox 1292 719 1328 762; x_wconf 83' lang='lat' dir='ltr'><strong>ex</strong></span> <span class='ocrx_word' id='word_1_52' title='bbox 1341 699 1417 762; x_wconf 90' lang='lat' dir='ltr'><strong>obli·</strong></span> 
     </span>
     <span class='ocr_line' id='line_1_7' title="bbox 146 785 1416 869; baseline 0.001 -20"><span class='ocrx_word' id='word_1_53' title='bbox 146 785 532 868; x_wconf 86' lang='lat' dir='ltr'><strong>gaticneessefaciendum,</strong></span> <span class='ocrx_word' id='word_1_54' title='bbox 543 785 755 851; x_wconf 84' lang='lat' dir='ltr'><strong>docentetiam</strong></span> <span class='ocrx_word' id='word_1_55' title='bbox 767 788 974 851; x_wconf 88' lang='lat' dir='ltr'><strong>communiter</strong></span> <span class='ocrx_word' id='word_1_56' title='bbox 982 786 1094 869; x_wconf 88' lang='lat' dir='ltr'><strong>prioris</strong></span> <span class='ocrx_word' id='word_1_57' title='bbox 1103 788 1264 851; x_wconf 88' lang='lat' dir='ltr'><strong>sententie</strong></span> <span class='ocrx_word' id='word_1_58' title='bbox 1271 787 1416 869; x_wconf 89' lang='lat' dir='ltr'><strong>patroni);</strong></span> 
     </span>
     <span class='ocr_line' id='line_1_8' title="bbox 146 875 1418 960; baseline 0 -22"><span class='ocrx_word' id='word_1_59' title='bbox 146 880 176 939; x_wconf 88' lang='lat' dir='ltr'><strong>et</strong></span> <span class='ocrx_word' id='word_1_60' title='bbox 191 875 219 938; x_wconf 89' lang='lat' dir='ltr'><strong>si</strong></span> <span class='ocrx_word' id='word_1_61' title='bbox 234 875 340 938; x_wconf 88' lang='lat' dir='ltr'><strong>haberi</strong></span> <span class='ocrx_word' id='word_1_62' title='bbox 360 883 506 957; x_wconf 88' lang='lat' dir='ltr'><strong>nequeat,</strong></span> <span class='ocrx_word' id='word_1_63' title='bbox 524 895 625 958; x_wconf 88' lang='lat' dir='ltr'><strong>posse,</strong></span> <span class='ocrx_word' id='word_1_64' title='bbox 639 876 702 940; x_wconf 91' lang='lat' dir='ltr'><strong>imo</strong></span> <span class='ocrx_word' id='word_1_65' title='bbox 723 877 845 952; x_wconf 89' lang='lat' dir='ltr'><strong>debere,</strong></span> <span class='ocrx_word' id='word_1_66' title='bbox 857 880 949 958; x_wconf 84' lang='lat' dir='ltr'><strong>juxta</strong></span> <span class='ocrx_word' id='word_1_67' title='bbox 966 876 1083 960; x_wconf 89' lang='lat' dir='ltr'><strong>plures,</strong></span> <span class='ocrx_word' id='word_1_68' title='bbox 1097 875 1202 940; x_wconf 90' lang='lat' dir='ltr'><strong>omitti</strong></span> <span class='ocrx_word' id='word_1_69' title='bbox 1217 877 1418 940; x_wconf 87' lang='lat' dir='ltr'><strong>circumstan-</strong></span> 
     </span>
     <span class='ocr_line' id='line_1_9' title="bbox 146 961 1418 1046; baseline 0 -20"><span class='ocrx_word' id='word_1_70' title='bbox 146 961 240 1039; x_wconf 88' lang='lat' dir='ltr'><strong>tiam,</strong></span> <span class='ocrx_word' id='word_1_71' title='bbox 254 983 292 1026; x_wconf 88' lang='lat' dir='ltr'><strong>ex</strong></span> <span class='ocrx_word' id='word_1_72' title='bbox 306 982 367 1045; x_wconf 87' lang='lat' dir='ltr'><strong>qua</strong></span> <span class='ocrx_word' id='word_1_73' title='bbox 380 966 516 1046; x_wconf 77' lang='lat' dir='ltr'>complex</span> <span class='ocrx_word' id='word_1_74' title='bbox 532 966 732 1046; x_wconf 72' lang='lat' dir='ltr'><strong>detegeretur,</strong></span> <span class='ocrx_word' id='word_1_75' title='bbox 749 965 843 1028; x_wconf 92' lang='lat' dir='ltr'><strong>donec</strong></span> <span class='ocrx_word' id='word_1_76' title='bbox 859 964 938 1028; x_wconf 84' lang='lat' dir='ltr'><strong>alius</strong></span> <span class='ocrx_word' id='word_1_77' title='bbox 954 963 1161 1028; x_wconf 79' lang='lat' dir='ltr'><strong>confessarius</strong></span> <span class='ocrx_word' id='word_1_78' title='bbox 1175 963 1365 1028; x_wconf 89' lang='lat' dir='ltr'><strong>inveniatur.</strong></span> <span class='ocrx_word' id='word_1_79' title='bbox 1378 1000 1418 1010; x_wconf 93' lang='lat'><em>-</em></span> 
     </span>
     <span class='ocr_line' id='line_1_10' title="bbox 146 1051 902 1133; baseline 0.001 -18"><span class='ocrx_word' id='word_1_80' title='bbox 146 1052 199 1126; x_wconf 79' lang='lat' dir='ltr'><strong>Ito</strong></span> <span class='ocrx_word' id='word_1_81' title='bbox 212 1051 329 1127; x_wconf 81' lang='lat' dir='ltr'><strong>Dione,</strong></span> <span class='ocrx_word' id='word_1_82' title='bbox 345 1053 493 1131; x_wconf 68' lang='lat' dir='ltr'><strong>Nevorr„</strong></span> <span class='ocrx_word' id='word_1_83' title='bbox 508 1053 675 1133; x_wconf 81' lang='lat' dir='ltr'><strong>Mozzctta,</strong></span> <span class='ocrx_word' id='word_1_84' title='bbox 691 1052 828 1125; x_wconf 71' lang='lat' dir='ltr'><strong>Medaba,</strong></span> <span class='ocrx_word' id='word_1_85' title='bbox 845 1059 902 1116; x_wconf 87' lang='lat' dir='ltr'><strong>eto.</strong></span> 
     </span>
    </p>

    <p class='ocr_par' dir='ltr' id='par_1_4' title="bbox 148 1141 1421 1313">
     <span class='ocr_line' id='line_1_11' title="bbox 187 1141 1421 1224; baseline -0.002 -18"><span class='ocrx_word' id='word_1_86' title='bbox 187 1145 257 1206; x_wconf 76' lang='lat'><strong>500.</strong></span> <span class='ocrx_word' id='word_1_87' title='bbox 272 1175 313 1189; x_wconf 90' lang='grc'>-</span> <span class='ocrx_word' id='word_1_88' title='bbox 326 1145 429 1219; x_wconf 68' lang='lat' dir='ltr'><strong>Quen.</strong></span> <span class='ocrx_word' id='word_1_89' title='bbox 445 1147 476 1206; x_wconf 69' lang='lat'><strong>2⁶</strong></span> <span class='ocrx_word' id='word_1_90' title='bbox 493 1143 635 1219; x_wconf 78' lang='lat' dir='ltr'><strong>(lucenam</strong></span> <span class='ocrx_word' id='word_1_91' title='bbox 653 1144 715 1204; x_wconf 82' lang='lat' dir='ltr'><strong>sint</strong></span> <span class='ocrx_word' id='word_1_92' title='bbox 733 1161 829 1206; x_wconf 78' lang='lat' dir='ltr'><strong>cenare</strong></span> <span class='ocrx_word' id='word_1_93' title='bbox 849 1152 1023 1204; x_wconf 76' lang='lat' dir='ltr'><strong>caecantes</strong></span> <span class='ocrx_word' id='word_1_94' title='bbox 1039 1163 1059 1202; x_wconf 91' lang='lat' dir='ltr'><strong>o</strong></span> <span class='ocrx_word' id='word_1_95' title='bbox 1076 1141 1237 1224; x_wconf 76' lang='lat' dir='ltr'><strong>querendo</strong></span> <span class='ocrx_word' id='word_1_96' title='bbox 1258 1142 1319 1204; x_wconf 78' lang='lat' dir='ltr'><strong>olio</strong></span> <span class='ocrx_word' id='word_1_97' title='bbox 1339 1141 1421 1207; x_wconf 86' lang='lat' dir='ltr'><strong>Con-</strong></span> 
     </span>
     <span class='ocr_line' id='line_1_12' title="bbox 148 1230 721 1313; baseline 0.002 -22"><span class='ocrx_word' id='word_1_98' title='bbox 148 1230 291 1310; x_wconf 80' lang='lat' dir='ltr'><strong>fesscrio,</strong></span> <span class='ocrx_word' id='word_1_99' title='bbox 310 1234 360 1292; x_wconf 80' lang='lat' dir='ltr'><strong>cai</strong></span> <span class='ocrx_word' id='word_1_100' title='bbox 373 1232 562 1313; x_wconf 77' lang='lat' dir='ltr'><strong>complectit</strong></span> <span class='ocrx_word' id='word_1_101' title='bbox 577 1232 721 1313; x_wconf 66' lang='lat' dir='ltr'><strong>ignotast</strong></span> 
     </span>
    </p>

    <p class='ocr_par' dir='ltr' id='par_1_5' title="bbox 148 1318 1420 1932">
     <span class='ocr_line' id='line_1_13' title="bbox 188 1318 1420 1402; baseline 0.002 -22"><span class='ocrx_word' id='word_1_102' title='bbox 188 1319 277 1402; x_wconf 74' lang='lat' dir='ltr'><strong>resp.</strong></span> <span class='ocrx_word' id='word_1_103' title='bbox 299 1324 351 1381; x_wconf 81' lang='lat'><strong>1⁰:</strong></span> <span class='ocrx_word' id='word_1_104' title='bbox 367 1319 399 1383; x_wconf 90' lang='lat' dir='ltr'><strong>Si</strong></span> <span class='ocrx_word' id='word_1_105' title='bbox 418 1326 524 1399; x_wconf 88' lang='lat' dir='ltr'><strong>urgeat</strong></span> <span class='ocrx_word' id='word_1_106' title='bbox 544 1320 714 1400; x_wconf 89' lang='lat' dir='ltr'><strong>periculum</strong></span> <span class='ocrx_word' id='word_1_107' title='bbox 734 1319 863 1394; x_wconf 89' lang='lat' dir='ltr'><strong>mortis,</strong></span> <span class='ocrx_word' id='word_1_108' title='bbox 886 1325 941 1382; x_wconf 91' lang='lat' dir='ltr'><strong>aut</strong></span> <span class='ocrx_word' id='word_1_109' title='bbox 965 1326 1150 1402; x_wconf 71' lang='lat' dir='ltr'><strong>preceptum</strong></span> <span class='ocrx_word' id='word_1_110' title='bbox 1169 1335 1281 1382; x_wconf 87' lang='lat' dir='ltr'><strong>annue</strong></span> <span class='ocrx_word' id='word_1_111' title='bbox 1304 1318 1420 1382; x_wconf 86' lang='lat' dir='ltr'><strong>confes·</strong></span> 
     </span>
     <span class='ocr_line' id='line_1_14' title="bbox 149 1405 1420 1488; baseline 0.002 -20"><span class='ocrx_word' id='word_1_112' title='bbox 149 1405 259 1481; x_wconf 88' lang='lat' dir='ltr'><strong>sionis;</strong></span> <span class='ocrx_word' id='word_1_113' title='bbox 283 1410 317 1470; x_wconf 68' lang='lat'><strong>2⁰</strong></span> <span class='ocrx_word' id='word_1_114' title='bbox 346 1407 372 1469; x_wconf 92' lang='lat' dir='ltr'><strong>si</strong></span> <span class='ocrx_word' id='word_1_115' title='bbox 396 1425 487 1487; x_wconf 86' lang='lat' dir='ltr'><strong>grave</strong></span> <span class='ocrx_word' id='word_1_116' title='bbox 516 1408 558 1470; x_wconf 92' lang='lat' dir='ltr'><strong>sit</strong></span> <span class='ocrx_word' id='word_1_117' title='bbox 581 1407 745 1488; x_wconf 84' lang='lat' dir='ltr'><strong>penitenti</strong></span> <span class='ocrx_word' id='word_1_118' title='bbox 762 1407 904 1470; x_wconf 89' lang='lat' dir='ltr'><strong>omittere</strong></span> <span class='ocrx_word' id='word_1_119' title='bbox 918 1405 1137 1472; x_wconf 89' lang='lat' dir='ltr'><strong>confessionem</strong></span> <span class='ocrx_word' id='word_1_120' title='bbox 1157 1412 1211 1471; x_wconf 89' lang='lat' dir='ltr'><strong>aut</strong></span> <span class='ocrx_word' id='word_1_121' title='bbox 1229 1408 1420 1470; x_wconf 89' lang='lat' dir='ltr'><strong>communio-</strong></span> 
     </span>
     <span class='ocr_line' id='line_1_15' title="bbox 148 1493 1419 1577; baseline 0.002 -21"><span class='ocrx_word' id='word_1_122' title='bbox 148 1511 236 1570; x_wconf 90' lang='lat' dir='ltr'><strong>nem;</strong></span> <span class='ocrx_word' id='word_1_123' title='bbox 251 1499 284 1558; x_wconf 85' lang='grc'><strong>30</strong></span> <span class='ocrx_word' id='word_1_124' title='bbox 308 1495 335 1557; x_wconf 88' lang='lat' dir='ltr'><strong>si</strong></span> <span class='ocrx_word' id='word_1_125' title='bbox 353 1495 422 1576; x_wconf 91' lang='lat' dir='ltr'><strong>quis</strong></span> <span class='ocrx_word' id='word_1_126' title='bbox 444 1493 605 1559; x_wconf 89' lang='lat' dir='ltr'><strong>difficulter</strong></span> <span class='ocrx_word' id='word_1_127' title='bbox 623 1496 710 1558; x_wconf 88' lang='lat' dir='ltr'><strong>alteri</strong></span> <span class='ocrx_word' id='word_1_128' title='bbox 732 1495 918 1559; x_wconf 82' lang='lat' dir='ltr'><strong>Confessario</strong></span> <span class='ocrx_word' id='word_1_129' title='bbox 936 1494 1153 1560; x_wconf 79' lang='lat' dir='ltr'><strong>conscientiam</strong></span> <span class='ocrx_word' id='word_1_130' title='bbox 1171 1496 1317 1577; x_wconf 89' lang='lat' dir='ltr'><strong>aperirst;</strong></span> <span class='ocrx_word' id='word_1_131' title='bbox 1337 1501 1370 1559; x_wconf 84' lang='lat' dir='ltr'><strong>t⁰</strong></span> <span class='ocrx_word' id='word_1_132' title='bbox 1391 1495 1419 1558; x_wconf 91' lang='lat' dir='ltr'><strong>si</strong></span> 
     </span>
     <span class='ocr_line' id='line_1_16' title="bbox 149 1582 1420 1667; baseline 0.002 -23"><span class='ocrx_word' id='word_1_133' title='bbox 149 1582 220 1664; x_wconf 93' lang='lat' dir='ltr'><strong>quis</strong></span> <span class='ocrx_word' id='word_1_134' title='bbox 236 1601 321 1646; x_wconf 89' lang='lat' dir='ltr'><strong>secus</strong></span> <span class='ocrx_word' id='word_1_135' title='bbox 337 1583 372 1646; x_wconf 92' lang='lat' dir='ltr'><strong>in</strong></span> <span class='ocrx_word' id='word_1_136' title='bbox 392 1591 512 1664; x_wconf 83' lang='lat' dir='ltr'><strong>peccate</strong></span> <span class='ocrx_word' id='word_1_137' title='bbox 530 1584 625 1648; x_wconf 89' lang='lat' dir='ltr'><strong>etiam</strong></span> <span class='ocrx_word' id='word_1_138' title='bbox 643 1603 696 1666; x_wconf 88' lang='lat' dir='ltr'><strong>per</strong></span> <span class='ocrx_word' id='word_1_139' title='bbox 714 1603 809 1647; x_wconf 87' lang='lat' dir='ltr'><strong>unam</strong></span> <span class='ocrx_word' id='word_1_140' title='bbox 828 1584 911 1647; x_wconf 89' lang='lat' dir='ltr'><strong>diem</strong></span> <span class='ocrx_word' id='word_1_141' title='bbox 930 1601 1087 1648; x_wconf 89' lang='lat' dir='ltr'><strong>remanere</strong></span> <span class='ocrx_word' id='word_1_142' title='bbox 1100 1585 1235 1661; x_wconf 88' lang='lat' dir='ltr'><strong>deberet;</strong></span> <span class='ocrx_word' id='word_1_143' title='bbox 1253 1587 1286 1649; x_wconf 80' lang='grc'><strong>50</strong></span> <span class='ocrx_word' id='word_1_144' title='bbox 1306 1583 1420 1667; x_wconf 84' lang='lat' dir='ltr'><strong>siquis</strong></span> 
     </span>
     <span class='ocr_line' id='line_1_17' title="bbox 149 1669 1420 1755; baseline 0.003 -23"><span class='ocrx_word' id='word_1_145' title='bbox 149 1669 224 1732; x_wconf 87' lang='lat' dir='ltr'><strong>alias</strong></span> <span class='ocrx_word' id='word_1_146' title='bbox 246 1671 421 1752; x_wconf 83' lang='lat' dir='ltr'><strong>privaretur</strong></span> <span class='ocrx_word' id='word_1_147' title='bbox 441 1673 585 1736; x_wconf 87' lang='lat' dir='ltr'><strong>beneficio</strong></span> <span class='ocrx_word' id='word_1_148' title='bbox 608 1673 736 1755; x_wconf 76' lang='lat' dir='ltr'><strong>alicnjus</strong></span> <span class='ocrx_word' id='word_1_149' title='bbox 759 1672 959 1753; x_wconf 73' lang='lat' dir='ltr'><strong>indulgentie</strong></span> <span class='ocrx_word' id='word_1_150' title='bbox 982 1673 1246 1750; x_wconf 85' lang='lat' dir='ltr'><strong>extraordinarie;</strong></span> <span class='ocrx_word' id='word_1_151' title='bbox 1268 1677 1301 1736; x_wconf 90' lang='grc'><strong>60</strong></span> <span class='ocrx_word' id='word_1_152' title='bbox 1321 1673 1348 1736; x_wconf 89' lang='lat' dir='ltr'><strong>si</strong></span> <span class='ocrx_word' id='word_1_153' title='bbox 1366 1673 1420 1736; x_wconf 88' lang='lat' dir='ltr'><strong>ad·</strong></span> 
     </span>
     <span class='ocr_line' id='line_1_18' title="bbox 149 1759 1417 1844; baseline 0.002 -23"><span class='ocrx_word' id='word_1_154' title='bbox 149 1761 249 1822; x_wconf 89' lang='lat' dir='ltr'><strong>eundo</strong></span> <span class='ocrx_word' id='word_1_155' title='bbox 267 1760 506 1838; x_wconf 76' lang='lat' dir='ltr'><strong>confessariaun,</strong></span> <span class='ocrx_word' id='word_1_156' title='bbox 526 1761 576 1829; x_wconf 89' lang='lat' dir='ltr'><strong>oui</strong></span> <span class='ocrx_word' id='word_1_157' title='bbox 596 1763 733 1842; x_wconf 80' lang='lat' dir='ltr'><strong>complex</strong></span> <span class='ocrx_word' id='word_1_158' title='bbox 744 1761 884 1843; x_wconf 89' lang='lat' dir='ltr'><strong>cognitus</strong></span> <span class='ocrx_word' id='word_1_159' title='bbox 899 1765 959 1832; x_wconf 90' lang='lat' dir='ltr'><strong>est,</strong></span> <span class='ocrx_word' id='word_1_160' title='bbox 975 1759 1140 1825; x_wconf 84' lang='lat' dir='ltr'><strong>haberetur</strong></span> <span class='ocrx_word' id='word_1_161' title='bbox 1156 1760 1417 1844; x_wconf 69' lang='lat' dir='ltr'><strong>meliordirectio,</strong></span> 
     </span>
     <span class='ocr_line' id='line_1_19' title="bbox 149 1847 620 1932; baseline 0.002 -20"><span class='ocrx_word' id='word_1_162' title='bbox 149 1847 310 1912; x_wconf 81' lang='lat' dir='ltr'><strong>consolatio</strong></span> <span class='ocrx_word' id='word_1_163' title='bbox 324 1849 500 1913; x_wconf 86' lang='lat' dir='ltr'><strong>notabiliter</strong></span> <span class='ocrx_word' id='word_1_164' title='bbox 513 1854 620 1932; x_wconf 87' lang='lat' dir='ltr'><strong>major.</strong></span> 
     </span>
    </p>

    <p class='ocr_par' dir='ltr' id='par_1_6' title="bbox 148 1935 1420 2462">
     <span class='ocr_line' id='line_1_20' title="bbox 190 1935 1418 2020; baseline 0.002 -22"><span class='ocrx_word' id='word_1_165' title='bbox 190 1936 268 2000; x_wconf 86' lang='lat' dir='ltr'><strong>llinc</strong></span> <span class='ocrx_word' id='word_1_166' title='bbox 281 1935 397 2000; x_wconf 89' lang='lat' dir='ltr'><strong>ratione</strong></span> <span class='ocrx_word' id='word_1_167' title='bbox 408 1938 529 2019; x_wconf 86' lang='lat' dir='ltr'><strong>petendi</strong></span> <span class='ocrx_word' id='word_1_168' title='bbox 540 1937 670 2012; x_wconf 89' lang='lat' dir='ltr'><strong>consilii,</strong></span> <span class='ocrx_word' id='word_1_169' title='bbox 687 1939 798 2002; x_wconf 92' lang='lat' dir='ltr'><strong>doloris</strong></span> <span class='ocrx_word' id='word_1_170' title='bbox 812 1937 957 2014; x_wconf 90' lang='lat' dir='ltr'><strong>leniendi,</strong></span> <span class='ocrx_word' id='word_1_171' title='bbox 972 1945 1043 2014; x_wconf 83' lang='lat' dir='ltr'><strong>etc,</strong></span> <span class='ocrx_word' id='word_1_172' title='bbox 1060 1956 1137 2020; x_wconf 88' lang='lat' dir='ltr'><strong>sepe</strong></span> <span class='ocrx_word' id='word_1_173' title='bbox 1151 1943 1339 2002; x_wconf 84' lang='lat' dir='ltr'><strong>excusantur</strong></span> <span class='ocrx_word' id='word_1_174' title='bbox 1352 1955 1418 2000; x_wconf 90' lang='lat' dir='ltr'><strong>ma-</strong></span> 
     </span>
     <span class='ocr_line' id='line_1_21' title="bbox 150 2025 1418 2108; baseline 0 -20"><span class='ocrx_word' id='word_1_175' title='bbox 150 2030 213 2088; x_wconf 88' lang='lat' dir='ltr'><strong>tres</strong></span> <span class='ocrx_word' id='word_1_176' title='bbox 224 2030 254 2088; x_wconf 90' lang='lat' dir='ltr'><strong>et</strong></span> <span class='ocrx_word' id='word_1_177' title='bbox 266 2043 375 2088; x_wconf 82' lang='lat' dir='ltr'><strong>uxores</strong></span> <span class='ocrx_word' id='word_1_178' title='bbox 389 2025 576 2090; x_wconf 79' lang='lat' dir='ltr'><strong>confessario</strong></span> <span class='ocrx_word' id='word_1_179' title='bbox 588 2027 819 2090; x_wconf 86' lang='lat' dir='ltr'><strong>manifestantes</strong></span> <span class='ocrx_word' id='word_1_180' title='bbox 831 2026 964 2090; x_wconf 90' lang='lat' dir='ltr'><strong>filiorum</strong></span> <span class='ocrx_word' id='word_1_181' title='bbox 979 2033 1035 2090; x_wconf 91' lang='lat' dir='ltr'><strong>aut</strong></span> <span class='ocrx_word' id='word_1_182' title='bbox 1046 2027 1185 2090; x_wconf 86' lang='lat' dir='ltr'><strong>virorum</strong></span> <span class='ocrx_word' id='word_1_183' title='bbox 1199 2033 1330 2108; x_wconf 81' lang='lat' dir='ltr'><strong>peccate,</strong></span> <span class='ocrx_word' id='word_1_184' title='bbox 1346 2029 1418 2090; x_wconf 89' lang='lat' dir='ltr'><strong>utut</strong></span> 
     </span>
     <span class='ocr_line' id='line_1_22' title="bbox 148 2110 1419 2196; baseline 0.002 -22"><span class='ocrx_word' id='word_1_185' title='bbox 148 2110 209 2174; x_wconf 91' lang='lat' dir='ltr'><strong>iste</strong></span> <span class='ocrx_word' id='word_1_186' title='bbox 231 2112 297 2177; x_wconf 90' lang='lat' dir='ltr'><strong>illos</strong></span> <span class='ocrx_word' id='word_1_187' title='bbox 313 2123 480 2196; x_wconf 89' lang='lat' dir='ltr'><strong>cognoscat.</strong></span> <span class='ocrx_word' id='word_1_188' title='bbox 504 2116 605 2180; x_wconf 89' lang='lat' dir='ltr'><strong>Nimis</strong></span> <span class='ocrx_word' id='word_1_189' title='bbox 625 2115 710 2180; x_wconf 91' lang='lat' dir='ltr'><strong>enim</strong></span> <span class='ocrx_word' id='word_1_190' title='bbox 730 2115 845 2178; x_wconf 88' lang='lat' dir='ltr'><strong>durum</strong></span> <span class='ocrx_word' id='word_1_191' title='bbox 865 2122 958 2192; x_wconf 88' lang='lat' dir='ltr'><strong>esset,</strong></span> <span class='ocrx_word' id='word_1_192' title='bbox 975 2117 1056 2196; x_wconf 89' lang='lat' dir='ltr'><strong>quod</strong></span> <span class='ocrx_word' id='word_1_193' title='bbox 1075 2115 1172 2178; x_wconf 91' lang='lat' dir='ltr'><strong>alium</strong></span> <span class='ocrx_word' id='word_1_194' title='bbox 1192 2114 1419 2179; x_wconf 75' lang='lat' dir='ltr'><strong>confessarium</strong></span> 
     </span>
     <span class='ocr_line' id='line_1_23' title="bbox 149 2199 1419 2284; baseline 0.004 -22"><span class='ocrx_word' id='word_1_195' title='bbox 149 2199 210 2264; x_wconf 89' lang='lat' dir='ltr'><strong>ille</strong></span> <span class='ocrx_word' id='word_1_196' title='bbox 224 2219 358 2282; x_wconf 87' lang='lat' dir='ltr'><strong>querere</strong></span> <span class='ocrx_word' id='word_1_197' title='bbox 374 2209 560 2266; x_wconf 88' lang='lat' dir='ltr'><strong>tenerentur.</strong></span> <span class='ocrx_word' id='word_1_198' title='bbox 577 2203 751 2269; x_wconf 87' lang='lat' dir='ltr'><strong>Generatim</strong></span> <span class='ocrx_word' id='word_1_199' title='bbox 766 2203 872 2284; x_wconf 84' lang='lat' dir='ltr'><strong>itaque</strong></span> <span class='ocrx_word' id='word_1_200' title='bbox 886 2222 948 2266; x_wconf 93' lang='lat' dir='ltr'><strong>non</strong></span> <span class='ocrx_word' id='word_1_201' title='bbox 959 2204 1091 2266; x_wconf 88' lang='lat' dir='ltr'><strong>habetur</strong></span> <span class='ocrx_word' id='word_1_202' title='bbox 1105 2210 1143 2267; x_wconf 92' lang='lat' dir='ltr'><strong>ut</strong></span> <span class='ocrx_word' id='word_1_203' title='bbox 1156 2204 1257 2284; x_wconf 72' lang='lat' dir='ltr'><strong>granis</strong></span> <span class='ocrx_word' id='word_1_204' title='bbox 1274 2203 1419 2283; x_wconf 81' lang='lat' dir='ltr'><strong>obligatio</strong></span> 
     </span>
     <span class='ocr_line' id='line_1_24' title="bbox 150 2289 1420 2372; baseline 0.002 -21"><span class='ocrx_word' id='word_1_205' title='bbox 150 2289 374 2354; x_wconf 82' lang='lat' dir='ltr'><strong>confessarium</strong></span> <span class='ocrx_word' id='word_1_206' title='bbox 398 2292 495 2354; x_wconf 86' lang='lat' dir='ltr'><strong>alium</strong></span> <span class='ocrx_word' id='word_1_207' title='bbox 516 2292 663 2368; x_wconf 91' lang='lat' dir='ltr'><strong>adeundi,</strong></span> <span class='ocrx_word' id='word_1_208' title='bbox 688 2291 842 2372; x_wconf 79' lang='lat' dir='ltr'><strong>complicis</strong></span> <span class='ocrx_word' id='word_1_209' title='bbox 866 2291 1037 2355; x_wconf 88' lang='lat' dir='ltr'><strong>occultandi</strong></span> <span class='ocrx_word' id='word_1_210' title='bbox 1063 2311 1169 2367; x_wconf 85' lang='lat' dir='ltr'><strong>censa,</strong></span> <span class='ocrx_word' id='word_1_211' title='bbox 1194 2291 1257 2354; x_wconf 89' lang='lat' dir='ltr'><strong>nisi</strong></span> <span class='ocrx_word' id='word_1_212' title='bbox 1281 2291 1358 2354; x_wconf 88' lang='lat' dir='ltr'><strong>forte</strong></span> <span class='ocrx_word' id='word_1_213' title='bbox 1381 2291 1420 2354; x_wconf 93' lang='lat' dir='ltr'><strong>de</strong></span> 
     </span>
     <span class='ocr_line' id='line_1_25' title="bbox 150 2377 1004 2462; baseline 0.002 -22"><span class='ocrx_word' id='word_1_214' title='bbox 150 2377 279 2442; x_wconf 89' lang='lat' dir='ltr'><strong>crimine</strong></span> <span class='ocrx_word' id='word_1_215' title='bbox 294 2381 380 2444; x_wconf 91' lang='lat' dir='ltr'><strong>valde</strong></span> <span class='ocrx_word' id='word_1_216' title='bbox 394 2380 479 2461; x_wconf 82' lang='lat' dir='ltr'><strong>gravi</strong></span> <span class='ocrx_word' id='word_1_217' title='bbox 491 2388 610 2460; x_wconf 83' lang='lat' dir='ltr'><strong>agatur.</strong></span> <span class='ocrx_word' id='word_1_218' title='bbox 624 2415 663 2426; x_wconf 92' lang='lat'><strong>-—</strong></span> <span class='ocrx_word' id='word_1_219' title='bbox 680 2381 795 2462; x_wconf 62' lang='lat' dir='ltr'><strong>Sliq.</strong></span> <span class='ocrx_word' id='word_1_220' title='bbox 807 2401 839 2441; x_wconf 87' lang='lat' dir='ltr'><strong>n.</strong></span> <span class='ocrx_word' id='word_1_221' title='bbox 856 2384 931 2455; x_wconf 69' lang='lat'><strong>490,</strong></span> <span class='ocrx_word' id='word_1_222' title='bbox 947 2387 1004 2444; x_wconf 89' lang='lat' dir='ltr'><strong>etc.</strong></span> 
     </span>
    </p>

    <p class='ocr_par' dir='ltr' id='par_1_7' title="bbox 150 2467 1417 2638">
     <span class='ocr_line' id='line_1_26' title="bbox 179 2467 1417 2552; baseline 0.001 -21"><span class='ocrx_word' id='word_1_223' title='bbox 179 2472 261 2532; x_wconf 71' lang='lat' dir='ltr'><strong>dol.</strong></span> <span class='ocrx_word' id='word_1_224' title='bbox 276 2504 316 2514; x_wconf 93' lang='lat'><em>—</em></span> <span class='ocrx_word' id='word_1_225' title='bbox 332 2472 433 2546; x_wconf 72' lang='lat' dir='ltr'><strong>Quen.</strong></span> <span class='ocrx_word' id='word_1_226' title='bbox 459 2473 492 2533; x_wconf 88' lang='grc'><strong>30</strong></span> <span class='ocrx_word' id='word_1_227' title='bbox 513 2471 565 2531; x_wconf 84' lang='lat' dir='ltr'><strong>An</strong></span> <span class='ocrx_word' id='word_1_228' title='bbox 588 2470 679 2532; x_wconf 83' lang='lat' dir='ltr'><strong>liceat</strong></span> <span class='ocrx_word' id='word_1_229' title='bbox 701 2470 765 2551; x_wconf 83' lang='lat' dir='ltr'><strong>tpsi</strong></span> <span class='ocrx_word' id='word_1_230' title='bbox 785 2468 978 2551; x_wconf 83' lang='lat' dir='ltr'><strong>Confessera&#39;o</strong></span> <span class='ocrx_word' id='word_1_231' title='bbox 1001 2478 1101 2552; x_wconf 86' lang='lat' dir='ltr'><strong>petere</strong></span> <span class='ocrx_word' id='word_1_232' title='bbox 1124 2488 1228 2531; x_wconf 85' lang='lat' dir='ltr'><strong>nomen</strong></span> <span class='ocrx_word' id='word_1_233' title='bbox 1252 2467 1417 2551; x_wconf 71' lang='lat' dir='ltr'><strong>complice,</strong></span> 
     </span>
     <span class='ocr_line' id='line_1_27' title="bbox 150 2557 654 2638; baseline 0.002 -20"><span class='ocrx_word' id='word_1_234' title='bbox 150 2574 179 2618; x_wconf 88' lang='lat' dir='ltr'><strong>v.</strong></span> <span class='ocrx_word' id='word_1_235' title='bbox 195 2577 256 2638; x_wconf 74' lang='lat' dir='ltr'><strong>qn,</strong></span> <span class='ocrx_word' id='word_1_236' title='bbox 275 2557 316 2619; x_wconf 85' lang='lat' dir='ltr'><strong>od</strong></span> <span class='ocrx_word' id='word_1_237' title='bbox 327 2559 557 2632; x_wconf 82' lang='lat' dir='ltr'><strong>correctionem,</strong></span> <span class='ocrx_word' id='word_1_238' title='bbox 573 2561 654 2621; x_wconf 75' lang='lat' dir='ltr'><strong>etc?</strong></span> 
     </span>
    </p>

    <p class='ocr_par' dir='ltr' id='par_1_8' title="bbox 151 2643 1424 3437">
     <span class='ocr_line' id='line_1_28' title="bbox 192 2643 1420 2729; baseline 0.001 -22"><span class='ocrx_word' id='word_1_239' title='bbox 192 2644 280 2728; x_wconf 76' lang='lat' dir='ltr'><strong>Rerp.</strong></span> <span class='ocrx_word' id='word_1_240' title='bbox 299 2645 378 2729; x_wconf 74' lang='lat' dir='ltr'><strong>Nep.</strong></span> <span class='ocrx_word' id='word_1_241' title='bbox 395 2647 503 2709; x_wconf 89' lang='lat' dir='ltr'><strong>saltem</strong></span> <span class='ocrx_word' id='word_1_242' title='bbox 518 2646 688 2727; x_wconf 86' lang='lat' dir='ltr'><strong>generatim</strong></span> <span class='ocrx_word' id='word_1_243' title='bbox 701 2647 867 2728; x_wconf 88' lang='lat' dir='ltr'><strong>loquendo,</strong></span> <span class='ocrx_word' id='word_1_244' title='bbox 884 2646 957 2728; x_wconf 86' lang='lat' dir='ltr'><strong>quia</strong></span> <span class='ocrx_word' id='word_1_245' title='bbox 974 2648 1031 2711; x_wconf 91' lang='lat' dir='ltr'><strong>hoc</strong></span> <span class='ocrx_word' id='word_1_246' title='bbox 1047 2652 1078 2710; x_wconf 92' lang='lat' dir='ltr'><strong>et</strong></span> <span class='ocrx_word' id='word_1_247' title='bbox 1094 2646 1160 2710; x_wconf 90' lang='lat' dir='ltr'><strong>sine</strong></span> <span class='ocrx_word' id='word_1_248' title='bbox 1171 2649 1258 2728; x_wconf 88' lang='lat' dir='ltr'><strong>justa</strong></span> <span class='ocrx_word' id='word_1_249' title='bbox 1269 2663 1358 2709; x_wconf 91' lang='lat' dir='ltr'><strong>causa</strong></span> <span class='ocrx_word' id='word_1_250' title='bbox 1372 2643 1420 2708; x_wconf 91' lang='lat' dir='ltr'><strong>in-</strong></span> 
     </span>
     <span class='ocr_line' id='line_1_29' title="bbox 152 2731 1420 2816; baseline 0.001 -20"><span class='ocrx_word' id='word_1_251' title='bbox 152 2731 238 2796; x_wconf 83' lang='lat' dir='ltr'><strong>ducit</strong></span> <span class='ocrx_word' id='word_1_252' title='bbox 251 2735 289 2796; x_wconf 94' lang='lat' dir='ltr'><strong>ad</strong></span> <span class='ocrx_word' id='word_1_253' title='bbox 303 2735 527 2798; x_wconf 87' lang='lat' dir='ltr'><strong>detrahendum</strong></span> <span class='ocrx_word' id='word_1_254' title='bbox 540 2735 697 2816; x_wconf 86' lang='lat' dir='ltr'><strong>proximo,</strong></span> <span class='ocrx_word' id='word_1_255' title='bbox 713 2743 745 2799; x_wconf 88' lang='lat' dir='ltr'><strong>et</strong></span> <span class='ocrx_word' id='word_1_256' title='bbox 757 2735 899 2799; x_wconf 92' lang='lat' dir='ltr'><strong>odiosum</strong></span> <span class='ocrx_word' id='word_1_257' title='bbox 916 2734 1018 2799; x_wconf 88' lang='lat' dir='ltr'><strong>reddit</strong></span> <span class='ocrx_word' id='word_1_258' title='bbox 1036 2733 1228 2800; x_wconf 84' lang='lat' dir='ltr'><strong>Penitentie</strong></span> <span class='ocrx_word' id='word_1_259' title='bbox 1245 2739 1420 2799; x_wconf 85' lang='lat' dir='ltr'><strong>Sacramen-</strong></span> 
     </span>
     <span class='ocr_line' id='line_1_30' title="bbox 151 2823 1419 2907; baseline 0.002 -23"><span class='ocrx_word' id='word_1_260' title='bbox 151 2828 231 2885; x_wconf 89' lang='lat' dir='ltr'><strong>tum.</strong></span> <span class='ocrx_word' id='word_1_261' title='bbox 246 2825 372 2887; x_wconf 82' lang='lat' dir='ltr'><strong>Gonstat</strong></span> <span class='ocrx_word' id='word_1_262' title='bbox 386 2843 423 2886; x_wconf 84' lang='lat' dir='ltr'><strong>ex</strong></span> <span class='ocrx_word' id='word_1_263' title='bbox 436 2825 523 2887; x_wconf 90' lang='lat' dir='ltr'><strong>Bulla</strong></span> <span class='ocrx_word' id='word_1_264' title='bbox 537 2825 646 2888; x_wconf 88' lang='lat' dir='ltr'><strong>Bened.</strong></span> <span class='ocrx_word' id='word_1_265' title='bbox 663 2827 741 2899; x_wconf 88' lang='lat' dir='ltr'><strong>XlV,</strong></span> <span class='ocrx_word' id='word_1_266' title='bbox 760 2823 821 2888; x_wconf 82' lang='lat' dir='ltr'><strong>Ubi</strong></span> <span class='ocrx_word' id='word_1_267' title='bbox 830 2824 984 2907; x_wconf 84' lang='lat' dir='ltr'><strong>primum,</strong></span> <span class='ocrx_word' id='word_1_268' title='bbox 1000 2824 1035 2887; x_wconf 91' lang='lat' dir='ltr'><strong>in</strong></span> <span class='ocrx_word' id='word_1_269' title='bbox 1049 2842 1110 2905; x_wconf 92' lang='lat' dir='ltr'><strong>qua</strong></span> <span class='ocrx_word' id='word_1_270' title='bbox 1128 2823 1275 2898; x_wconf 76' lang='lat' dir='ltr'><strong>Pontifex,</strong></span> <span class='ocrx_word' id='word_1_271' title='bbox 1292 2823 1419 2904; x_wconf 91' lang='lat' dir='ltr'><strong>loquens</strong></span> 
     </span>
     <span class='ocr_line' id='line_1_31' title="bbox 152 2910 1422 2994; baseline 0.002 -22"><span class='ocrx_word' id='word_1_272' title='bbox 152 2910 188 2972; x_wconf 90' lang='lat' dir='ltr'><strong>dc</strong></span> <span class='ocrx_word' id='word_1_273' title='bbox 200 2910 414 2986; x_wconf 78' lang='lat' dir='ltr'><strong>confessariis,</strong></span> <span class='ocrx_word' id='word_1_274' title='bbox 430 2911 485 2994; x_wconf 90' lang='lat' dir='ltr'><strong>qui</strong></span> <span class='ocrx_word' id='word_1_275' title='bbox 500 2913 558 2976; x_wconf 89' lang='lat' dir='ltr'><strong>sub</strong></span> <span class='ocrx_word' id='word_1_276' title='bbox 570 2931 661 2993; x_wconf 82' lang='lat' dir='ltr'><strong>pena</strong></span> <span class='ocrx_word' id='word_1_277' title='bbox 672 2913 855 2993; x_wconf 84' lang='lat' dir='ltr'><strong>denegande</strong></span> <span class='ocrx_word' id='word_1_278' title='bbox 866 2911 1067 2976; x_wconf 88' lang='lat' dir='ltr'><strong>absolutionis</strong></span> <span class='ocrx_word' id='word_1_279' title='bbox 1085 2929 1198 2974; x_wconf 91' lang='lat' dir='ltr'><strong>nomen</strong></span> <span class='ocrx_word' id='word_1_280' title='bbox 1212 2910 1366 2991; x_wconf 90' lang='lat' dir='ltr'><strong>complicis</strong></span> <span class='ocrx_word' id='word_1_281' title='bbox 1378 2928 1422 2974; x_wconf 80' lang='lat' dir='ltr'><strong>re</strong></span> 
     </span>
     <span class='ocr_line' id='line_1_32' title="bbox 152 2998 1424 3082; baseline 0.001 -21"><span class='ocrx_word' id='word_1_282' title='bbox 152 2998 297 3080; x_wconf 86' lang='lat' dir='ltr'><strong>quirunt,</strong></span> <span class='ocrx_word' id='word_1_283' title='bbox 314 3001 444 3064; x_wconf 86' lang='lat' dir='ltr'><strong>declarat</strong></span> <span class='ocrx_word' id='word_1_284' title='bbox 460 3019 509 3064; x_wconf 90' lang='lat' dir='ltr'><strong>ecs</strong></span> <span class='ocrx_word' id='word_1_285' title='bbox 533 3019 653 3081; x_wconf 88' lang='lat' dir='ltr'><strong>peccare</strong></span> <span class='ocrx_word' id='word_1_286' title='bbox 673 3001 816 3082; x_wconf 84' lang='lat' dir='ltr'><strong>graviter,</strong></span> <span class='ocrx_word' id='word_1_287' title='bbox 838 3005 867 3063; x_wconf 90' lang='lat' dir='ltr'><strong>et</strong></span> <span class='ocrx_word' id='word_1_288' title='bbox 884 3001 1040 3064; x_wconf 89' lang='lat' dir='ltr'><strong>incurrere</strong></span> <span class='ocrx_word' id='word_1_289' title='bbox 1060 2999 1292 3080; x_wconf 89' lang='lat' dir='ltr'><strong>suspensionem</strong></span> <span class='ocrx_word' id='word_1_290' title='bbox 1310 2999 1348 3062; x_wconf 89' lang='lat' dir='ltr'><strong>ab</strong></span> <span class='ocrx_word' id='word_1_291' title='bbox 1370 3017 1424 3062; x_wconf 87' lang='lat' dir='ltr'><strong>au·</strong></span> 
     </span>
     <span class='ocr_line' id='line_1_33' title="bbox 152 3087 1422 3163; baseline 0.001 -14"><span class='ocrx_word' id='word_1_292' title='bbox 152 3087 272 3150; x_wconf 86' lang='lat' dir='ltr'><strong>diendis</strong></span> <span class='ocrx_word' id='word_1_293' title='bbox 286 3088 536 3163; x_wconf 86' lang='lat' dir='ltr'><strong>confessionibus,</strong></span> <span class='ocrx_word' id='word_1_294' title='bbox 553 3089 605 3152; x_wconf 92' lang='lat' dir='ltr'><strong>sed</strong></span> <span class='ocrx_word' id='word_1_295' title='bbox 615 3089 746 3152; x_wconf 84' lang='lat' dir='ltr'><strong>fcrende</strong></span> <span class='ocrx_word' id='word_1_296' title='bbox 760 3095 885 3152; x_wconf 88' lang='lat' dir='ltr'><strong>tantum</strong></span> <span class='ocrx_word' id='word_1_297' title='bbox 901 3088 1070 3151; x_wconf 89' lang='lat' dir='ltr'><strong>sententie.</strong></span> <span class='ocrx_word' id='word_1_298' title='bbox 1089 3091 1233 3151; x_wconf 83' lang='lat' dir='ltr'><strong>Decentes</strong></span> <span class='ocrx_word' id='word_1_299' title='bbox 1249 3094 1356 3150; x_wconf 88' lang='lat' dir='ltr'><strong>autem</strong></span> <span class='ocrx_word' id='word_1_300' title='bbox 1375 3087 1422 3150; x_wconf 84' lang='lat' dir='ltr'><strong>vel</strong></span> 
     </span>
     <span class='ocr_line' id='line_1_34' title="bbox 152 3174 1422 3260; baseline 0 -22"><span class='ocrx_word' id='word_1_301' title='bbox 152 3174 344 3241; x_wconf 88' lang='lat' dir='ltr'><strong>defendentes</strong></span> <span class='ocrx_word' id='word_1_302' title='bbox 356 3184 506 3258; x_wconf 90' lang='lat' dir='ltr'><strong>tanquam</strong></span> <span class='ocrx_word' id='word_1_303' title='bbox 522 3177 639 3240; x_wconf 86' lang='lat' dir='ltr'><strong>licitam</strong></span> <span class='ocrx_word' id='word_1_304' title='bbox 651 3178 800 3260; x_wconf 88' lang='lat' dir='ltr'><strong>ejusmodi</strong></span> <span class='ocrx_word' id='word_1_305' title='bbox 814 3177 951 3258; x_wconf 84' lang='lat' dir='ltr'><strong>praxim,</strong></span> <span class='ocrx_word' id='word_1_306' title='bbox 965 3176 1068 3258; x_wconf 89' lang='lat' dir='ltr'><strong>prouti</strong></span> <span class='ocrx_word' id='word_1_307' title='bbox 1079 3176 1225 3240; x_wconf 86' lang='lat' dir='ltr'><strong>damnata</strong></span> <span class='ocrx_word' id='word_1_308' title='bbox 1238 3183 1285 3240; x_wconf 90' lang='lat' dir='ltr'><strong>est</strong></span> <span class='ocrx_word' id='word_1_309' title='bbox 1297 3195 1315 3238; x_wconf 93' lang='lat' dir='ltr'><strong>a</strong></span> <span class='ocrx_word' id='word_1_310' title='bbox 1328 3179 1422 3240; x_wconf 89' lang='lat' dir='ltr'><strong>Bene-</strong></span> 
     </span>
     <span class='ocr_line' id='line_1_35' title="bbox 151 3264 1423 3349; baseline 0 -21"><span class='ocrx_word' id='word_1_311' title='bbox 151 3264 231 3328; x_wconf 84' lang='lat' dir='ltr'><strong>dicto</strong></span> <span class='ocrx_word' id='word_1_312' title='bbox 246 3267 313 3329; x_wconf 89' lang='lat' dir='ltr'><strong>XlV</strong></span> <span class='ocrx_word' id='word_1_313' title='bbox 323 3265 358 3328; x_wconf 90' lang='lat' dir='ltr'><strong>in</strong></span> <span class='ocrx_word' id='word_1_314' title='bbox 369 3269 472 3329; x_wconf 86' lang='lat' dir='ltr'><strong>chst.</strong></span> <span class='ocrx_word' id='word_1_315' title='bbox 488 3266 652 3349; x_wconf 85' lang='lat' dir='ltr'><strong>Supremo,</strong></span> <span class='ocrx_word' id='word_1_316' title='bbox 665 3271 683 3329; x_wconf 83' lang='lat'><strong>7</strong></span> <span class='ocrx_word' id='word_1_317' title='bbox 698 3266 773 3329; x_wconf 80' lang='lat' dir='ltr'><strong>tutti</strong></span> <span class='ocrx_word' id='word_1_318' title='bbox 788 3271 878 3343; x_wconf 72' lang='grc'><strong>1715,</strong></span> <span class='ocrx_word' id='word_1_319' title='bbox 886 3303 925 3312; x_wconf 98' lang='grc'>-</span> <span class='ocrx_word' id='word_1_320' title='bbox 937 3265 997 3330; x_wconf 85' lang='lat' dir='ltr'><strong>Ubi</strong></span> <span class='ocrx_word' id='word_1_321' title='bbox 1005 3266 1154 3349; x_wconf 58' lang='lat' dir='ltr'><strong>prienam,</strong></span> <span class='ocrx_word' id='word_1_322' title='bbox 1171 3268 1190 3327; x_wconf 70' lang='lat'><strong>2</strong></span> <span class='ocrx_word' id='word_1_323' title='bbox 1205 3267 1277 3327; x_wconf 86' lang='lat' dir='ltr'><strong>lun.</strong></span> <span class='ocrx_word' id='word_1_324' title='bbox 1291 3269 1423 3338; x_wconf 76' lang='grc'><strong>1116,-</strong></span> 
     </span>
     <span class='ocr_line' id='line_1_36' title="bbox 151 3352 1421 3437; baseline -0.002 -21"><span class='ocrx_word' id='word_1_325' title='bbox 151 3353 204 3416; x_wconf 83' lang='lat' dir='ltr'><strong>Ad</strong></span> <span class='ocrx_word' id='word_1_326' title='bbox 219 3353 450 3434; x_wconf 68' lang='lat' dir='ltr'><strong>ecdicondem,</strong></span> <span class='ocrx_word' id='word_1_327' title='bbox 467 3359 508 3419; x_wconf 70' lang='grc'><strong>18</strong></span> <span class='ocrx_word' id='word_1_328' title='bbox 528 3357 609 3437; x_wconf 84' lang='lat' dir='ltr'><strong>Sept.</strong></span> <span class='ocrx_word' id='word_1_329' title='bbox 624 3359 718 3430; x_wconf 79' lang='lat' dir='ltr'><strong>ltlss,</strong></span> <span class='ocrx_word' id='word_1_330' title='bbox 737 3355 903 3418; x_wconf 88' lang='lat' dir='ltr'><strong>incurrunt</strong></span> <span class='ocrx_word' id='word_1_331' title='bbox 921 3361 974 3418; x_wconf 74' lang='lat' dir='ltr'><strong>ltm</strong></span> <span class='ocrx_word' id='word_1_332' title='bbox 991 3352 1339 3422; x_wconf 81' lang='lat' dir='ltr'><strong>excommunicationem</strong></span> <span class='ocrx_word' id='word_1_333' title='bbox 1352 3352 1421 3414; x_wconf 86' lang='lat' dir='ltr'><strong>late</strong></span> 
     </span>
    </p>
   </div>
   <div class='ocr_carea' id='block_1_3' title="bbox 149 3447 1469 4600">
    <p class='ocr_par' dir='ltr' id='par_1_9' title="bbox 152 3447 1417 3535">
     <span class='ocr_line' id='line_1_37' title="bbox 152 3447 1417 3535; baseline -0.004 -21"><span class='ocrx_word' id='word_1_334' title='bbox 152 3451 313 3515; x_wconf 85' lang='lat' dir='ltr'><strong>sententie</strong></span> <span class='ocrx_word' id='word_1_335' title='bbox 321 3451 460 3515; x_wconf 90' lang='lat' dir='ltr'><strong>Pontifici</strong></span> <span class='ocrx_word' id='word_1_336' title='bbox 470 3457 608 3518; x_wconf 85' lang='lat' dir='ltr'><strong>Romano</strong></span> <span class='ocrx_word' id='word_1_337' title='bbox 618 3452 799 3535; x_wconf 90' lang='lat' dir='ltr'><strong>simpliciter</strong></span> <span class='ocrx_word' id='word_1_338' title='bbox 810 3459 971 3516; x_wconf 85' lang='lat' dir='ltr'><strong>reservate</strong></span> <span class='ocrx_word' id='word_1_339' title='bbox 981 3451 1016 3514; x_wconf 93' lang='lat' dir='ltr'><strong>in</strong></span> <span class='ocrx_word' id='word_1_340' title='bbox 1027 3450 1113 3515; x_wconf 87' lang='lat' dir='ltr'><strong>Bulla</strong></span> <span class='ocrx_word' id='word_1_341' title='bbox 1121 3450 1305 3532; x_wconf 83' lang='lat' dir='ltr'><strong>Apostolice</strong></span> <span class='ocrx_word' id='word_1_342' title='bbox 1317 3447 1417 3511; x_wconf 77' lang='lat' dir='ltr'><strong>Sedis.</strong></span> 
     </span>
    </p>

    <p class='ocr_par' dir='ltr' id='par_1_10' title="bbox 152 3538 1420 3712">
     <span class='ocr_line' id='line_1_38' title="bbox 193 3538 1420 3624; baseline -0.006 -19"><span class='ocrx_word' id='word_1_343' title='bbox 193 3545 262 3605; x_wconf 70' lang='grc'><strong>501.</strong></span> <span class='ocrx_word' id='word_1_344' title='bbox 284 3577 323 3587; x_wconf 93' lang='grc'>-</span> <span class='ocrx_word' id='word_1_345' title='bbox 342 3544 444 3616; x_wconf 74' lang='lat' dir='ltr'><strong>Quen.</strong></span> <span class='ocrx_word' id='word_1_346' title='bbox 469 3547 502 3605; x_wconf 79' lang='grc'><strong>10</strong></span> <span class='ocrx_word' id='word_1_347' title='bbox 524 3541 573 3604; x_wconf 84' lang='lat' dir='ltr'><strong>An</strong></span> <span class='ocrx_word' id='word_1_348' title='bbox 591 3561 647 3624; x_wconf 86' lang='lat' dir='ltr'><strong>per</strong></span> <span class='ocrx_word' id='word_1_349' title='bbox 664 3541 830 3623; x_wconf 75' lang='lat' dir='ltr'><strong>predrbtos</strong></span> <span class='ocrx_word' id='word_1_350' title='bbox 851 3540 967 3603; x_wconf 82' lang='lat' dir='ltr'><strong>litteras</strong></span> <span class='ocrx_word' id='word_1_351' title='bbox 991 3539 1150 3602; x_wconf 81' lang='lat' dir='ltr'><strong>Benedicti</strong></span> <span class='ocrx_word' id='word_1_352' title='bbox 1166 3538 1250 3602; x_wconf 83' lang='lat' dir='ltr'><strong>XIV</strong></span> <span class='ocrx_word' id='word_1_353' title='bbox 1267 3539 1310 3600; x_wconf 80' lang='lat' dir='ltr'><strong>fta</strong></span> <span class='ocrx_word' id='word_1_354' title='bbox 1327 3538 1420 3598; x_wconf 84' lang='lat' dir='ltr'><strong>inter·</strong></span> 
     </span>
     <span class='ocr_line' id='line_1_39' title="bbox 152 3626 1217 3712; baseline -0.001 -21"><span class='ocrx_word' id='word_1_355' title='bbox 152 3629 265 3691; x_wconf 82' lang='lat' dir='ltr'><strong>dictnm</strong></span> <span class='ocrx_word' id='word_1_356' title='bbox 280 3631 321 3692; x_wconf 82' lang='lat' dir='ltr'><strong>tit</strong></span> <span class='ocrx_word' id='word_1_357' title='bbox 336 3650 468 3712; x_wconf 80' lang='lat' dir='ltr'><strong>querere</strong></span> <span class='ocrx_word' id='word_1_358' title='bbox 480 3651 583 3692; x_wconf 86' lang='lat' dir='ltr'><strong>nomen</strong></span> <span class='ocrx_word' id='word_1_359' title='bbox 597 3631 766 3712; x_wconf 78' lang='lat' dir='ltr'><strong>complicis,</strong></span> <span class='ocrx_word' id='word_1_360' title='bbox 781 3640 815 3690; x_wconf 84' lang='lat' dir='ltr'><strong>ut</strong></span> <span class='ocrx_word' id='word_1_361' title='bbox 827 3631 860 3690; x_wconf 85' lang='lat' dir='ltr'><strong>a&#39;n</strong></span> <span class='ocrx_word' id='word_1_362' title='bbox 879 3629 963 3690; x_wconf 87' lang='lat' dir='ltr'><strong>nullo</strong></span> <span class='ocrx_word' id='word_1_363' title='bbox 977 3648 1048 3690; x_wconf 84' lang='lat' dir='ltr'><strong>ceso</strong></span> <span class='ocrx_word' id='word_1_364' title='bbox 1059 3626 1094 3690; x_wconf 83' lang='lat' dir='ltr'><strong>td</strong></span> <span class='ocrx_word' id='word_1_365' title='bbox 1109 3627 1217 3691; x_wconf 78' lang='lat' dir='ltr'><strong>licent?</strong></span> 
     </span>
    </p>

    <p class='ocr_par' dir='ltr' id='par_1_11' title="bbox 149 3713 1426 4334">
     <span class='ocr_line' id='line_1_40' title="bbox 194 3713 1423 3801; baseline -0.002 -21"><span class='ocrx_word' id='word_1_366' title='bbox 194 3719 287 3801; x_wconf 84' lang='lat' dir='ltr'><strong>ltesp.</strong></span> <span class='ocrx_word' id='word_1_367' title='bbox 303 3717 383 3799; x_wconf 78' lang='lat' dir='ltr'><strong>Nep.</strong></span> <span class='ocrx_word' id='word_1_368' title='bbox 402 3725 434 3782; x_wconf 91' lang='grc'><strong>10</strong></span> <span class='ocrx_word' id='word_1_369' title='bbox 451 3719 525 3800; x_wconf 91' lang='lat' dir='ltr'><strong>quia</strong></span> <span class='ocrx_word' id='word_1_370' title='bbox 543 3719 607 3800; x_wconf 89' lang='lat' dir='ltr'><strong>ipse</strong></span> <span class='ocrx_word' id='word_1_371' title='bbox 623 3719 733 3783; x_wconf 87' lang='lat' dir='ltr'><strong>Bencd.</strong></span> <span class='ocrx_word' id='word_1_372' title='bbox 756 3721 823 3781; x_wconf 85' lang='lat' dir='ltr'><strong>XlV</strong></span> <span class='ocrx_word' id='word_1_373' title='bbox 836 3717 981 3798; x_wconf 88' lang='lat' dir='ltr'><strong>supponit</strong></span> <span class='ocrx_word' id='word_1_374' title='bbox 991 3735 1095 3792; x_wconf 73' lang='lat' dir='ltr'><strong>esua,</strong></span> <span class='ocrx_word' id='word_1_375' title='bbox 1111 3715 1145 3779; x_wconf 93' lang='lat' dir='ltr'><strong>in</strong></span> <span class='ocrx_word' id='word_1_376' title='bbox 1159 3715 1273 3797; x_wconf 89' lang='lat' dir='ltr'><strong>quibus</strong></span> <span class='ocrx_word' id='word_1_377' title='bbox 1288 3715 1320 3778; x_wconf 92' lang='lat' dir='ltr'><strong>id</strong></span> <span class='ocrx_word' id='word_1_378' title='bbox 1335 3713 1423 3778; x_wconf 87' lang='lat' dir='ltr'><strong>liccat</strong></span> 
     </span>
     <span class='ocr_line' id='line_1_41' title="bbox 149 3803 1424 3890; baseline -0.005 -20"><span class='ocrx_word' id='word_1_379' title='bbox 149 3810 240 3890; x_wconf 83' lang='lat' dir='ltr'><strong>juxta</strong></span> <span class='ocrx_word' id='word_1_380' title='bbox 262 3827 348 3870; x_wconf 85' lang='lat' dir='ltr'><strong>veros</strong></span> <span class='ocrx_word' id='word_1_381' title='bbox 368 3809 420 3888; x_wconf 85' lang='lat' dir='ltr'><strong>(ut</strong></span> <span class='ocrx_word' id='word_1_382' title='bbox 441 3807 559 3888; x_wconf 91' lang='lat' dir='ltr'><strong>inquit)</strong></span> <span class='ocrx_word' id='word_1_383' title='bbox 583 3818 613 3869; x_wconf 91' lang='lat' dir='ltr'><strong>et</strong></span> <span class='ocrx_word' id='word_1_384' title='bbox 634 3825 721 3869; x_wconf 84' lang='lat' dir='ltr'><strong>sonos</strong></span> <span class='ocrx_word' id='word_1_385' title='bbox 746 3808 922 3888; x_wconf 62' lang='lat' dir='ltr'><strong>opiniones·</strong></span> <span class='ocrx_word' id='word_1_386' title='bbox 939 3809 973 3868; x_wconf 75' lang='lat'><strong>2⁰</strong></span> <span class='ocrx_word' id='word_1_387' title='bbox 992 3805 1066 3886; x_wconf 91' lang='lat' dir='ltr'><strong>quia</strong></span> <span class='ocrx_word' id='word_1_388' title='bbox 1086 3804 1248 3886; x_wconf 90' lang='lat' dir='ltr'><strong>aliquando</strong></span> <span class='ocrx_word' id='word_1_389' title='bbox 1270 3803 1424 3886; x_wconf 80' lang='lat' dir='ltr'><strong>penitens</strong></span> 
     </span>
     <span class='ocr_line' id='line_1_42' title="bbox 153 3890 1425 3977; baseline -0.006 -18"><span class='ocrx_word' id='word_1_390' title='bbox 153 3895 320 3959; x_wconf 89' lang='lat' dir='ltr'><strong>necessario</strong></span> <span class='ocrx_word' id='word_1_391' title='bbox 339 3897 515 3977; x_wconf 88' lang='lat' dir='ltr'><strong>complicem</strong></span> <span class='ocrx_word' id='word_1_392' title='bbox 537 3897 668 3959; x_wconf 88' lang='lat' dir='ltr'><strong>revelare</strong></span> <span class='ocrx_word' id='word_1_393' title='bbox 689 3895 791 3969; x_wconf 90' lang='lat' dir='ltr'><strong>debet,</strong></span> <span class='ocrx_word' id='word_1_394' title='bbox 807 3913 863 3958; x_wconf 89' lang='lat' dir='ltr'><strong>nec</strong></span> <span class='ocrx_word' id='word_1_395' title='bbox 882 3899 986 3956; x_wconf 84' lang='lat' dir='ltr'><strong>tamen</strong></span> <span class='ocrx_word' id='word_1_396' title='bbox 1004 3893 1038 3955; x_wconf 90' lang='lat' dir='ltr'><strong>id</strong></span> <span class='ocrx_word' id='word_1_397' title='bbox 1056 3892 1118 3956; x_wconf 88' lang='lat' dir='ltr'><strong>nisi</strong></span> <span class='ocrx_word' id='word_1_398' title='bbox 1132 3911 1185 3973; x_wconf 90' lang='lat' dir='ltr'><strong>per</strong></span> <span class='ocrx_word' id='word_1_399' title='bbox 1198 3890 1425 3956; x_wconf 81' lang='lat' dir='ltr'><strong>confessarium</strong></span> 
     </span>
     <span class='ocr_line' id='line_1_43' title="bbox 153 3981 1301 4066; baseline -0.003 -21"><span class='ocrx_word' id='word_1_400' title='bbox 153 3989 297 4066; x_wconf 82' lang='lat' dir='ltr'><strong>prestare</strong></span> <span class='ocrx_word' id='word_1_401' title='bbox 310 3991 419 4064; x_wconf 88' lang='lat' dir='ltr'><strong>potest.</strong></span> <span class='ocrx_word' id='word_1_402' title='bbox 436 4021 475 4031; x_wconf 93' lang='lat'><strong>-—</strong></span> <span class='ocrx_word' id='word_1_403' title='bbox 495 3985 566 4048; x_wconf 82' lang='lat' dir='ltr'><strong>Vide</strong></span> <span class='ocrx_word' id='word_1_404' title='bbox 578 3984 673 4065; x_wconf 78' lang='lat' dir='ltr'><strong>Lupo,</strong></span> <span class='ocrx_word' id='word_1_405' title='bbox 690 3981 859 4053; x_wconf 71' lang='lat' dir='ltr'><strong>aereae„</strong></span> <span class='ocrx_word' id='word_1_406' title='bbox 877 3981 908 4044; x_wconf 86' lang='lat' dir='ltr'><strong>d.</strong></span> <span class='ocrx_word' id='word_1_407' title='bbox 925 3999 1002 4057; x_wconf 77' lang='lat' dir='ltr'><strong>xvir,</strong></span> <span class='ocrx_word' id='word_1_408' title='bbox 1019 4001 1085 4044; x_wconf 85' lang='lat' dir='ltr'><strong>on.</strong></span> <span class='ocrx_word' id='word_1_409' title='bbox 1098 3985 1157 4044; x_wconf 73' lang='lat' dir='ltr'><strong>ter</strong></span> <span class='ocrx_word' id='word_1_410' title='bbox 1171 3981 1217 4042; x_wconf 83' lang='lat' dir='ltr'><strong>od</strong></span> <span class='ocrx_word' id='word_1_411' title='bbox 1229 3984 1301 4046; x_wconf 74' lang='lat' dir='ltr'><strong>tm.</strong></span> 
     </span>
     <span class='ocr_line' id='line_1_44' title="bbox 154 4068 1426 4155; baseline -0.001 -25"><span class='ocrx_word' id='word_1_412' title='bbox 154 4123 158 4130; x_wconf 89' lang='lat'><strong>.</strong></span> <span class='ocrx_word' id='word_1_413' title='bbox 194 4073 295 4147; x_wconf 73' lang='lat' dir='ltr'><strong>Quen.</strong></span> <span class='ocrx_word' id='word_1_414' title='bbox 313 4077 346 4136; x_wconf 80' lang='lat'><strong>5⁰</strong></span> <span class='ocrx_word' id='word_1_415' title='bbox 368 4074 420 4135; x_wconf 85' lang='lat' dir='ltr'><strong>An</strong></span> <span class='ocrx_word' id='word_1_416' title='bbox 439 4075 480 4136; x_wconf 79' lang='lat' dir='ltr'><strong>sit</strong></span> <span class='ocrx_word' id='word_1_417' title='bbox 503 4074 650 4155; x_wconf 75' lang='lat' dir='ltr'><strong>obligatio</strong></span> <span class='ocrx_word' id='word_1_418' title='bbox 671 4071 835 4154; x_wconf 77' lang='lat' dir='ltr'><strong>confitendi</strong></span> <span class='ocrx_word' id='word_1_419' title='bbox 849 4081 1024 4154; x_wconf 83' lang='lat' dir='ltr'><strong>peccatam,</strong></span> <span class='ocrx_word' id='word_1_420' title='bbox 1044 4069 1127 4154; x_wconf 79' lang='lat' dir='ltr'><strong>qnod</strong></span> <span class='ocrx_word' id='word_1_421' title='bbox 1144 4068 1298 4132; x_wconf 63' lang='lat' dir='ltr'><strong>declam</strong></span> <span class='ocrx_word' id='word_1_422' title='bbox 1319 4071 1426 4152; x_wconf 79' lang='lat' dir='ltr'><strong>nequit</strong></span> 
     </span>
     <span class='ocr_line' id='line_1_45' title="bbox 153 4155 1426 4246; baseline -0.005 -22"><span class='ocrx_word' id='word_1_423' title='bbox 153 4161 218 4224; x_wconf 83' lang='lat' dir='ltr'><strong>sine</strong></span> <span class='ocrx_word' id='word_1_424' title='bbox 227 4161 427 4242; x_wconf 76' lang='lat' dir='ltr'><strong>insectatione</strong></span> <span class='ocrx_word' id='word_1_425' title='bbox 443 4163 583 4242; x_wconf 78' lang='lat' dir='ltr'><strong>alterins,</strong></span> <span class='ocrx_word' id='word_1_426' title='bbox 604 4161 660 4246; x_wconf 80' lang='lat' dir='ltr'><strong>qui</strong></span> <span class='ocrx_word' id='word_1_427' title='bbox 672 4163 736 4244; x_wconf 79' lang='lat' dir='ltr'><strong>snit</strong></span> <span class='ocrx_word' id='word_1_428' title='bbox 756 4161 871 4223; x_wconf 80' lang='lat' dir='ltr'><strong>occasio</strong></span> <span class='ocrx_word' id='word_1_429' title='bbox 879 4163 1013 4244; x_wconf 79' lang='lat' dir='ltr'><strong>peceati,</strong></span> <span class='ocrx_word' id='word_1_430' title='bbox 1030 4179 1058 4222; x_wconf 89' lang='lat' dir='ltr'><strong>o.</strong></span> <span class='ocrx_word' id='word_1_431' title='bbox 1073 4178 1137 4242; x_wconf 65' lang='lat' dir='ltr'><strong>pr„</strong></span> <span class='ocrx_word' id='word_1_432' title='bbox 1151 4157 1261 4240; x_wconf 78' lang='lat' dir='ltr'><strong>siquis</strong></span> <span class='ocrx_word' id='word_1_433' title='bbox 1281 4155 1426 4222; x_wconf 81' lang='lat' dir='ltr'><strong>occiderit</strong></span> 
     </span>
     <span class='ocr_line' id='line_1_46' title="bbox 153 4249 760 4334; baseline -0.002 -21"><span class='ocrx_word' id='word_1_434' title='bbox 153 4268 285 4313; x_wconf 73' lang='lat' dir='ltr'><strong>sororem</strong></span> <span class='ocrx_word' id='word_1_435' title='bbox 296 4268 382 4312; x_wconf 85' lang='lat' dir='ltr'><strong>suom</strong></span> <span class='ocrx_word' id='word_1_436' title='bbox 395 4269 433 4312; x_wconf 80' lang='lat' dir='ltr'><strong>ee</strong></span> <span class='ocrx_word' id='word_1_437' title='bbox 446 4253 571 4315; x_wconf 66' lang='lat' dir='ltr'><strong>uimine</strong></span> <span class='ocrx_word' id='word_1_438' title='bbox 580 4249 760 4334; x_wconf 64' lang='lat' dir='ltr'><strong>peridem?</strong></span> 
     </span>
    </p>

    <p class='ocr_par' dir='ltr' id='par_1_12' title="bbox 154 4333 1469 4600">
     <span class='ocr_line' id='line_1_47' title="bbox 195 4333 1425 4422; baseline -0.003 -20"><span class='ocrx_word' id='word_1_439' title='bbox 195 4339 306 4422; x_wconf 76' lang='lat' dir='ltr'><strong>Hesp:</strong></span> <span class='ocrx_word' id='word_1_440' title='bbox 322 4337 570 4403; x_wconf 80' lang='lat' dir='ltr'><strong>Controuertitor</strong></span> <span class='ocrx_word' id='word_1_441' title='bbox 591 4346 627 4404; x_wconf 90' lang='lat' dir='ltr'><strong>ut</strong></span> <span class='ocrx_word' id='word_1_442' title='bbox 647 4338 683 4402; x_wconf 92' lang='lat' dir='ltr'><strong>in</strong></span> <span class='ocrx_word' id='word_1_443' title='bbox 702 4357 775 4403; x_wconf 88' lang='lat' dir='ltr'><strong>casu</strong></span> <span class='ocrx_word' id='word_1_444' title='bbox 796 4338 856 4402; x_wconf 88' lang='lat' dir='ltr'><strong>fere</strong></span> <span class='ocrx_word' id='word_1_445' title='bbox 880 4337 990 4414; x_wconf 87' lang='lat' dir='ltr'><strong>simili,</strong></span> <span class='ocrx_word' id='word_1_446' title='bbox 1008 4337 1044 4400; x_wconf 93' lang='lat' dir='ltr'><strong>de</strong></span> <span class='ocrx_word' id='word_1_447' title='bbox 1060 4354 1121 4419; x_wconf 87' lang='lat' dir='ltr'><strong>quc</strong></span> <span class='ocrx_word' id='word_1_448' title='bbox 1135 4353 1228 4417; x_wconf 86' lang='lat' dir='ltr'><strong>supra</strong></span> <span class='ocrx_word' id='word_1_449' title='bbox 1245 4335 1281 4398; x_wconf 91' lang='lat' dir='ltr'><strong>in</strong></span> <span class='ocrx_word' id='word_1_450' title='bbox 1295 4333 1425 4418; x_wconf 80' lang='lat' dir='ltr'><strong>quesite</strong></span> 
     </span>
     <span class='ocr_line' id='line_1_48' title="bbox 154 4423 1469 4511; baseline -0.004 -18"><span class='ocrx_word' id='word_1_451' title='bbox 154 4427 254 4510; x_wconf 88' lang='lat' dir='ltr'><strong>primo</strong></span> <span class='ocrx_word' id='word_1_452' title='bbox 273 4427 390 4493; x_wconf 89' lang='lat' dir='ltr'><strong>dictum</strong></span> <span class='ocrx_word' id='word_1_453' title='bbox 408 4435 465 4492; x_wconf 90' lang='lat' dir='ltr'><strong>est.</strong></span> <span class='ocrx_word' id='word_1_454' title='bbox 483 4427 625 4492; x_wconf 78' lang='lat' dir='ltr'><strong>Affirmat</strong></span> <span class='ocrx_word' id='word_1_455' title='bbox 638 4428 723 4511; x_wconf 73' lang='lat' dir='ltr'><strong>Lupo</strong></span> <span class='ocrx_word' id='word_1_456' title='bbox 741 4445 813 4492; x_wconf 92' lang='lat' dir='ltr'><strong>cum</strong></span> <span class='ocrx_word' id='word_1_457' title='bbox 829 4427 909 4490; x_wconf 85' lang='lat' dir='ltr'><strong>aliis.</strong></span> <span class='ocrx_word' id='word_1_458' title='bbox 927 4431 1021 4506; x_wconf 87' lang='lat' dir='ltr'><strong>Negat</strong></span> <span class='ocrx_word' id='word_1_459' title='bbox 1040 4443 1111 4490; x_wconf 88' lang='lat' dir='ltr'><strong>vero</strong></span> <span class='ocrx_word' id='word_1_460' title='bbox 1131 4424 1248 4488; x_wconf 76' lang='lat' dir='ltr'><strong>Saurea</strong></span> <span class='ocrx_word' id='word_1_461' title='bbox 1265 4441 1338 4488; x_wconf 93' lang='lat' dir='ltr'><strong>cum</strong></span> <span class='ocrx_word' id='word_1_462' title='bbox 1355 4423 1423 4506; x_wconf 91' lang='lat' dir='ltr'><strong>plu·</strong></span> <span class='ocrx_word' id='word_1_463' title='bbox 1467 4485 1469 4488; x_wconf 83' lang='lat'><strong>.</strong></span> 
     </span>
     <span class='ocr_line' id='line_1_49' title="bbox 155 4514 1021 4600; baseline -0.001 -23"><span class='ocrx_word' id='word_1_464' title='bbox 155 4515 251 4580; x_wconf 90' lang='lat' dir='ltr'><strong>ribus.</strong></span> <span class='ocrx_word' id='word_1_465' title='bbox 267 4519 334 4580; x_wconf 83' lang='lat' dir='ltr'><strong>Stat</strong></span> <span class='ocrx_word' id='word_1_466' title='bbox 347 4515 444 4600; x_wconf 88' lang='lat' dir='ltr'><strong>igitur</strong></span> <span class='ocrx_word' id='word_1_467' title='bbox 456 4516 530 4579; x_wconf 87' lang='lat' dir='ltr'><strong>hinc</strong></span> <span class='ocrx_word' id='word_1_468' title='bbox 543 4523 574 4579; x_wconf 90' lang='lat' dir='ltr'><strong>et</strong></span> <span class='ocrx_word' id='word_1_469' title='bbox 587 4515 659 4578; x_wconf 89' lang='lat' dir='ltr'><strong>inde</strong></span> <span class='ocrx_word' id='word_1_470' title='bbox 671 4516 796 4600; x_wconf 87' lang='lat' dir='ltr'><strong>equalis</strong></span> <span class='ocrx_word' id='word_1_471' title='bbox 810 4514 1021 4598; x_wconf 86' lang='lat' dir='ltr'><strong>probabilitas.</strong></span> 
     </span>
    </p>
   </div>
   <div class='ocr_carea' id='block_1_4' title="bbox 0 0 1626 5042">
    <p class='ocr_par' dir='ltr' id='par_1_13' title="bbox 0 0 1626 5042">
     <span class='ocr_line' id='line_1_50' title="bbox 0 0 1626 5042; baseline 0 0"><span class='ocrx_word' id='word_1_472' title='bbox 0 0 1626 5042; x_wconf 95' lang='lat' dir='ltr'><strong> </strong></span> 
     </span>
    </p>
   </div>
  </div>
 </body>
</html>
