3206 5042
222 187 290 248 tra
749 177 957 226 reserares

222 311 343 394 papales
356 322 462 368 omnes
475 303 550 364 siml
562 295 709 360 reservati
723 311 792 356 eum
805 311 950 366 censura,
964 291 1086 354 duobus
1098 294 1249 374 exceptis,
1264 298 1402 362 scilieet:
1421 308 1457 365 po
1471 324 1518 368 30„

224 398 341 464 cusatio
358 395 434 455 falsa
454 392 490 453 de
510 385 722 450 sollicitatione
741 389 847 444 contra
866 381 1073 454 Sacerdotem
1096 385 1129 443 2⁰
1147 387 1314 464 acceptatio
1334 406 1513 456 munaum

224 485 409 552 notabilium
423 500 442 542 a
455 475 625 556 Religiosis.
643 509 682 518 -·
697 473 801 537 Recole
816 471 912 546 dieto,
929 490 961 529 n.
980 474 1051 532 570.

261 581 296 639 5⁰
315 573 420 636 Danda
434 574 480 630 est
499 563 650 628 absolutio
665 582 683 625 a
701 559 837 624 censuris
856 576 919 620 non
938 565 1064 619 tanurm
1078 559 1155 634 illis,
1170 563 1227 642 qui
1247 570 1328 627 certo
1343 568 1394 628 rel
1413 571 1510 634 dubie

223 666 290 728 illas
304 662 517 730 mollierunt,
533 655 586 716 sed
598 653 691 714 etiam
703 649 829 712 cuilibet
842 647 1022 727 penitenti,
1039 652 1206 730 anuqnam
1217 653 1399 718 absolvatur
1410 675 1429 719 a
1439 678 1508 738 pec.

223 754 312 826 eatis,
331 755 366 812 ut
379 752 574 811 removeatur
587 739 756 821 aecipiendi
776 735 964 802 Saoraurenti
984 736 1263 817 impedimentum,
1280 743 1307 804 si
1328 747 1413 824 quod
1429 748 1505 812 torte
1587 791 1588 796 κ

223 841 358 904 exsistat.
372 872 413 884 —
427 836 498 916 (Ex
510 833 577 893 nrt.
594 829 696 910 Rom.)
708 830 775 902 Qua
788 844 859 888 vore
877 825 976 886 forma
989 827 1145 889 utendum
1160 829 1219 904 sit,
1241 832 1336 894 recole
1350 834 1436 897 diets
1449 838 1503 898 uhi

223 929 473 1002 dernr'tentiu,
491 943 521 983 n.
535 926 606 983 lbi).

344 1075 538 1155 Quaesita.

258 1231 332 1291 954.
343 1258 383 1269 -
397 1226 500 1298 Quian.
519 1224 551 1280 1ο
563 1217 612 1276 Αη
624 1218 720 1296 possit
733 1213 848 1274 absolui
863 1211 989 1272 absens?

262 1317 352 1395 Resp.
371 1312 510 1390 Affirm,
527 1307 636 1369 saltem
650 1303 757 1364 aalide.
773 1301 862 1365 Ratio
874 1307 935 1374 est,
953 1300 1026 1380 quia
1042 1301 1121 1364 sicut
1136 1321 1227 1382 poena
1237 1312 1335 1386 petest
1351 1309 1449 1372 statui
1463 1311 1496 1373 in

222 1405 394 1472 absentem,
416 1399 462 1458 ita
482 1402 512 1458 et
532 1394 594 1456 tolli
617 1399 726 1472 potest.
748 1391 915 1453 Deducitur
933 1388 1026 1451 etiam
1044 1390 1203 1454 evidenter
1221 1413 1256 1456 er
1273 1396 1346 1457 Jure
1362 1418 1429 1457 eun.
1454 1435 1497 1445 -

221 1492 334 1570 Excipe
351 1487 412 1550 nisi
427 1487 475 1547 lex
492 1489 546 1546 aut
564 1481 706 1562 Superior
725 1480 813 1541 aliter
832 1483 962 1552 statuat,
980 1497 1011 1540 v.
1028 1499 1086 1558 gr,
1109 1480 1136 1542 si
1155 1484 1314 1562 precipiat,
1332 1491 1365 1545 ut
1379 1486 1452 1563 quis
1471 1507 1492 1548 a

223 1579 274 1642 tali
290 1594 418 1640 censura
429 1593 490 1636 non
504 1572 679 1634 absolvatur
690 1577 777 1631 extra
790 1572 1022 1631 Sacramentum
1036 1569 1236 1645 Paenitentia,
1249 1579 1335 1650 pront
1346 1572 1494 1636 decisum

221 1667 315 1730 fuisse
329 1686 348 1726 a
361 1661 504 1742 Gregorio
524 1662 605 1733 Xlll,
622 1659 723 1739 quoad
736 1657 958 1719 absolutionem
979 1657 1177 1738 episcopalem
1195 1677 1314 1721 casuum
1328 1661 1493 1740 papalium

222 1756 424 1826 occultorum,
442 1750 577 1812 affirmat
592 1748 627 1810 S.
646 1747 750 1827 Arpi,
772 1745 792 1806 t.
810 1748 865 1818 Vl,
879 1767 911 1806 n.
928 1749 998 1808 593.
1016 1749 1055 1806 Et
1069 1747 1194 1826 qrurlem
1209 1747 1270 1828 lege
1284 1748 1494 1828 ipsaTritlen-

222 1845 289 1906 tina
307 1848 373 1924 jam
393 1837 635 1921 prohibebantur
654 1835 810 1916 Episcopi,
828 1853 867 1895 ne
886 1834 924 1894 ab
946 1833 994 1895 his
1014 1835 1134 1897 casibus
1158 1837 1281 1899 occultis
1305 1839 1492 1901 absolverent

223 1932 385 1995 subditum
402 1935 490 1991 extra
504 1925 660 1988 diaecesim
674 1924 888 1996 exsistentem,
905 1928 942 1984 ut
957 1923 1058 1984 videre
1072 1931 1119 1986 est
1133 1924 1167 1986 in
1180 1945 1245 2006 cap.
1262 1927 1314 1988 cit.
1332 1927 1445 1988 Liceat.

157 2072 160 2080 ·
262 2031 362 2103 Quen.
375 2032 408 2088 2⁰
422 2031 472 2086 An
488 2023 660 2104 Episcopus
676 2021 780 2081 absens
796 2018 947 2080 absoluere
957 2022 1058 2100 possit
1071 2022 1261 2084 exsistentem
1276 2025 1309 2084 a'n
1323 2024 1460 2086 diocesi?

263 2124 350 2204 Resp.
371 2121 496 2202 Affirm.
512 2121 610 2199 juxto
630 2139 744 2179 ornnes.
759 2115 848 2180 ilatio
863 2122 924 2189 est,
941 2116 1014 2196 quia
1030 2117 1070 2178 ad
1084 2117 1306 2182 absolutionem
1323 2140 1382 2183 non
1396 2121 1497 2201 requi-

222 2213 303 2275 ritur
326 2210 459 2291 cognitio
484 2227 603 2282 causae,
629 2227 684 2268 nec
708 2205 852 2286 strepitus
873 2205 1049 2285 judicialis;
1076 2213 1105 2268 et
1128 2207 1256 2288 preinde
1280 2211 1358 2272 nihil
1382 2211 1495 2282 obstat,

223 2301 392 2383 quominus
413 2299 579 2379 Episcopus
602 2297 691 2357 talem
711 2303 814 2356 actum
831 2293 1053 2374 jurisdictionis
1074 2295 1109 2357 in
1128 2297 1225 2360 aliene
1244 2299 1398 2362 territorio
1417 2318 1497 2361 exer-

224 2396 297 2451 ceat.
318 2393 409 2450 Serus
427 2395 545 2458 tamen,
561 2385 587 2444 si
599 2384 755 2464 judicialis
771 2384 917 2464 strepitus
934 2385 1116 2464 quandoque
1126 2387 1312 2466 requiratur.
1326 2425 1367 2433 —
1378 2387 1414 2450 S.
1426 2390 1495 2470 tu.

226 2497 257 2536 n.
270 2482 321 2536 El.

265 2573 335 2633 955.
352 2604 392 2613 —
406 2569 507 2642 Ques.
524 2573 557 2630 3⁰
572 2567 623 2628 An
635 2567 732 2647 possit
745 2568 859 2628 absolui
874 2569 1008 2629 invitus?

268 2668 356 2749 Itesp.
378 2665 504 2747 Asfinn.
526 2665 614 2728 Ratio
636 2666 740 2728 eadem
763 2673 824 2740 est,
845 2685 879 2728 ac
899 2685 972 2728 mox
994 2667 1076 2728 allata
1093 2684 1098 2725 :
1115 2664 1227 2726 etenim
1243 2665 1326 2726 siem
1343 2684 1440 2745 poena
1463 2673 1501 2732 in

224 2758 382 2820 absentem
401 2762 432 2818 et
446 2754 582 2817 invitum
597 2754 669 2816 ferri
684 2759 796 2833 potest,
814 2755 857 2816 sic
875 2755 967 2817 etiarn
985 2756 1022 2817 ab
1037 2773 1069 2816 ee
1082 2751 1206 2830 auierri3
1221 2759 1361 2815 attamen
1374 2755 1409 2816 irl
1425 2755 1498 2819 beri
1587 2765 1588 2768 ’

225 2864 288 2908 non
301 2845 423 2925 expedit
439 2843 507 2906 sine
522 2843 640 2906 ratione
654 2843 741 2905 valde
756 2844 857 2923 gravi,
870 2852 900 2906 et
913 2845 1045 2907 cavendo
1060 2863 1111 2917 ne,
1122 2843 1260 2906 dumille
1272 2861 1290 2904 a
1301 2846 1496 2908 contumacia

225 2953 285 2998 non
300 2940 412 3008 cessat,
431 2951 558 2994 censura
573 2933 762 3012 contemptui
778 2933 937 2996 habeatur.
951 2947 994 2978 —·
1005 2933 1041 2994 S.
1055 2932 1124 3016 Lu.
1136 2953 1169 2993 e.
1185 2938 1254 2995 tlt.

266 3035 369 3106 Qum.
396 3035 430 3091 t⁰
451 3031 499 3090 An
514 3031 580 3104 itte,
597 3031 651 3110 qui
668 3043 711 3091 est
725 3031 885 3092 obstructus
897 3032 1039 3114 pluribus
1054 3031 1201 3108 censuris,
1216 3031 1317 3114 possit
1332 3029 1446 3094 absolui
1458 3031 1498 3091 ab

225 3140 286 3181 unu
294 3167 303 3198 ‚
320 3120 543 3180 remanentibus
558 3119 648 3179 aliis?
1011 3183 1013 3188 ,

265 3210 355 3289 Hesp.
372 3207 491 3288 Affirm.
509 3207 595 3272 Ratio
610 3215 670 3283 est,
692 3209 766 3288 qrria
784 3208 933 3272 intereas
954 3229 1016 3272 non
1034 3217 1081 3272 est
1099 3209 1267 3274 necessaria
1283 3211 1441 3273 connexio.
1460 3213 1500 3272 Et

224 3305 345 3378 peecata
359 3299 485 3376 quidem
507 3297 649 3360 mortalia
664 3297 780 3359 absolvi
797 3298 856 3360 alia
871 3299 937 3360 sine
957 3299 1025 3361 aliis
1039 3318 1235 3380 nequaquam
1253 3307 1395 3380 pessunt;
1413 3317 1500 3360 serus

224 3391 327 3448 autem
338 3395 384 3447 est
395 3387 431 3448 de
444 3386 592 3458 censuris,
605 3404 738 3466 quarum
751 3386 976 3450 absolutiones
989 3388 1105 3450 confert
1117 3389 1247 3468 gratiam
1257 3387 1503 3450 sanctificantem

225 3479 394 3537 censurotn.
414 3475 571 3538 Habentur
589 3493 659 3554 erge
678 3475 777 3537 instar
796 3483 987 3550 catenarum,
1010 3495 1145 3558 quarum
1163 3478 1230 3540 alie
1249 3475 1312 3538 sine
1331 3473 1401 3536 aliis
1420 3474 1503 3537 solvi

225 3572 366 3642 possunt.

264 3655 365 3726 Quen.
380 3655 413 3713 5⁰
430 3651 538 3714 Utrum
553 3653 665 3714 absolvi
678 3655 773 3735 possit
788 3675 806 3714 a
820 3657 955 3717 ceucris
973 3655 1027 3716 itte
1044 3656 1097 3738 qui
1116 3655 1249 3717 nondum
1264 3653 1389 3737 publice
1408 3673 1502 3735 repu-

225 3743 306 3804 rnuit
318 3741 494 3804 scandalunt
502 3789 510 3820 ,
525 3743 746 3824 propterquod
760 3764 891 3807 censurae
905 3745 1099 3826 subjacebat?

267 3841 354 3921 Hesp.
368 3839 456 3919 Nep„
472 3840 580 3902 saltem
590 3861 695 3922 perse
710 3847 740 3902 et
755 3843 923 3921 generatim
938 3843 1102 3923 loquendo,
1118 3861 1172 3904 seu
1187 3841 1339 3924 quamdiu
1350 3839 1500 3922 reparatio

225 3929 378 4008 possibilis
398 3936 459 4004 est,
482 3937 536 3992 aut
557 3931 656 3992 nimia
674 3949 736 3992 nen
755 3931 843 3993 affert
860 3933 1064 3994 incommoda.
1090 3935 1216 3994 Constat
1238 3949 1277 3993 en
1297 3929 1503 3994 Declaratione

224 4013 259 4074 S.
279 4016 389 4077 Ponit.
414 4018 463 4080 die
482 4023 500 4081 5
520 4018 595 4082 Julii
614 4023 701 4082 tear.
717 4024 809 4081 —Et
827 4021 908 4082 idem
928 4021 1055 4083 omnino
1075 4020 1239 4082 dicendum
1261 4027 1308 4082 est
1325 4021 1362 4082 de
1381 4020 1433 4080 ille
1452 4013 1507 4096 qui
1587 4063 1588 4066 ,

223 4103 364 4164 nendum
379 4107 530 4185 reparavit
542 4108 692 4170 damnum
706 4108 753 4169 vel
764 4107 927 4190 injuriam,
942 4117 1065 4190 prepter
1079 4128 1147 4189 quas
1161 4126 1297 4171 censura
1313 4107 1505 4190 subjacetis

224 4191 324 4267 enirn,
341 4191 402 4254 nisi
417 4195 504 4273 prius
517 4197 597 4276 parti
613 4197 691 4260 lese
703 4197 883 4272 satisfaciat,
903 4207 975 4272 aut,
996 4199 1022 4260 si
1038 4217 1100 4261 nors
1115 4197 1214 4277 possit
1227 4197 1420 4270 satisfacere,
1437 4211 1508 4275 pro

223 4281 331 4344 mittat
344 4282 454 4344 saltem
470 4303 501 4346 se
512 4285 761 4361 satisfacturum,
779 4286 885 4349 illicite
899 4288 1072 4350 absolvitur
1084 4287 1180 4348 etiam
1191 4285 1427 4360 abominaris,
1446 4285 1508 4345 imo

224 4375 255 4430 et
275 4371 410 4434 invalide
429 4373 637 4438 absolveretur
658 4396 676 4439 a
697 4375 847 4456 delegato,
870 4380 957 4458 cujus
977 4383 1111 4458 potestas
1132 4376 1187 4438 tali
1207 4375 1414 4438 satisfactioni
1433 4389 1514 4453 prae-

225 4459 355 4534 stands,
373 4479 427 4523 seu
446 4463 629 4538 conditioni,
651 4466 873 4528 adnecteretur.
887 4502 928 4512 -
943 4467 1117 4539 Anautem
1136 4465 1170 4526 in
1190 4464 1323 4528 Induitis
1338 4460 1518 4546 pmtifietis
