3198 5036
641 161 682 205 DE
702 161 879 204 Burslsno

613 233 622 254 ι

626 370 799 445 cneus
830 369 893 444 111
960 335 961 338 ‘

509 543 559 592 DE
586 540 785 591 MINISTRO
812 541 1007 590 BAPTISbll

163 689 304 754 Minister
319 689 468 770 baptismi
486 689 564 752 alius
583 695 629 751 est
643 688 832 764 ordinarius,
847 692 878 749 et
891 688 969 750 alius
985 685 1262 750 extraordinarios.
1280 693 1395 753 Iterum

119 779 261 842 Minister
275 777 536 840 extraordinarius
552 782 598 840 est
614 777 744 858 duplex:
760 794 870 857 nempe
883 775 1024 840 Minister
1040 777 1240 838 solemnitatis
1258 785 1288 840 et
1301 799 1395 840 neccs-

117 871 235 930 sitatis.

247 993 470 1074 Principia.

162 1145 231 1205 243.
246 1176 286 1186 —
297 1143 320 1202 l.
337 1139 444 1202 Omnis
458 1144 488 1200 et
501 1139 740 1202 solus'Sacerdos
755 1139 787 1200 vi
803 1157 865 1201 suae
882 1138 1084 1202 ordinationis
1098 1146 1143 1201 est
1158 1140 1298 1203 Minister
1312 1143 1393 1202 ordi-

116 1233 229 1294 narius
245 1228 405 1310 Baptismi.
423 1231 548 1292 Constat
563 1246 600 1289 ex
616 1226 710 1290 variis
724 1227 795 1289 locis
809 1229 892 1290 Juris
910 1245 989 1301 can„
1003 1236 1034 1290 et
1049 1249 1087 1289 oo·
1100 1228 1192 1292 Cooo.
1210 1229 1344 1292 Floreat.
1362 1235 1394 1292 io

116 1319 249 1382 Decrelo
264 1319 401 1396 aaronis,
416 1335 534 1380 necnon
548 1336 586 1379 ex
600 1315 766 1378 universali
781 1317 918 1380 Ecclesiae
932 1317 1030 1397 praxi.

161 1411 199 1470 ll.
221 1408 371 1470 Diacouus
388 1411 435 1469 est
453 1405 593 1469 Minister
613 1404 876 1466 extraordinarios
893 1411 925 1468 et
941 1405 1155 1486 solemnizatis,
1175 1407 1208 1469 id
1229 1415 1275 1470 ost
1290 1409 1393 1472 valeus

114 1497 292 1558 solemniter
303 1495 470 1576 baptizare,
488 1495 540 1558 sed
553 1499 676 1557 tantum
692 1513 730 1556 ex
744 1493 944 1575 delegatione,
958 1502 989 1557 et
1004 1497 1040 1558 de
1054 1496 1140 1575 gravi
1156 1516 1256 1559 cansa.
1268 1500 1394 1562 Constat

115 1605 159 1648 ex
171 1586 247 1648 Jure
264 1605 345 1658 com,
362 1594 390 1646 et
405 1582 584 1665 Pontifiooli
600 1583 752 1650 Romano,
769 1601 823 1645 seu
842 1601 878 1645 ex
894 1583 1096 1646 instructione
1112 1585 1250 1665 Episcopi
1269 1587 1307 1647 ad
1324 1587 1391 1648 Dia-

114 1693 211 1738 conos
224 1673 260 1734 in
274 1671 479 1746 ordinatione,
495 1679 552 1734 eto.

161 1763 215 1822 ΙΙΙ.
238 1759 372 1834 Quilibet
387 1760 479 1822 homo
497 1760 615 1822 ratione
633 1767 738 1832 utens,
756 1759 820 1820 sive
834 1758 892 1832 vir,
910 1760 974 1821 sive
989 1760 1111 1834 millies,
1128 1761 1192 1823 sive
1210 1762 1391 1839 catholicus,

110 1850 187 1914 sive
204 1848 381 1920 haereticus,
398 1847 462 1909 sive
480 1848 591 1921 fidelis,
608 1848 672 1910 sive
690 1845 837 1920 infidelis,
851 1853 898 1908 est
911 1847 1050 1910 Minister
1067 1849 1329 1911 eotroordiaoriuo
1339 1855 1394 1914 Ba-

111 1937 245 2020 ptismi,
260 1935 306 1998 ita
319 1943 355 1998 ut
369 1954 487 2016 semper
499 1935 611 2010 valide,
622 1941 654 1997 et
667 1939 699 1995 in
714 1935 889 1996 necessitato
902 1935 996 1998 otiam
1008 1935 1102 2011 licite,
1116 1937 1269 2017 baptizare
1284 1939 1389 2019 possit.

114 2025 252 2089 Eruitur
263 2043 301 2086 ex
315 2024 426 2086 iisdem
440 2022 575 2086 lontibus
589 2041 621 2086 ac
634 2043 728 2104 supra
738 2023 773 2085 in
785 2029 817 2084 1⁰
829 2023 977 2104 principio
992 2024 1106 2087 dictum
1122 2031 1178 2088 est.

160 2116 211 2175 lv.
236 2113 320 2175 Licet
338 2113 439 2174 omnis
453 2114 594 2176 Sacerdos
613 2113 644 2175 vi
663 2112 863 2174 ordinationis
877 2119 1059 2192 potestatem
1072 2115 1184 2176 habeat
1196 2115 1388 2196 baptizandi,

117 2221 182 2266 non
200 2207 299 2282 potest
320 2208 424 2263 tamen
440 2220 473 2262 ea
491 2201 573 2263 licite
591 2201 653 2276 uti,
671 2200 765 2262 etiam
784 2200 948 2280 privatim,
965 2208 1052 2264 extra
1070 2221 1174 2266 casum
1189 2205 1390 2282 necessitatis

116 2291 181 2354 nisi
192 2288 439 2371 jurisdictionem
454 2289 641 2352 ordinariam
657 2291 703 2353 vel
721 2289 888 2368 delegatam
902 2289 1022 2352 habeat.
1037 2295 1160 2354 Constat
1175 2313 1213 2354 ec
1226 2293 1304 2356 Juro
1320 2314 1389 2356 oon.

1 2375 2 2386 ¹
115 2387 149 2443 et
161 2399 199 2442 eu
214 2379 277 2441 th.
295 2379 381 2440 Rom.
395 2377 431 2440 de
444 2377 615 2460 Baptismo.

240 2524 454 2588 ResolveS.

158 2652 562 2727 alc-1⁰NeoParoohus,
577 2669 631 2713 nec
643 2651 821 2730 Episcopus,
834 2652 948 2732 absque
957 2653 1186 2728 commissione,
1199 2661 1284 2718 extra
1296 2676 1386 2720 suam

116 2740 287 2814 dioecesim,
300 2741 348 2802 vel
362 2739 549 2820 parochiam,
566 2741 612 2802 vel
622 2739 706 2802 intra
718 2759 786 2802 eam
798 2741 911 2802 alienos
923 2740 1005 2802 licite
1019 2741 1165 2822 baptizat.
1180 2744 1309 2823 ideoque
1322 2764 1391 2824 pec-

5 2879 16 2908 ,
116 2837 189 2893 caut
207 2829 302 2892 etiam
324 2833 473 2909 parentes·
483 2829 538 2909 qui
559 2827 624 2890 sine
648 2829 773 2891 licentia
790 2828 839 2892 sui
858 2828 980 2892 Praelati
1003 2830 1092 2892 alteri
1112 2830 1252 2892 deferunt
1275 2833 1391 2910 prolem

115 2919 347 2999 baptizandam,
363 2917 516 2998 siquidem
526 2921 579 2998 jus
592 2917 717 2980 Parochi
730 2918 856 2982 violant.
869 2953 908 2964 -
921 2916 956 2980 S.
970 2917 1041 2998 Lip,
1054 2939 1084 2979 a.
1101 2923 1175 2981 lld.

157 3013 190 3070 2⁰
211 3005 379 3087 Peregrini,
404 3006 560 3087 vel'vagi,
583 3013 711 3086 possunt
737 3006 886 3086 baptizari
912 3006 948 3068 iu
977 3006 1112 3088 qualibet
1135 3008 1266 3071 Ecclesia
1293 3027 1388 3088 quam

114 3096 271 3177 elegerint.
288 3095 320 3158 Si
337 3095 448 3157 mulier
462 3111 533 3158 casu
551 3093 649 3173 pariat
661 3095 696 3156 in
714 3095 867 3174 pago‘uou
885 3115 955 3170 suo,
970 3095 1068 3176 proles
1087 3095 1125 3156 ab
1142 3096 1225 3158 illius
1243 3095 1312 3175 pagi
1328 3099 1384 3158 Pa·

112 3185 206 3248 rocbo
228 3190 274 3248 ost
301 3183 497 3264 baptizanda,
520 3182 582 3244 uisi
605 3182 680 3244 lorte
702 3201 798 3262 pagus
821 3185 960 3264 proprius
988 3202 1100 3264 parum
1126 3184 1198 3247 iude
1219 3185 1326 3247 distet.
1351 3221 1390 3234 -·

112 3272 148 3336 S.
162 3275 234 3356 Lip.
251 3295 283 3336 n.
300 3278 370 3336 let.

155 3368 189 3426 3⁰
209 3365 304 3426 lurda
327 3360 569 3424 communiorem
588 3366 618 3422 et
636 3359 869 3439 probabiliorem
892 3360 1079 3423 sententiam
1098 3367 1227 3441 possunt
1243 3363 1383 3436 advenae,

113 3452 170 3531 qui
185 3452 344 3533 proprium
361 3449 435 3514 alibi
452 3449 566 3512 babent
583 3448 791 3522 domicilium,
810 3449 940 3529 recipere
956 3450 1151 3530 Baptismum
1166 3451 1270 3513 etalio
1286 3453 1388 3512 Sacra-

114 3545 219 3604 menta
232 3541 327 3604 etiam
341 3560 360 3603 a
372 3538 504 3602 Parocbo
517 3537 642 3600 alterius
659 3537 719 3600 loci.
729 3536 783 3600 ubi
795 3537 1093 3616 quasi-domicilium
1108 3542 1335 3600 contraxerunt.
1350 3575 1389 3586 —-

113 3628 149 3690 S.
163 3630 233 3712 Lt'p.
249 3652 280 3692 n.
298 3635 367 3694 ΗΒ.
881 3699 886 3712 ,

153 3723 186 3782 4⁰
207 3723 380 3782 Extraneus
395 3726 499 3781 autem
514 3717 662 3798 baptizati
676 3723 776 3797 potest
795 3717 832 3778 de
849 3715 971 3778 licentia
987 3715 1050 3778 sive
1064 3733 1205 3796 expressa
1218 3715 1283 3779 sive
1297 3716 1388 3779 ratio-

112 3808 259 3872 nabiliter
273 3815 461 3889 presumpta
474 3807 588 3888 proprii
602 3805 781 3882 Sacerdotis.
796 3841 835 3852 -·
849 3806 886 3868 S.
898 3806 966 3887 Lr'p.
983 3826 1013 3866 a.
1030 3811 1100 3869 115.

155 3901 186 3960 5⁰
206 3903 338 3961 Possunt
361 3896 503 3976 Religiosi
524 3895 677 3978 baptizare
697 3896 731 3958 iu
754 3915 826 3958 casu
848 3895 1054 3968 necessitatis
1077 3894 1124 3957 vel
1146 3895 1182 3956 de
1203 3896 1308 3958 eadem
1330 3899 1385 3959 Ps-

113 3985 200 4048 roobi
223 3993 254 4049 et
277 3986 393 4066 proprii
418 3984 587 4066 Superioris
608 3983 744 4058 licentia,
760 4003 832 4047 cum
855 3985 940 4048 nulla
960 3985 1023 4064 lege
1045 3983 1102 4045 hoo
1122 3983 1329 4064 prohibeatur.
1346 4021 1386 4030 -

1 4116 3 4125 ·
113 4074 151 4136 S.
166 4075 249 4157 Lep,
264 4074 340 4136 itio.

236 4221 431 4298 Quaesita.

156 4353 228 4414 245.
243 4385 285 4396 -—
297 4353 399 4425 Quaen.
417 4355 448 4412 {⁰
464 4349 537 4425 (lois
552 4347 625 4409 ordo
644 4348 805 4410 servandos
819 4351 860 4408 sit
873 4349 952 4408 iocor
966 4349 1123 4409 Ministros
1138 4347 1311 4430 Baptismi?

158 4439 250 4522 Hesp.
269 4460 279 4502 :
292 4441 327 4501 ln
343 4437 460 4500 [lituoli
473 4439 608 4500 Romano
625 4435 667 4499 sic
680 4437 830 4500 habetur:
848 4435 885 4497 Si
898 4435 977 4498 adsit
991 4435 1148 4516 Sacerdos,
1162 4438 1295 4500 Diacono
1309 4455 1388 4518 proo-
