3220 5042
202 181 272 242 {92
733 184 940 231 TRACTATUS

202 304 352 370 coesitatc.
370 336 409 348 -
423 298 472 362 Ito
486 300 723 360 communissima
736 293 876 378 theoloqi.
893 333 933 342 -
946 293 982 360 S.
997 296 1080 377 Liq„
1096 295 1221 358 icin-
1232 296 1374 371 Lamos
1391 297 1413 358 l.
1426 300 1479 373 vt,

197 415 234 478 p.
251 413 277 468 1,
292 413 324 454 n.
340 393 390 453 78.
407 423 447 435 -
459 385 562 449 Ettet.
576 423 616 432 —
631 385 758 468 Sporer.
772 421 812 430 -
824 385 988 456 Salmant,
1005 391 1063 448 etc.

241 479 417 560 Rojicienda
432 481 537 539 autern
551 481 613 549 est,
628 480 667 536 ut
678 474 768 555 plone
781 475 865 549 laxa,
882 473 1021 536 doctrina
1035 473 1270 551 nonnullorum,
1286 474 1342 556 qui
1356 478 1480 552 tenent,

206 567 447 635 conditionalem
459 562 684 626 ahsolutionem
698 562 851 644 impertiri
862 581 949 643 posse
963 561 1023 624 levi
1036 561 1173 644 qualibet
1185 581 1223 626 ex
1236 581 1337 641 causa,
1349 582 1385 627 ac
1395 565 1483 628 nulla

205 663 334 740 urgente
351 653 546 726 necessitate,
562 649 686 714 etiamsi
700 650 737 714 de
751 649 914 714 sufficienti
931 650 1131 732 dispositione
1144 651 1325 732 poenitentis
1342 652 1483 716 mortali-

203 749 263 811 bus
280 761 402 828 quoque
415 741 545 824 pcccatis
561 739 679 822 parati
694 741 978 820 quomodocumque
996 738 1165 803 dubitetur.
1181 743 1276 804 Nemo
1290 739 1406 823 quippe
1419 758 1482 804 non

82 841 86 852 '
204 834 304 910 videt,
321 839 397 915 quot
416 828 572 911 sacrilegia
594 828 751 891 induceret
771 827 949 910 hujusmodi
970 827 1084 909 praxis.
1098 827 1305 892 confessarius
1326 828 1484 911 siquidem

202 929 343 1008 jamnon
358 925 436 984 esset
448 919 583 1000 prudens
597 916 788 997 dispensator
802 921 1077 991 sacramentorum,
1091 917 1143 980 scd
1158 917 1316 999 projiceret
1329 922 1485 1001 marpcri-

206 1023 252 1076 tas
265 1023 334 1073 ante
345 1026 467 1094 porcoo;
480 1013 511 1070 et
524 1006 581 1070 hac
598 1005 775 1068 absolvendi
787 1005 932 1069 facilitate
945 1003 1088 1081 officeret,
1105 1012 1142 1068 ut
1159 1005 1343 1086 prenitentes
1362 1007 1398 1069 in
1414 1025 1485 1088 psc-

205 1101 281 1165 catis
297 1100 495 1163 tabescerent.
508 1131 550 1142 -
563 1095 599 1158 S.
614 1095 683 1176 tuq.
697 1115 728 1156 o.
746 1099 820 1168 432,
835 1101 892 1158 eto.

246 1193 363 1252 Vemm
382 1205 446 1249 non
469 1185 568 1265 magis
589 1183 782 1247 admittenda
802 1190 849 1246 est
867 1184 1005 1260 doctrina
1025 1200 1132 1246 corum
1151 1184 1221 1264 qui,
1241 1202 1314 1247 cum
1333 1183 1437 1248 Collet
1455 1195 1486 1248 et

207 1279 278 1342 aliis
292 1275 488 1360 quidusdam,
504 1277 613 1336 tenent
630 1290 692 1334 non
714 1290 779 1335 esso
796 1271 1034 1353 impertiendam
1055 1270 1279 1336 ahsolutionem
1300 1273 1358 1336 sub
1379 1273 1485 1337 condi-

207 1367 290 1429 tione
305 1365 368 1428 nisi
385 1365 419 1426 in
437 1369 574 1426 extrema
588 1360 769 1423 necessitate
782 1379 837 1423 seu
854 1361 887 1423 in
906 1367 1042 1424 extremo
1053 1360 1126 1424 vitae
1140 1360 1288 1442 periculo;
1303 1361 1486 1442 hujusmodi

207 1453 292 1517 onim
306 1452 444 1516 doctrina
456 1467 579 1514 summe
590 1448 683 1512 noxia
697 1455 744 1511 est
756 1449 991 1530 poenitentibus,
1007 1449 1061 1531 qui
1075 1447 1242 1512 difficilead
1256 1449 1485 1513 confessarium

207 1542 319 1606 reverti
333 1547 478 1623 possunt,
495 1546 526 1602 et
540 1536 661 1602 dimissi
680 1537 795 1619 absque
815 1538 1005 1602 absolutione
1018 1537 1189 1619 periculum
1210 1545 1333 1602 aterna
1356 1539 1484 1604 damna-

208 1631 303 1694 tionis
316 1629 493 1692 incurrunt.

249 1721 285 1782 ln
309 1735 446 1799 quanam
469 1735 539 1797 ergo
561 1715 742 1779 necessitate
762 1716 916 1797 impertiri
934 1716 1031 1797 possit
1048 1722 1105 1779 aut
1121 1715 1231 1779 debeat
1252 1717 1407 1782 absolutio
1427 1719 1483 1782 sub

210 1807 401 1880 conditione,
421 1809 513 1889 juxta
541 1803 713 1867 doctrinam
732 1811 765 1868 et
784 1803 906 1886 praxim
926 1822 1123 1867 communem
1145 1807 1316 1869 statuendae
1340 1807 1484 1870 videntur

209 1902 371 1978 sequentes
388 1896 509 1974 regulae.

248 1990 320 2050 435.
336 2019 375 2030 -—
388 1982 420 2044 1⁶
436 1982 565 2064 Reputo.
578 1980 739 2044 absolutio
753 1982 819 2044 dari
833 1987 933 2064 potest
946 1988 978 2044 et
990 1982 1079 2045 debet
1093 1982 1151 2046 suh
1167 1982 1352 2059 conditione,
1364 1983 1485 2064 quotics

210 2074 350 2137 absolute
367 2089 507 2135 concessa
526 2075 688 2150 exponeret
708 2071 940 2134 Sacramentum
961 2070 1094 2151 periculo
1112 2071 1281 2148 nullitatis,
1296 2079 1328 2136 et
1347 2071 1486 2134 absolute

212 2169 324 2242 negata
337 2166 499 2242 exponeret
513 2158 716 2240 paenitentem
732 2158 864 2238 periculo
880 2157 982 2240 granis
995 2158 1102 2220 damrri
1117 2159 1310 2240 spiritualis,

250 2248 444 2330 interpola.
462 2246 592 2310 Etiamsi
614 2246 766 2326 ejusmodi
778 2247 941 2310 necessitas
954 2264 1016 2309 nou
1030 2253 1148 2326 urgeat,
1164 2249 1230 2312 dari
1246 2256 1350 2313 tamen
1364 2251 1486 2314 absolu-

212 2339 257 2402 tio
269 2345 370 2420 potest
383 2337 442 2400 snb
456 2335 543 2399 condi
549 2335 639 2408 tione,
650 2333 769 2414 quoties
777 2334 913 2397 absolute
924 2352 1064 2397 concessa
1077 2344 1240 2417 exponeret
1253 2342 1487 2402 Sacramentum
1597 2367 1598 2386 κ

212 2428 344 2508 periculo
358 2424 521 2500 nullitatis,
535 2430 567 2487 et
580 2424 718 2486 absolute
729 2430 838 2502 negata
852 2422 988 2504 privaret
1000 2424 1204 2504 paenitentem
1217 2426 1319 2509 aliquo
1331 2427 1413 2492 hono
1425 2427 1485 2508 spi-

211 2516 317 2580 rituali
330 2513 460 2576 notobili
466 2561 476 2592 ,
492 2513 563 2576 licet
576 2531 636 2575 non
648 2513 839 2574 necessario.

252 2605 331 2669 Hinc
344 2603 474 2668 servatis
486 2601 599 2665 debitis
613 2599 856 2676 conditionibus,
872 2606 1001 2680 urgente
1014 2601 1208 2679 necessitate,
1225 2604 1272 2669 vel
1285 2610 1385 2667 stante
1399 2603 1488 2686 gravi

211 2699 242 2758 et
253 2693 482 2775 proportionata
495 2709 597 2767 causa,
613 2690 683 2753 licet
697 2690 852 2753 absolvere
866 2689 1073 2754 conditionate
1085 2690 1120 2753 in
1132 2691 1331 2772 sequentihus
1342 2692 1485 2756 casibus:

212 2789 246 2846 {⁰
260 2783 295 2846 in
309 2781 413 2856 dubio,
431 2800 471 2845 an
484 2781 638 2862 paenitens
652 2777 694 2840 sit
707 2777 810 2852 vivus,
827 2779 874 2842 vel
888 2783 1046 2856 mortuus;
1062 2783 1096 2841 2⁰
1110 2779 1145 2842 iu
1161 2781 1256 2844 dubio
1271 2781 1411 2845 materiae
1426 2780 1488 2845 sui·

212 2871 357 2946 ficientis,
379 2890 410 2934 r.
438 2889 496 2950 gn,
515 2875 644 2949 urgente
665 2873 813 2948 praecepto
831 2865 1030 2931 confessionis
1048 2885 1174 2945 annua,
1199 2875 1270 2946 etc.;
1288 2875 1321 2934 3⁰
1341 2868 1487 2933 indubio
1595 2917 1596 2932 ,

208 2958 434 3044 jurisdictionis
449 2977 486 3020 ex
501 2965 587 3038 parte
601 2955 798 3031 confessarii;
815 2961 848 3018 4⁰
862 2956 895 3018 in
910 2956 1003 3019 dubio
1020 2963 1128 3020 utrum
1147 2957 1301 3039 poenitens
1319 2958 1380 3022 rite
1395 2957 1488 3021 merit
1595 2954 1596 2969 ¹

212 3049 390 3122 absolutus,
405 3051 438 3110 5⁰
451 3046 485 3109 in
500 3044 594 3108 dubio
607 3063 683 3107 usus
697 3043 827 3108 rationis
840 3044 874 3108 in
886 3045 1001 3125 pueris,
1016 3046 1204 3121 amentibus,
1213 3053 1284 3123 etc.;
1298 3053 1332 3111 6⁰
1345 3046 1380 3110 in
1395 3046 1488 3112 dubio

213 3141 321 3201 utrum
343 3134 496 3218 poenitens
512 3133 555 3197 sit
572 3133 728 3196 moraliter
746 3151 895 3215 praesens;
911 3133 1055 3197 indubio
1071 3152 1111 3197 an
1125 3135 1332 3198 moribundus
1347 3135 1488 3199 sensibus

213 3224 382 3289 destitutus
404 3223 593 3287 Sacramenti
616 3241 710 3302 capax
729 3221 785 3299 sit;
802 3227 835 3287 8⁰
848 3221 882 3285 in
897 3222 992 3287 dubio
1012 3225 1049 3286 de
1072 3223 1270 3305 dispositione
1290 3223 1487 3306 poenitentis,
1594 3285 1595 3292 ,

213 3320 342 3394 urgente
357 3330 420 3375 non
433 3319 557 3375 tontum
571 3324 717 3386 extremo,
735 3311 894 3376 sedetiam
910 3310 1090 3393 simpliciter
1103 3313 1192 3392 proci
1206 3313 1387 3376 necessitate
1399 3311 1489 3392 spiri·

214 3403 302 3466 tuali.
318 3437 358 3448 —
370 3402 407 3464 S.
424 3401 506 3481 Lip,
524 3422 555 3462 n.
569 3405 639 3465 432.
656 3437 696 3446 —
720 3401 791 3463 Vide
804 3421 889 3463 costas
903 3401 989 3482 infru
1005 3401 1205 3475 resolvendos,
1223 3421 1257 3462 n.
1272 3405 1343 3466 ddi).

257 3496 327 3558 t36.
336 3493 494 3554 -Contra
504 3489 663 3571 pramissa
676 3489 746 3572 ocj.
762 3495 807 3553 ¹⁰:
821 3489 927 3553 Praxis
937 3488 1172 3552 illaabsolvendi
1182 3489 1401 3563 conditionate,
1410 3505 1491 3568 pras
1593 3549 1594 3564 ,

217 3580 325 3643 sertim
333 3580 427 3643 dubie
436 3577 616 3660 dispositos,
633 3585 679 3642 ost
693 3578 897 3664 periculorum
911 3578 1010 3659 plena,
1020 3576 1188 3640 lomentum
1205 3576 1487 3658 iniquitatumetc.

255 3669 344 3750 Hesp.
362 3668 442 3729 Dirc.
459 3668 566 3730 Praxis
580 3667 632 3730 illa
648 3675 695 3730 est
706 3667 912 3747 periculorum
923 3667 1027 3747 plena,
1043 3669 1113 3742 etc,
1129 3665 1156 3728 si
1172 3665 1491 3749 adhibeaturprcmis-

215 3775 266 3817 eue
282 3755 348 3818 sine
362 3755 543 3820 discretione
563 3763 594 3818 et
611 3761 698 3818 extra
718 3772 825 3818 casum
847 3753 1054 3830 necessitatis,
1074 3755 1122 3818 vel
1140 3753 1243 3838 gravis
1260 3755 1409 3820 utilitatis
1423 3773 1490 3818 eon·

216 3843 287 3904 cedo
298 3863 309 3903 .·
322 3843 349 3906 si
362 3865 432 3910 vero
448 3845 569 3908 traditae
579 3845 692 3925 regulae
706 3850 878 3920 serventur,
892 3863 978 3925 nepo.
1272 3891 1274 3896 .

259 3929 330 4007 ooj.
341 3935 373 3991 2⁰
383 3952 390 3994 :
402 3935 558 3997 Paenitens
572 3931 665 3994 dubie
674 3931 833 3994 absolutus
845 3940 948 4012 perget
960 3933 998 3994 ad
1013 3931 1238 3996 Eucharistiam
1250 3931 1488 4016 suscipiendam,
1592 3926 1593 3963 ³

216 4019 249 4075 et
262 4014 404 4097 sacrilege
417 4019 673 4096 communicabit,
685 4019 743 4082 hoc
754 4025 859 4082 auten
874 4019 1012 4100 permitti
1025 4020 1144 4102 nequit.
1162 4025 1277 4103 Ergo...

257 4099 348 4177 neap.
364 4111 414 4167 t0:
430 4113 496 4172 Non
507 4108 566 4172 erit
580 4109 722 4189 sacrilega
734 4109 927 4183 communio,
941 4107 1022 4172 sicut
1033 4127 1097 4174 non
1109 4117 1157 4173 est
1170 4110 1315 4190 sacrilega
1328 4107 1489 4184 confessim

218 4184 405 4264 supponitur
419 4195 502 4258 enim
521 4197 721 4279 paenitentem
737 4195 773 4258 in
786 4196 865 4258 bona
879 4195 938 4259 lide
951 4198 1078 4262 versari.
1095 4200 1143 4263 nd
1164 4215 1328 4261 summum
1346 4201 1491 4262 Commu·
1591 4229 1592 4240 κ

217 4270 271 4334 nio
285 4269 347 4332 erit
358 4275 456 4353 mrlla,
472 4301 525 4346 seu
540 4286 640 4350 nullos
652 4285 771 4348 tructus
782 4285 938 4364 producet.

257 4357 349 4436 Resp.
366 4363 419 4423 2⁰:
438 4371 504 4430 Non
522 4373 581 4436 erit
599 4374 721 4438 inutilis
735 4373 919 4438 communio
934 4375 1001 4453 illa;
1018 4375 1118 4439 varios
1132 4375 1218 4438 enim
1232 4375 1390 4439 virtutum
1403 4381 1490 4438 actus

218 4452 250 4508 et
269 4450 413 4524 conatus,
428 4453 535 4520 saltem
550 4465 727 4541 nonnullos,
744 4463 782 4527 ad
796 4467 894 4528 Deum
908 4464 1108 4545 diligendum,
1123 4470 1154 4528 et
1168 4464 1287 4527 malurn
1307 4463 1491 4546 fugiendum
