3206 5042
190 305 259 367 l06
561 313 769 358 rascatius
790 312 833 356 on
854 305 1086 353 uarmuomo

194 455 208 491 ιι
231 428 416 511 previdens,
433 431 464 488 et
476 425 633 487 anxietate
646 423 804 495 turbatus,
817 417 1041 484 aBeatitudinc
1050 419 1162 480 Vestra
1171 421 1300 484 sollicite
1313 427 1455 505 exquirit
1468 449 1479 491 :

234 541 250 580 ιι
274 523 305 582 1⁰
322 519 372 579 An
390 518 548 596 conjuges,
564 513 618 594 qui
639 509 834 576 Matrimonio
853 527 888 570 eo
906 513 1042 570 utuntur
1060 508 1167 584 modo,
1189 513 1225 570 ut
1244 514 1480 594 conceptionem
1587 554 1588 607 3

195 633 209 668 ιι
232 612 436 690 prrocareant,
451 611 555 666 actum
570 620 667 682 perse
680 599 836 663 moraliter
850 597 965 660 malurn
981 599 1164 658 exerceant?

235 719 249 756 ι
272 701 306 759 2⁰
320 696 353 757 Si
367 701 453 757 actus
464 693 624 755 habendus
637 690 678 752 sit
690 695 726 752 ιιι
736 688 892 752 moraliter
906 686 1023 760 melers,
1035 703 1076 748 an
1090 688 1235 768 conjuges
1249 691 1286 753 de
1299 691 1351 756 illo
1364 712 1395 756 sc
1409 714 1476 758 non
1587 662 1588 673 ἵ

196 810 210 846 ιι
233 791 409 848 accusantes
427 781 611 845 considerari
631 779 750 859 possint
766 785 916 857 tanquam
931 775 966 836 in
980 793 1015 836 ea
1029 774 1191 837 constituti
1210 777 1292 842 bona
1310 780 1384 854 fide,
1402 801 1474 862 que

196 898 210 934 ιι
233 893 313 938 eosa
327 873 413 953 gravi
423 873 511 952 culpa
525 871 667 932 excuset?

236 987 251 1022 ιι
275 967 307 1026 3⁰
324 965 374 1024 An
392 960 549 1041 probanda
568 958 610 1020 sit
628 957 739 1037 agendi
759 955 837 1018 ratio
852 953 1115 1018 Confossuriorum
1139 955 1210 1034 piri,
1233 976 1273 1019 ne
1298 963 1474 1041 conjugatos

195 1076 211 1111 ιι
235 1051 406 1122 offendant,
421 1048 488 1110 illos
503 1046 582 1108 circe
596 1047 740 1119 modurn,
755 1062 816 1125 quo
831 1042 956 1124 juribus
972 1041 1165 1106 Matrimonii
1182 1047 1327 1123 ιιιιιιιιιιι,
1345 1067 1405 1111 non
1423 1051 1473 1112 in-

197 1165 212 1200 «
235 1140 442 1218 terroganiiu

219 1232 306 1292 beo.
334 1263 374 1272 -—
401 1231 578 1290 Responsio.
605 1248 620 1284 ιι
647 1228 677 1287 S.
704 1220 950 1296 Pmuitentiariu,
978 1226 1099 1284 mature
1128 1226 1286 1304 perpensis
1313 1229 1473 1308 propositis

199 1341 214 1378 ιι
235 1314 472 1398 questionibus,
493 1316 540 1376 Ad
562 1320 615 1376 tmr
635 1312 797 1392 respondet
818 1330 825 1372 :
850 1310 927 1372 Com
949 1319 1011 1372 toto
1031 1312 1328 1384 octosdmrdinotm
1349 1337 1388 1378 en
1411 1320 1474 1378 oiri

199 1429 215 1466 ιι
236 1405 357 1466 malitie
368 1403 528 1484 procedat,
546 1404 612 1484 qni,
631 1402 692 1464 loeo
705 1399 934 1462 consummandi
941 1447 950 1476 ,
964 1399 1098 1461 retrahit
1113 1419 1144 1462 se
1162 1411 1191 1462 et
1202 1413 1292 1466 extro
1305 1425 1358 1466 nes
1373 1407 1476 1485 effun-

200 1519 214 1554 ι
239 1494 301 1570 ilit;
317 1493 384 1552 ideo
400 1493 428 1553 si
441 1491 552 1552 mulier
566 1500 640 1573 post
657 1491 769 1552 debitos
786 1489 1006 1551 admonitiones
1025 1488 1108 1549 nibil
1125 1491 1279 1572 preficiat,
1301 1495 1349 1553 νίν
1363 1503 1470 1554 mrtem

200 1607 215 1642 ιι
238 1585 328 1642 instet
350 1579 495 1642 minando
517 1581 641 1642 verbero
664 1588 719 1640 ont
742 1587 885 1655 mortem,
903 1583 1021 1660 poterit
1036 1579 1118 1659 apsa,
1145 1588 1177 1640 ut
1194 1580 1313 1661 podati
1329 1579 1470 1662 tbeoiopi

202 1696 217 1729 ιι
239 1670 356 1744 docent,
380 1671 459 1731 citro
480 1681 640 1752 peceatum
660 1672 783 1749 passive
797 1689 827 1730 se
837 1668 988 1750 pindere,
1009 1688 1076 1729 cnm
1095 1672 1128 1729 in
1141 1669 1186 1730 tn
1203 1669 1474 1752 medicantis

202 1782 217 1818 ιι
240 1763 307 1840 ipsa
321 1759 383 1820 viri
396 1767 551 1840 peceatum
569 1758 751 1840 simpliciter
760 1758 937 1838 permittat,
956 1757 1045 1837 idque
1057 1777 1096 1819 en
1108 1760 1198 1838 proni
1207 1777 1313 1838 censu,
1327 1780 1394 1840 qun
1405 1780 1474 1822 eone

202 1869 217 1907 ιι
240 1856 377 1924 ereusot,·
390 1851 534 1929 quonium
549 1847 685 1918 Caritas,
701 1866 761 1928 qna
773 1845 854 1907 iliud
865 1846 1014 1928 impedire
1026 1855 1154 1926 tenetur,
1173 1867 1240 1910 cum
1259 1859 1342 1910 tanto
1360 1852 1476 1910 becom-

204 1958 218 1996 «
240 1936 328 1997 modo
344 1957 403 1996 non
422 1937 543 2018 obiiqat.

244 2049 258 2084 ιι
281 2025 331 2088 Aa
343 2030 398 2088 ιω
411 2031 517 2088 autem
537 2032 568 2088 ot
585 2032 639 2090 3²¹²
657 2026 838 2106 respondet:
858 2025 947 2100 Quod
959 2024 1113 2107 praefatus
1131 2025 1345 2105 Consentaneus
1358 2038 1476 2090 revocet
1588 2033 1589 2036 ’

205 2137 219 2174 ιι
242 2119 275 2174 in
297 2123 424 2176 mentem
450 2116 595 2196 «dapium
619 2115 712 2193 iilud,
735 2119 840 2177 sanctu
861 2121 965 2176 sancte
989 2132 1053 2178 esse
1073 2117 1248 2192 tracturi&
1273 2125 1365 2198 utque
1384 2120 1475 2179 ειιαιη
1588 2145 1589 2208 ι

205 2224 220 2261 ιι
243 2202 333 2262 verbo
341 2204 516 2284 perpendat
533 2204 568 2264 S.
583 2203 734 2284 Alpionsi
746 2204 783 2265 de
797 2204 933 2284 Liyorim
951 2204 1012 2264 oiri
1022 2203 1103 2264 docti
1116 2215 1143 2266 et
1158 2205 1269 2267 dorum
1282 2225 1381 2268 rernm
1390 2206 1475 2288 pori-

204 2312 220 2350 «
243 2291 365 2368 tissimi,
384 2293 438 2372 qui
460 2293 491 2352 in
511 2291 601 2354 Praxi
615 2292 890 2367 Confessariorum‚
907 2296 922 2370 ξ
937 2311 980 2366 tv,
1001 2309 1033 2354 n.
1055 2297 1110 2366 tl,
1127 2293 1250 2374 inquit:
1269 2294 1359 2358 Circe
1377 2303 1477 2356 amem

204 2401 218 2439 ιι
237 2389 363 2461 percolo
387 2382 551 2460 corp'npom
571 2391 708 2462 respectu
729 2381 771 2442 ed
787 2381 919 2442 debitum
938 2380 1108 2462 conjunctis,
1136 2383 1294 2444 ordirmrte
1313 2383 1476 2465 mquendm

204 2489 219 2525 «
240 2468 453 2544 Confessorins
471 2487 531 2527 non
555 2477 685 2543 tenetur,
707 2489 761 2530 nec
782 2469 864 2530 decet
883 2471 1092 2550 interrupere,
1114 2471 1177 2531 nisi
1193 2491 1314 2550 warns,
1336 2491 1376 2532 on
1399 2471 1481 2533 iliud

204 2576 219 2614 ιι
241 2553 445 2626 reddiderint,
467 2553 645 2616 modestiori
657 2557 744 2618 modo
763 2577 821 2639 pun
836 2558 973 2638 possit„
994 2555 1040 2620 De
1058 2558 1130 2619 ¹odiis
1147 2568 1259 2630 meent,
1274 2561 1480 2621 nr'siinterro-

204 2664 220 2700 ιι
240 2650 331 2722 potus
346 2641 451 2721 suerit.
468 2643 594 2706 Necnon
613 2644 690 2706 otios
707 2646 856 2727 probatos
873 2657 1012 2708 auctores
1028 2646 1174 2708 somniem
1186 2665 1247 2705 non
1264 2645 1397 2706 emanat.
1413 2651 1476 2708 oa-

204 2754 219 2790 «
244 2736 311 2792 tum
326 2735 429 2796 Rome
444 2751 462 2794 a
475 2735 505 2795 S.
523 2733 768 2808 poenitentiarii,
786 2735 835 2797 die
849 2741 868 2799 8
882 2736 967 2798 lunii
986 2739 1072 2799 rste.
1089 2757 1103 2792 n

242 2824 312 2884 931.
329 2857 369 2866 -
383 2823 438 2882 lv·
451 2825 667 2886 Cossutiano.
689 2824 878 2899 chnsitum:
898 2847 913 2884 ι
930 2825 1041 2887 Berthc
1059 2823 1162 2886 virum
1178 2822 1287 2898 babet,
1302 2841 1396 2903 ocrem
1411 2842 1478 2886 con-

205 2931 221 2967 «
244 2909 339 2970 stanti
363 2911 549 2989 experientia
572 2913 725 2992 cognoscit
744 2933 808 2976 esse
829 2913 1012 2976 onarristara.
1037 2916 1073 2975 ln
1087 2931 1202 2976 annum
1218 2910 1326 2974 omnia
1345 2912 1476 2975 tenurit

205 3019 221 3056 ιι
244 2997 358 3070 modia,
376 2997 514 3059 utillum
535 3007 633 3062 atam
653 3001 782 3065 nobndo
803 3003 931 3066 crimine
945 3003 1123 3065 retraheret.
1140 3001 1284 3077 Qrunimo
1298 3001 1475 3081 gramssirna

207 3109 221 3145 ιι
243 3091 299 3148 aut
319 3085 428 3146 saltem
447 3087 552 3166 mavia
574 3090 653 3151 mala
675 3092 703 3153 ei
724 3091 892 3154 imminent
911 3109 994 3154 nunc
1013 3090 1220 3170 probabiliter,
1236 3091 1281 3152 ite
1299 3097 1336 3153 ut
1355 3091 1402 3152 rel
1413 3091 1476 3152 linc

207 3197 221 3234 «
244 3174 325 3236 mala
344 3173 501 3236 incurrere
520 3177 626 3240 debeat
646 3180 693 3240 rel
711 3179 813 3260 fugem
835 3200 851 3242 e
870 3182 960 3244 domo
982 3179 1106 3255 mariti,
1122 3180 1185 3242 nisi
1199 3179 1360 3260 pemittant
1373 3179 1476 3244 saltem

206 3285 221 3321 ιι
244 3263 407 3341 aliquando
422 3264 555 3328 abusum
569 3267 772 3342 Matrimonii,
788 3276 846 3331 etc.
865 3291 880 3328 o

245 3355 422 3414 Resrossro.
438 3389 476 3398 —
495 3376 509 3414 ιι
530 3353 606 3416 Com
623 3360 656 3416 in
671 3360 834 3438 proposito
850 3378 921 3420 casu
937 3357 1049 3420 ninlier
1063 3379 1083 3420 o
1095 3379 1154 3419 sno
1166 3358 1287 3439 porilem
1296 3367 1384 3440 pute
1396 3355 1479 3416 nnn

207 3461 223 3499 «
246 3450 354 3500 contro
367 3451 508 3504 notorem
523 3453 595 3524 opat
604 3492 613 3523 ‚
634 3445 740 3526 detque
754 3465 878 3529 opernm
892 3448 939 3508 rei
953 3446 1060 3525 licitae,
1076 3457 1141 3509 ¹toto
1156 3457 1254 3510 ortem
1265 3456 1345 3508 octus
1357 3443 1478 3506 inordi-

208 3549 223 3587 «
246 3530 330 3590 notio
349 3550 386 3590 es
407 3532 468 3591 oiri
489 3533 608 3594 tractitia
625 3535 785 3615 procedat,
809 3539 879 3619 qni,
907 3536 970 3597 ioco
987 3537 1235 3614 consummandi,
1255 3533 1383 3598 retrahit
1403 3551 1431 3593 se
1453 3541 1480 3593 et

207 3639 222 3676 «
245 3627 334 3678 extra
358 3639 409 3679 ons
429 3621 578 3699 effundi&
602 3623 742 3704 ideoque,
756 3627 783 3686 si
807 3627 916 3686 intutior
936 3634 1005 3706 post
1024 3626 1144 3688 debitos
1164 3626 1384 3687 admonitiones
1405 3619 1482 3681 nibil

207 3727 222 3765 «
241 3706 406 3788 proficiat,
424 3709 473 3767 mr
485 3719 586 3770 antem
601 3712 707 3786 instet,
723 3715 870 3776 retinendo
884 3713 1026 3789 verbero,
1040 3726 1097 3776 aad
1109 3725 1252 3792 mortem,
1265 3721 1322 3773 ant
1336 3711 1402 3772 olio
1411 3731 1479 3792 pm·

207 3816 222 3852 ιι
245 3797 366 3856 vessima
385 3795 486 3874 «nolu,
502 3801 620 3878 poterit
639 3801 711 3882 ipsa
730 3803 778 3883 (ut
796 3804 924 3884 probati
937 3804 1070 3886 theologii
1089 3804 1214 3877 docenti
1227 3803 1306 3864 citro
1323 3809 1479 3883 peccatone
1588 3837 1589 3898 l

208 3904 223 3940 «
242 3885 421 3965 permissive
435 3905 464 3947 se
478 3885 605 3967 tiator,-
621 3911 687 3951 cum
701 3890 734 3951 in
750 3891 796 3953 bis
812 3912 914 3954 rorum
928 3893 1084 3973 adnectis
1099 3898 1169 3974 ipsc
1187 3892 1248 3952 oiri
1261 3892 1310 3952 sui
1322 3899 1480 3972 peccatum

208 3992 223 4029 ιι
245 3972 422 4052 simpliciter
433 3978 607 4058 permittat,
629 3979 721 4060 idque
742 3999 781 4041 en
800 3986 891 4062 proni
911 4003 1000 4044 conso
1019 4003 1086 4064 qnae
1104 4002 1170 4044 eom
1185 3989 1328 4058 recensum
1343 3979 1480 4060 quocun

207 4080 223 4116 «
249 4058 385 4140 Caritas,
407 4086 465 4145 qno
485 4065 564 4127 iilud
580 4067 726 4149 impedire
740 4080 870 4150 tenetur,
888 4092 955 4133 curn
971 4081 1056 4133 tento
1077 4070 1263 4132 inconmodo
1283 4089 1345 4130 non
1359 4068 1479 4148 obimat-

209 4168 224 4205 «
247 4147 359 4208 ortum
373 4155 476 4216 Rornae
489 4154 524 4218 in
538 4159 569 4219 S.
585 4157 833 4234 poenitentiarii,
850 4160 900 4222 die
915 4167 947 4223 p
957 4162 1047 4224 Febr.
1067 4165 1156 4226 «sto.
1175 4181 1190 4220 n

247 4238 378 4299 Exstant
393 4240 486 4303 etiem
502 4245 567 4307 aliae
587 4246 798 4326 responsiones
813 4252 843 4312 S.
861 4250 1119 4324 Poenitontiarire‚
1137 4267 1205 4330 qum
1219 4247 1401 4329 precedenti
1418 4263 1483 4308 errr-

207 4324 477 4478 ”5¹¹2‘}{⁰¹¹⁸⁰¹¹³¹1t3
494 4332 549 4397 bas
563 4334 653 4397 refert
670 4336 794 4398 Gnosset
807 4337 842 4400 in
854 4357 960 4419 opere:
973 4341 1185 4422 iustificatione
1200 4337 1238 4400 de
1247 4337 1329 4400 seint
1342 4335 1482 4419 mysni,

206 4430 236 4490 p.
317 4465 323 4478 .

574 4569 653 4614 slsis
675 4570 847 4618 Tuncrtrus
868 4575 905 4620 DE
925 4574 1117 4627 «trutltortto
