3198 5034
468 235 510 280 ns
531 234 704 280 enarrans
723 233 1039 280 renrrcnnnnmos
1348 220 1391 281 55

111 347 307 430 professione
320 355 457 408 notorum
472 345 657 425 solemnium,
670 347 722 409 sed
732 345 831 408 solum
846 353 883 408 ut
896 344 1148 426 congregationes
1159 344 1314 424 religiosas
1322 365 1390 408 eom

114 434 408 517 notissimplieibus,
427 431 541 514 quihus
555 435 683 517 proinde
698 434 857 516 privilegia
879 434 959 496 votis
975 431 1161 496 solemnibus
1177 449 1316 495 concessa
1333 455 1390 516 per

113 544 148 586 se
168 542 230 586 non
246 527 440 604 competunt;
463 524 512 585 vel
534 523 561 586 si
578 523 712 586 habeant
737 529 861 586 tantum
876 532 946 585 voto
965 523 1158 604 temporario,
1177 526 1231 583 aut
1245 529 1390 602 perpetue

115 612 252 694 quidem,
270 614 323 676 sed
344 631 362 674 a
381 611 503 675 nemine
518 617 683 693 acceptata,
707 619 744 675 ut
766 612 1017 692 Gongrogationes
1038 611 1211 685 seculares,
1228 627 1297 691 quae
1315 611 1388 674 imi·

116 708 226 764 tantm
237 702 340 782 potius
355 703 476 764 Statmn
489 699 677 781 religiosum,
694 718 789 782 quom
803 703 868 782 ejus
880 699 1045 764 essentiam
1056 705 1191 763 servant.
1201 733 1242 746 -
1263 699 1294 761 V.
1305 700 1388 761 Ano

113 791 237 852 [99191.
253 789 291 851 P.

157 882 192 942 3·
208 877 351 958 Religiosi
366 897 427 942 non
441 885 516 942 sunt
530 877 568 952 ii,
585 879 654 960 qui,
673 879 753 942 edite
765 885 835 942 voto
848 881 999 959 perpetuae
1012 877 1202 958 paupertatis
1216 883 1248 938 et
1263 877 1387 940 castita

114 965 173 1042 tis,
188 966 394 1030 obedientiam
408 967 596 1032 confessario
613 975 669 1030 ant
683 968 828 1048 Episcopo
847 972 969 1030 vovent.
984 964 1072 1030 Retio
1084 970 1146 1040 est,
1162 965 1236 1047 quia
1247 965 1279 1028 vi
1291 966 1386 1049 hess

113 1057 182 1117 scoti
197 1054 407 1136 Superioribus
422 1075 483 1119 non
497 1055 715 1136 subjiciuntur.

157 1149 192 1206 10
206 1146 251 1206 ux
264 1145 383 1207 decreto
398 1143 445 1208 Pii
459 1147 514 1220 lX,
528 1145 720 1226 promulgato
734 1164 787 1225 per
801 1145 918 1208 litteras
930 1144 1095 1227 encyclicas
1111 1144 1147 1207 S.
1165 1143 1281 1224 Conqr.
1298 1161 1387 1226 serpes

109 1241 197 1295 stolo
210 1233 284 1314 Bag.
295 1243 304 1276 ¹
321 1234 360 1296 od
375 1233 549 1314 Superiores
561 1233 712 1297 Oniinum
725 1232 947 1314 Religiosorum
961 1232 1048 1294 detes
1062 1235 1101 1296 19
1114 1233 1208 1294 Mart.
1223 1235 1313 1307 1857,
1329 1235 1386 1297 Re-

112 1319 214 1400 ligiosi
228 1339 335 1384 omnes
349 1339 455 1384 eorum
469 1322 630 1398 ordinum,
648 1320 808 1402 inquibus
822 1328 893 1384 vota
907 1321 1056 1385 solemnia
1071 1321 1271 1396 emittuntur,
1286 1321 1320 1382 in
1332 1337 1386 1400 po-

112 1415 232 1471 sterum
256 1410 393 1473 absoluto
421 1411 571 1493 tyrocinio
592 1417 716 1474 tantum
744 1417 815 1474 vote
840 1410 992 1492 sr'rnplieio
1017 1409 1181 1485 emittunt,
1213 1411 1321 1472 saltem
1346 1409 1386 1472 ad

112 1497 301 1574 triennium,
324 1499 432 1563 deinde
448 1500 487 1562 ad
505 1499 651 1562 solemnio
672 1507 743 1562 vota
764 1499 985 1575 admittuntur,
1009 1499 1035 1561 si
1053 1519 1072 1561 a
1090 1498 1302 1580 Superioribus
1319 1498 1384 1560 suis

111 1585 199 1666 digni
214 1588 413 1669 reperiantur.
437 1588 534 1652 Justis
549 1596 655 1651 autem
669 1590 705 1651 de
722 1589 821 1651 causis
840 1587 986 1650 Professio
1001 1588 1143 1650 solemnis
1158 1587 1252 1650 etiam
1265 1586 1384 1649 diutius

108 1673 227 1752 poterit
240 1674 367 1750 differri,
384 1695 574 1758 qsiamquam
592 1695 652 1740 non
667 1677 748 1738 ultra
769 1679 946 1739 abstemiis
960 1677 1326 1755 annerumexpletorsun.
1344 1711 1383 1719 -

115 1761 151 1822 V.
169 1761 320 1823 Analecta
334 1765 364 1826 l.
381 1764 433 1843 P.,
450 1766 526 1826 serie
541 1770 590 1840 2¹,
607 1764 770 1828 9999951.

152 1853 201 1911 Ex
215 1849 470 1916 declarationibus
483 1859 589 1915 autem
600 1854 737 1934 ejusdem
750 1853 785 1914 S.
802 1851 897 1932 Conq.
911 1851 990 1913 detis
1001 1849 1049 1913 die
1059 1855 1098 1914 95
1108 1851 1195 1913 Febr.
1209 1854 1299 1924 1859,
1311 1857 1381 1924 ete,

108 1945 141 2000 et
155 1939 194 2000 ad
216 1938 378 2017 prefatum
392 1940 547 2003 decretum
562 1941 784 2021 spectantibus,
800 1945 872 2002 vota
886 1938 1052 2020 simplicia,
1073 1940 1111 2000 de
1130 1938 1244 2019 quibus
1266 1937 1379 2018 agitun

108 2033 256 2107 perpetua
272 2034 347 2090 sunt
360 2047 398 2090 ex
409 2032 495 2108 perte
508 2028 658 2104 verentia,
674 2035 705 2090 et
718 2047 824 2091 eorum
835 2027 1021 2108 dispensatio
1035 2029 1163 2090 Summo
1182 2025 1320 2090 Pontifici
1334 2045 1380 2088 re-

109 2121 262 2178 servatur.
279 2119 327 2178 Ex
341 2125 425 2197 parte
447 2124 551 2180 tamen
568 2116 688 2181 Ordinis
703 2117 779 2180 solvi
792 2135 844 2198 per
862 2115 1074 2178 dimissionem
1093 2115 1300 2179 Prolessomm
1312 2133 1381 2195 pos-

111 2209 203 2279 sunt,
220 2203 266 2266 ita
278 2211 328 2280 ut,
352 2207 424 2267 data
438 2204 631 2281 dimissione,
647 2225 681 2268 eo
695 2207 760 2287 ipso
779 2204 906 2269 Prolessi
920 2205 957 2266 ab
977 2204 1063 2266 omni
1074 2205 1228 2268 dictorum
1240 2209 1382 2266 votorum

110 2291 233 2354 vinctslo
247 2292 334 2355 liberi
352 2293 438 2355 fiant.
448 2298 542 2358 Nemo
553 2313 624 2357 vero
636 2313 675 2358 ex
687 2313 778 2358 eausa
788 2292 981 2356 infirmitatis
989 2300 1058 2374 post
1067 2292 1285 2356 Prolessionem
1298 2297 1382 2355 veto-

109 2383 188 2441 rum
205 2380 390 2462 simplicium
404 2389 516 2444 exortae
530 2382 647 2445 dimitti
668 2381 789 2464 poterit.
804 2386 956 2446 Ceterum
968 2379 1095 2462 professi
1110 2381 1222 2444 borum
1236 2387 1380 2444 votorum

109 2467 271 2548 participes
291 2463 371 2532 fiisnt
390 2470 531 2533 omnium
556 2471 724 2551 gratiarum
747 2476 777 2534 et
796 2471 1042 2552 privilegiorum,
1070 2469 1184 2550 quibus
1205 2469 1381 2532 solemniter

107 2555 237 2704 ,inopum
248 2558 283 2620 in
296 2560 402 2622 eodem
417 2559 527 2622 Ordine
545 2559 702 2624 beentur.
718 2595 759 2608 -
781 2561 812 2622 V.
833 2559 985 2622 Analecta
1002 2558 1035 2620 J.
1052 2559 1104 2638 P,
1125 2563 1164 2622 91
1180 2558 1266 2640 Sept.
1289 2561 1379 2632 1859,

232 2777 427 2854 Quaesitae.

149 2909 217 2969 139.
235 2941 276 2950 -
286 2908 387 2980 Quen.
402 2911 433 2969 1ο
448 2907 592 2983 Quisnam
606 2907 806 2988 requirentem
820 2907 861 2968 od
875 2905 1006 2968 valorem
1021 2901 1241 2984 Professlonis?

149 2992 266 3075 Resp:
280 2993 493 3074 Requiruntur
506 2994 695 3058 conditiones
709 3000 870 3075 sequentes
885 3013 892 3055 :

149 3088 181 3144 1ο
198 3083 346 3162 aptitudo
366 3083 518 3156 voventis,
540 3081 653 3146 sedicet
675 3089 712 3146 ut
735 3083 889 3146 decimum
910 3087 1033 3144 sextum
1053 3098 1173 3144 annum
1195 3077 1293 3142 aetads
1316 3095 1379 3142 sue

108 3171 229 3251 integre
248 3170 427 3250 expleverit;
449 3175 485 3232 ut
510 3171 617 3232 saltem
641 3187 760 3234 annum
782 3169 939 3251 integrmn
957 3169 1131 3234 Novitiatus
1150 3185 1221 3231 eum
1240 3164 1379 3246 religiose

105 3257 218 3322 babitu
237 3256 434 3339 umsegerit;
452 3263 488 3319 nt
504 3257 626 3320 nullum
646 3257 756 3320 habeat
777 3259 1050 3338 impedimentum,
1067 3257 1149 3337 qued
1163 3275 1202 3320 en
1218 3254 1345 3318 statutis
1361 3272 1381 3315 a

105 3350 136 3410 S.
154 3347 298 3410 Pontifice
310 3345 500 3410 confirmatis
512 3344 712 3408 substantiale
725 3364 790 3408 esse
803 3353 972 3410 censeatur.

146 3439 361 3500 arcessamus
377 3442 409 3499 et
426 3432 590 3516 acceptatio
608 3434 808 3512 expresserat
827 3433 921 3496 tacita
938 3434 1058 3496 Praelati
1070 3433 1208 3507 Ordinis,
1224 3433 1271 3494 vel
1285 3428 1379 3509 Gepi-

106 3523 176 3599 tuii,
193 3525 248 3588 ubi
259 3525 438 3606 requiritur.
456 3527 549 3586 Error
561 3525 666 3584 autem
679 3520 759 3586 cirea
769 3521 992 3595 substantiam,
1009 3527 1074 3584 tam
1087 3539 1127 3584 ex
1137 3525 1223 3601 parte
1235 3518 1380 3598 proliten-

104 3613 163 3687 tis,
176 3631 272 3694 quam
284 3613 492 3688 admittentis,
507 3610 723 3675 Proiessionem
739 3608 861 3674 irritem
874 3607 956 3672 feeit.

147 3707 180 3766 3⁰
194 3702 333 3766 Libertas
347 3702 502 3777 voventis,
518 3701 551 3764 id
565 3705 611 3764 est
627 3707 665 3763 nt
680 3699 826 3764 Professio
839 3703 946 3779 sponte
959 3695 1028 3773 flat,
1044 3696 1159 3760 secluso
1173 3694 1259 3776 grem
1274 3699 1375 3770 metu,

105 3789 156 3854 vel
168 3791 265 3854 etiam
279 3797 367 3854 metu
382 3789 591 3864 reverentisli,
606 3807 669 3854 nen
683 3788 808 3870 quidem
820 3788 897 3862 solo,
912 3787 964 3850 sed
978 3787 1138 3867 conjuncte
1152 3801 1224 3848 cum
1238 3781 1377 3864 psalmus

103 3879 292 3960 importunis
313 3879 426 3961 sapius
448 3878 602 3960 repetitis,
618 3877 793 3952 blanditiis,
807 3875 951 3958 imperio,
967 3882 1025 3938 aut
1043 3873 1129 3956 grau
1150 3871 1316 3938 offensione
1328 3873 1377 3936 sel

99 3966 318 4049 indignatione
333 3969 387 4031 diu
400 3966 577 4032 continuate
588 3963 984 4047 consanguineorum-S.
993 3964 1077 4044 Lip,
1086 3981 1121 4024 n.
1137 3965 1203 4037 'l‚et
1216 3961 1252 4024 de
1266 3959 1374 4035 dieta,

102 4077 136 4120 n.
153 4062 243 4122 1951.

108 4236 115 4248 Ι
147 4149 216 4210 190.
229 4179 271 4192 -
281 4149 384 4281 quun.
400 4149 434 4208 2⁰
451 4143 500 4234 Ad
515 4143 590 4227 quid
607 4153 744 4206 teneatur
757 4145 925 4226 Episcopus
944 4141 1045 4224 quoad
1057 4139 1174 4222 puellus
1191 4139 1377 4220 Religionem

102 4253 302 4316 ingressurus.

132 4381 141 4416 ¹
157 4380 279 4433 Instituta
293 4385 331 4432 est
348 4378 485 4446 peculiaris
501 4377 555 4430 hue
568 4378 737 4442 Congregstio
753 4391 769 4428 a
787 4379 813 4428 S.
827 4379 857 4428 D.
871 4379 903 4426 Ν.
919 4377 946 4426 Ρ.
960 4373 1005 4426 Pio
1016 4376 1063 4435 lx,
1076 4375 1200 4428 decretor
1216 4376 1279 4437 sept.
1297 4375 1372 4431 tete,

103 4452 179 4516 eique
193 4451 359 4502 commissum
370 4451 420 4502 tuit
430 4462 539 4508 munus,
553 4465 566 4496 s
578 4453 607 4498 ut
620 4450 706 4499 89991.
719 4451 777 4501 Suu
792 4451 918 4513 proponet
931 4445 1015 4498 media
1029 4452 1170 4512 opponens
1185 4443 1377 4497 9999199999-

101 4541 117 4572 s
135 4523 197 4574 dam
210 4528 236 4576 et
247 4523 430 4574 restituendam
445 4519 607 4586 disciplinam
622 4524 647 4571 et
660 4523 757 4571 statum
771 4517 967 4582 angularium.»
