3198 5036
601 230 643 272 ns
663 228 911 274 sucnrarsrrs
1324 221 1393 282 lta

159 344 248 424 Itesp.
264 341 388 422 Astis-m.
404 339 492 404 Ratio
511 345 558 402 est
576 339 649 420 qnia
662 357 696 401 ea
715 337 847 402 Paracho
860 339 1015 403 incumbit
1032 346 1069 402 ut
1092 341 1218 403 Pastori.
1239 343 1317 406 Hinc
1337 350 1392 409 Pa-

117 432 205 496 rochi
217 431 328 494 dehent
341 447 394 510 per
415 428 529 508 seipsos
548 427 695 508 applicare
716 427 841 492 Missam
859 445 913 508 pro
929 429 1038 509 populo
1055 428 1162 491 diebus
1181 431 1348 496 Dominicis
1362 442 1393 496 et

117 519 251 594 lestinis3
268 535 322 580 uec
332 517 395 579 ulla
407 518 489 580 valet
502 515 536 578 in
547 515 736 578 contrarium
751 515 947 578 consuetudo.

157 611 206 672 Aa
218 607 352 670 dubium
366 611 396 670 S.
413 608 521 686 Gongr.
535 605 647 668 concil.
665 605 822 667 oblatum:

123 745 129 756 ,
159 697 244 774 Quid
256 697 370 757 caueri
383 694 490 756 debeat
504 694 539 756 de
554 693 777 771 consuetudine,
793 697 827 755 oi
840 695 924 775 cujus
938 694 1095 756 Parocbus
1109 695 1212 758 diebus
1226 696 1393 762 Dominicis

114 797 144 848 et
158 787 248 868 festis
263 784 390 847 Missam
402 787 559 865 priuatam
581 803 638 864 pro
657 785 713 863 pio
733 782 835 864 atiquo
854 782 1042 862 benefactore
1060 784 1211 865 applicat,
1238 795 1281 862 et,
1306 787 1393 850 nullo

116 875 255 958 tepitimo
269 873 480 954 impedimento
495 871 645 950 detentus,
662 889 736 932 onus
756 870 928 934 celebrandi
946 871 1070 933 Missam
1084 876 1117 932 in
1130 873 1224 936 alium
1242 875 1391 938 Sacerdo-

114 974 176 1026 tem
192 973 276 1027 trans
293 961 361 1023 ert?
1185 1005 1187 1009 ,

156 1055 247 1116 Saom
261 963 457 1130 Gingregatio
474 1049 649 1129 respondit:
668 1047 929 1123 Consuetudinem,
945 1047 980 1110 de
991 1067 1053 1129 qua
1067 1050 1182 1130 opiter,
1196 1071 1257 1112 non
1272 1066 1392 1118 esseut-

111 1140 310 1202 tendendam.
327 1139 380 1203 Die
401 1143 440 1202 25
460 1137 647 1218 Septembris
661 1141 755 1212 1847,
780 1137 812 1199 in
836 1136 1030 1198 Mecdiinien.
1050 1171 1091 1184 -
1110 1137 1184 1200 Vide
1204 1139 1245 1201 D.
1269 1141 1388 1220 Bouto,

116 1230 224 1290 Troct.
241 1229 275 1290 de
290 1227 437 1302 Porocbo,
448 1247 483 1309 p.
500 1230 569 1290 590.

155 1323 226 1382 363.
246 1353 285 1362 -
304 1320 405 1393 Quina.
428 1321 460 1380 3⁰
476 1318 529 1377 An
542 1315 698 1398 prodicta
710 1315 887 1396 oblipotioni
906 1316 1058 1396 satisfacit
1072 1315 1232 1378 Parocbus
1242 1337 1301 1400 per
1314 1318 1389 1381 Mis-

112 1405 514 1570 wileliyrsiiiilaiiimandum
532 1484 658 1548 omnino
674 1484 808 1558 videtur,
825 1484 898 1565 quia
919 1503 1022 1564 reapse
1043 1490 1227 1566 preceptum
1250 1488 1392 1552 Ecclesiae

112 1577 278 1656 adimmeu
294 1579 482 1637 necteretur
495 1573 623 1638 Missam
637 1574 819 1647 solemnem,
836 1578 890 1635 aut
904 1571 1008 1653 aliqua
1022 1579 1103 1634 certa
1116 1573 1191 1636 hora
1205 1575 1300 1638 fixam
1316 1577 1393 1640 cele--

111 1664 206 1726 brare
224 1683 230 1723 :
255 1663 400 1742 quamuis
414 1663 580 1742 Episcopus
597 1663 788 1742 prescribere
809 1661 920 1741 possit,
937 1667 974 1723 ut
999 1661 1123 1723 Parochi
1138 1681 1190 1741 per
1214 1662 1328 1742 seipsos
1343 1683 1391 1728 so·

111 1751 298 1815 lemniorem
312 1752 438 1814 Missam
453 1751 554 1830 legant
567 1756 622 1811 ont
635 1756 768 1812 cantent.
781 1785 821 1793 —
833 1749 884 1810 Ito
896 1749 936 1810 D.
953 1748 1066 1824 Bauio,
1081 1749 1170 1824 ibid,
1184 1770 1217 1831 p.
1233 1756 1304 1825 591,
1317 1757 1388 1816 592.

156 1841 285 1918 insuper
304 1838 455 1900 Parachus
474 1837 582 1900 dicbus
601 1837 766 1900 Dominicis
785 1842 815 1898 ct
829 1836 915 1900 festis
932 1836 1057 1900 Missam
1079 1837 1227 1900 celebrare
1247 1839 1335 1902 debet
1356 1841 1391 1903 in

112 1926 240 2008 propria
254 1925 385 2000 ecclesia,
402 1931 434 1988 et
444 1943 507 1988 non
519 1924 553 1986 in
566 1925 640 1999 aha,
655 1942 847 2006 quaerunque
861 1923 1121 1987 consuetudinem
1131 1926 1390 1991 contrariumnon

110 2017 317 2078 obstante—
329 2015 381 2076 Sic
393 2016 426 2077 S.
444 2013 556 2094 Conpr.
572 2013 703 2091 Camil,
721 2017 759 2076 15
771 2013 924 2094 Septemb.
937 2019 967 2074 et
982 2018 1019 2076 lt
1035 2013 1181 2076 Nouemb.
1199 2017 1288 2077 1629.
1300 2016 1386 2078 -n

113 2103 232 2180 Bonis,
252 2103 278 2165 Τ
277 2114 354 2164 rect.
373 2103 408 2164 de
420 2102 572 2181 Porocbo,
579 2124 615 2185 p.
632 2106 701 2166 59l.

156 2193 257 2268 Quina.
274 2196 308 2254 l⁰
322 2193 373 2253 An
386 2191 545 2252 Porcellus
563 2191 611 2252 aet
623 2191 794 2274 Episcopus
808 2191 962 2273 infirmus,
977 2201 1032 2252 aut
1043 2191 1108 2254 alia
1123 2191 1157 2253 de
1171 2210 1261 2254 causa
1280 2215 1300 2254 a
1314 2193 1388 2258 cele-

115 2281 254 2341 bratione
268 2280 448 2360 impeditus,
466 2287 606 2340 teneatur
621 2278 723 2340 diebus
736 2280 821 2360 festis
841 2299 897 2358 per
912 2279 1006 2341 olium
1015 2299 1075 2362 pro
1088 2279 1199 2361 populo
1214 2281 1390 2346 celebrare?

157 2369 244 2448 Resp.
266 2388 279 2429 .·
299 2367 526 2448 Affirmaudum
548 2375 605 2444 est,
631 2367 706 2448 qrria
726 2386 804 2430 onus
824 2367 901 2431 illud
922 2385 986 2432 non
1010 2373 1056 2432 est
1082 2375 1206 2432 tantum
1233 2373 1389 2450 personale

115 2457 170 2519 sed
194 2457 286 2520 simul
313 2457 405 2532 reale,
431 2474 493 2518 non
515 2474 601 2518 secus
621 2475 656 2517 ac
678 2475 757 2518 onus
778 2456 973 2536 praedicandi,
999 2459 1082 2538 quod
1100 2466 1318 2540 consequenter
1336 2479 1389 2541 per

114 2545 213 2607 aliurn
237 2544 359 2624 impleri
381 2550 481 2626 potest
503 2549 533 2606 et
558 2544 657 2607 debet.
680 2577 722 2590 -
742 2545 779 2608 S.
800 2545 870 2626 Lip.
895 2565 925 2608 n.
954 2550 1024 2610 327.
1046 2581 1085 2592 —-
1105 2547 1138 2608 S.
1168 2545 1280 2628 Conon.
1309 2549 1386 2629 nia,

115 2639 151 2696 ll
169 2633 240 2698 Maii
256 2638 344 2696 trec.

156 2723 256 2796 Qasr.
279 2721 529 2784 serraricum
547 2721 700 2783 Vicarium
717 2723 906 2804 deputaverit
925 2723 966 2784 ad
977 2723 1103 2785 Missam
1113 2743 1174 2804 pro
1188 2725 1299 2805 populo
1312 2725 1388 2786 aete·
1487 2729 1491 2739 '

117 2809 270 2885 brundam,
288 2831 328 2872 aie
342 2811 524 2891 stipendium
538 2811 599 2889 ipsi
614 2810 745 2873 tribuere
757 2809 884 2872 debeat?

154 2899 247 2980 desp.
268 2899 409 2978 elffii-m,
426 2898 500 2977 quia
520 2899 559 2959 ad
572 2899 741 2960 Perochum
760 2899 893 2978 pertinet
907 2917 1027 2974 curare,
1046 2906 1083 2962 ut
1101 2897 1192 2963 Missa
1208 2899 1387 2978 parochialis

114 3005 169 3049 seu
183 3006 237 3066 pro
251 2988 360 3068 populo
374 2985 552 3062 celebretur,
568 3004 623 3048 nec
635 2986 776 3048 Vicarius
792 2993 914 3049 tenetur
929 2987 1079 3068 stipendio
1091 3005 1199 3049 carere.

153 3079 255 3152 Qorse.
273 3080 306 3138 60
317 3077 365 3136 An
381 3075 542 3148 Porocdus,
553 3075 608 3156 qui
617 3095 678 3134 uon
691 3079 791 3156 potuit
806 3075 865 3136 sibi
879 3075 975 3137 alium
989 3076 1168 3137 substituere
1179 3075 1221 3136 ad
1231 3075 1385 3138 celebran-

114 3163 185 3226 dam
196 3185 257 3246 pro
266 3163 390 3247 populo,
410 3183 469 3223 uno
483 3163 531 3224 oet
543 3162 640 3223 altero
660 3163 711 3224 die
727 3165 811 3244 infra
830 3173 944 3244 tempus
962 3164 1098 3226 Secessus
1117 3164 1266 3244 (Retraite
1286 3171 1386 3245 pasto·

114 3253 198 3334 sale),
213 3262 329 3316 tenetur
340 3261 445 3334 postea
458 3251 500 3312 od
513 3249 637 3312 totidem
649 3252 759 3313 Missae
772 3251 974 3334 applicandas
986 3273 1043 3333 pro
1053 3251 1188 3334 papea?

152 3342 244 3423 Resp.
259 3341 456 3422 Affirmatiae
470 3357 507 3402 ex
524 3357 666 3419 responso
681 3339 723 3400 Se.
734 3339 769 3401 C.
784 3339 875 3402 Cone.
891 3341 929 3402 ad
943 3344 1002 3402 DD.
1017 3340 1185 3420 Maupoint,
1201 3340 1386 3422 Episcopum

114 3434 143 3494 S.
160 3430 298 3513 Dionysii
315 3429 489 3512 (Bombos)
503 3427 604 3491 diali
616 3429 686 3490 Dec.
704 3431 794 3491 1859.

152 3523 223 3584 364.
240 3555 279 3566 -
298 3523 400 3594 Quina.
415 3523 447 3580 7⁰
461 3520 514 3579 An
527 3517 670 3580 Pastores
683 3519 853 3579 namucum
870 3525 1030 3580 teneantur
1039 3537 1101 3599 pro
1113 3517 1225 3599 populo
1238 3517 1388 3580 celebrare

114 3611 145 3668 in
156 3609 242 3689 sestis
254 3628 273 3670 a
285 3607 337 3671 Pio
351 3609 391 3668 VI
403 3605 587 3688 suppressis?

153 3699 245 3780 Respo.
262 3697 389 3778 Alfium.
406 3696 494 3761 Ratio
509 3699 568 3770 est,
580 3697 654 3778 quia
668 3695 799 3758 Ecclesia
820 3694 880 3757 illis
897 3694 1005 3758 dicbus
1028 3695 1129 3758 solum
1152 3693 1263 3756 exirnit
1284 3695 1386 3758 fidelos

112 3785 150 3848 ab
162 3785 345 3866 obligatione
359 3784 505 3848 audiendi
518 3785 654 3860 Missam,
668 3792 700 3848 ct
711 3784 887 3848 abstinendi
901 3784 939 3846 ab
954 3783 1095 3864 operibus
1108 3781 1287 3858 servilibus3
1304 3783 1386 3846 unde

113 3892 219 3954 urgere
233 3874 332 3954 pergit
351 3873 494 3953 obligatio
508 3874 633 3938 Parochi
647 3893 701 3953 pro
719 3873 827 3955 populo
842 3872 1028 3948 celebrandi,
1045 3872 1125 3936 sicut
1144 3871 1230 3952 prius
1245 3872 1383 3952 urgebat.

113 3965 239 4026 Constat
250 3981 289 4025 ex
302 3961 396 4026 vanis
413 3961 671 4025 Declarationihus
685 3965 716 4026 S.
733 3961 981 4026 Poenitentiariae.

152 4053 255 4126 Qase.
271 4055 305 4115 8⁰
324 4052 466 4126 Quanam
480 4054 542 4111 sint
554 4050 633 4131 festo
646 4070 665 4112 a
678 4051 730 4114 Pio
744 4053 784 4114 Vl
797 4049 980 4133 suppresso?

152 4139 245 4222 Resp.
263 4159 275 4200 .·
293 4141 373 4202 Sunt
386 4138 566 4219 sequentia:
583 4139 661 4202 testa
674 4139 889 4219 Apostolorum
903 4145 1012 4219 prater
1026 4142 1077 4202 SS.
1095 4137 1176 4200 Petri
1192 4143 1222 4200 et
1235 4139 1322 4202 Pauli
1337 4157 1384 4202 so-

113 4227 319 4302 lemnitatem;
342 4227 409 4289 dria
432 4225 516 4289 ferie
539 4245 608 4307 que
630 4227 742 4290 Pascha
760 4233 791 4290 et
813 4232 1007 4290 Pentecosten
1033 4234 1220 4308 seqaumum
1244 4227 1384 4291 inventio

113 4319 143 4378 S.
159 4315 280 4391 Crucis;
305 4315 381 4378 leste
401 4317 431 4376 S.
452 4315 564 4389 Anna,
591 4318 621 4378 S.
643 4314 817 4390 Laurentii,
836 4318 866 4378 S.
885 4313 1048 4396 Stephani,
1072 4319 1124 4380 SS.
1146 4316 1379 4390 Innocentium,

113 4405 142 4467 S.
159 4404 316 4485 sylvestri,
333 4407 364 4468 S.
381 4403 543 4479 Michaelis,
556 4410 587 4466 et
600 4407 630 4468 S.
645 4403 777 4492 iosephi.
791 4439 831 4450 —
851 4403 924 4466 Vide
940 4403 1106 4466 dictatam.
1120 4407 1144 4478 Ι,
1161 4423 1193 4465 n.
1207 4409 1280 4468 ito.

153 4497 224 4558 365.
244 4529 283 4540 -
299 4495 402 4569 Qasr.
422 4495 456 4553 9⁰
480 4493 527 4554 An
547 4493 687 4555 Pastores
705 4497 874 4556 animorum
897 4493 931 4554 in
956 4491 1061 4555 Gallia
1079 4501 1237 4557 teneantur
1257 4493 1383 4556 Missam
