3198 5036
568 249 611 294 nu
631 249 882 296 uncuamsrrs
1290 241 1357 301 tta

91 363 220 448 jejunio,
237 368 269 425 et
292 359 419 444 proinde
440 378 503 422 non
524 363 641 424 constat
661 360 917 424 Communionem
935 380 999 424 esse
1016 361 1228 438 interdictam3
1242 363 1358 428 iactum

93 453 175 516 enirn
190 450 296 514 violati
303 447 415 532 jejunii
432 453 510 512 esset
524 449 731 530 probandum,
746 449 832 530 prius
848 467 942 530 quam
960 449 1119 513 invocetur
1135 451 1182 512 lex
1195 450 1359 532 pmhibens

94 539 319 604 Eucharistiam
333 556 395 601 non
408 539 523 620 jejuno.
540 573 579 582 -
592 537 627 600 S.
643 537 727 617 Lip„
744 558 775 598 n.
792 541 868 613 181,
883 545 912 600 61
927 538 1009 613 tabl,
1026 560 1058 599 n.
1073 542 1123 603 39.

132 633 202 694 333.
215 663 258 674 -
277 628 378 702 Quen.
395 631 428 688 Ι10
441 626 491 687 An
506 625 592 688 liceat
606 625 692 688 edere
706 636 735 687 61
746 626 841 688 bibere
854 630 959 688 stata'm
973 637 1044 709 post
1058 626 1327 691 Communionem?

132 719 222 800 Hesp.
235 736 248 778 .·
262 715 342 778 Olim
357 713 481 796 quidem
495 721 563 796 pest
576 715 831 778 communionem
848 715 1079 797 praecipiebatur
1088 716 1244 798 jejunium
1264 736 1360 800 usque

95 807 132 869 ad
150 805 287 869 Sectam.
308 804 364 866 Sed
384 803 441 866 hoc
462 807 647 884 praeceptum
664 803 850 886 jamdudum
871 804 1051 885 abrogatum
1074 811 1130 868 est.
1159 807 1305 870 Attamen
1324 826 1362 870 ex

94 894 232 958 decentia
245 911 331 957 mera
345 891 448 973 aliqua
468 890 583 954 servari
600 892 688 955 debet
707 891 788 954 inter
802 893 1009 974 sumptionem
1024 893 1118 975 hujus
1132 897 1319 968 sacramenti
1330 901 1361 959 et

94 983 168 1046 alios
181 983 279 1058 cibos,
297 981 405 1044 saltem
421 980 560 1062 quandin
579 981 690 1061 species
704 985 881 1044 consecrata
899 982 934 1044 in
951 982 1105 1045 stomacho
1119 984 1260 1047 nondum
1273 986 1362 1065 plane

93 1079 243 1154 corruptae
266 1075 475 1151 perseverant,
494 1067 556 1131 nisi
577 1072 681 1131 umen
703 1069 784 1131 adsit
806 1069 909 1150 aliqua
930 1069 1121 1134 rationabilis
1140 1090 1231 1134 66666
1247 1073 1363 1154 ahquid

93 1161 204 1224 statim
216 1157 381 1223 sumendi:
398 1176 483 1220 secus
499 1157 570 1220 talis
584 1157 728 1221 comestio
739 1157 778 1220 cb
789 1157 1020 1222 irreverentiam
1034 1178 1052 1221 a
1067 1159 1180 1223 veniali
1197 1162 1285 1242 culpa
1301 1180 1363 1225 non

93 1255 268 1313 excusatur.
284 1283 324 1294 —
337 1246 371 1309 S.
388 1245 474 1328 cip,
490 1267 522 1308 n.
537 1250 613 1322 183,
628 1257 657 1309 61
667 1246 725 1307 6111
734 1251 938 1310 communiter.

134 1341 236 1415 Quina.
254 1341 286 1402 80
299 1336 348 1398 An
362 1336 404 1398 sit
414 1335 559 1398 illicitum
574 1355 717 1418 respuere
724 1346 792 1418 poet
807 1335 1068 1400 Communicnem?

134 1428 227 1509 Reap.
242 1426 320 1506 Nep.
334 1445 394 1508 per
404 1444 448 1501 ae,
465 1424 555 1488 modo
568 1425 690 1488 utillum
704 1425 815 1489 Hostia
829 1424 1035 1506 fragmentum
1050 1426 1084 1489 in
1102 1445 1153 1490 ore
1170 1427 1362 1491 remanserit.

93 1517 222 1580 Nullum
235 1514 319 1577 enim
331 1521 377 1576 est
392 1513 562 1594 periculum
571 1513 774 1576 irreverentis
785 1533 855 1594 erga
867 1513 979 1594 species
992 1533 1104 1590 sacras;
1119 1516 1367 1597 quandoquidem

94 1605 169 1680 ria,
190 1623 244 1685 per
257 1621 352 1684 quam
371 1609 461 1682 sputa
478 1601 561 1664 ines
581 1602 752 1677 confluunt,
767 1620 829 1664 non
850 1609 897 1665 est
915 1603 1110 1683 msophagus,
1127 1622 1180 1665 seu
1197 1604 1247 1666 via
1261 1605 1320 1666 cibi
1336 1609 1366 1666 et

92 1697 205 1774 potus,
222 1692 274 1752 sed
288 1695 333 1752 est
345 1688 397 1752 via
414 1689 635 1770 respirationis.
651 1692 763 1752 Omnes
778 1697 882 1752 166666
896 1690 1083 1752 conveniunt
1097 1708 1269 1770 congruum
1285 1709 1365 1765 esse,

93 1776 415 1863 utcommunicantes
431 1794 484 1857 per
500 1777 622 1858 aliquod
640 1777 786 1858 temporis
804 1776 1003 1838 intervallum
1021 1777 1060 1839 ab
1080 1779 1254 1857 exspuendo
1273 1779 1368 1842 absti-

90 1861 206 1930 neant.
223 1902 261 1911 —
274 1864 309 1926 S.
323 1865 393 1944 Lip.
409 1885 440 1926 n.
456 1868 527 1928 283.

137 1958 244 2031 Qatnu.
258 1958 291 2017 9⁰
308 1952 503 2028 Ouandonam
520 1952 607 2014 liceat
616 1951 747 2034 aliquem
756 1955 961 2034 conjejunate
974 1954 1211 2018 communicare?

138 2043 235 2125 Besp.
250 2061 263 2102 .·
276 2046 343 2105 Non
351 2044 476 2122 jejunus
488 2040 570 2103 licite
580 2041 785 2104 communicat
800 2047 832 2104 l⁰
846 2041 880 2104 in
892 2042 1023 2122 periculo
1037 2042 1157 2118 mortis,
1174 2061 1210 2105 eu
1223 2062 1368 2125 quacum-

98 2152 161 2215 que
185 2149 274 2194 carisa
294 2128 468 2210 proveniat;
491 2134 524 2191 2⁰
545 2128 579 2191 in
595 2129 727 2208 periculo
748 2147 785 2192 ne
807 2129 999 2192 Eucharistia
1016 2137 1134 2211 pereat,
1150 2131 1197 2194 vel
1215 2133 1293 2194 male
1308 2139 1369 2196 tra-

99 2226 211 2294 ctetur,
226 2239 256 2280 v.
272 2237 330 2298 gu,
347 2216 386 2280 ab
399 2217 563 2291 hereticis,
577 2217 683 2296 impiis
696 2237 703 2291 ;
718 2220 751 2281 30
770 2216 803 2278 in
820 2217 952 2298 periculo
965 2219 1103 2299 proximo
1122 2221 1223 2300 masis
1237 2220 1370 2284 scandali

99 2328 139 2372 ex
163 2305 327 2370 omissione
355 2303 498 2370 Sacrificii
524 2305 571 2367 vel
597 2304 845 2380 communionis;
875 2311 908 2369 10
935 2305 969 2369 in
996 2307 1173 2370 necessitate
1196 2309 1370 2389 perficiendi

99 2395 291 2462 Sacdhdum
312 2393 359 2457 vel
377 2392 649 2468 communionem,
679 2412 709 2454 r.
738 2411 797 2473 gn,
821 2393 848 2456 si
874 2412 928 2476 pro
955 2395 1109 2476 speciebus
1137 2396 1204 2459 vini
1229 2399 1370 2461 Sacerdos

99 2483 268 2565 sumpserit
278 2500 405 2564 aquam,
424 2489 481 2544 etc.
498 2517 537 2527 -
550 2480 584 2544 S.
597 2483 665 2561 Lip.
685 2503 715 2542 n.
732 2485 793 2545 nat
805 2491 834 2544 et
846 2501 908 2566 seq.

144 2577 214 2638 331.
230 2607 269 2618 -
282 2573 382 2647 Quen.
403 2576 454 2634 100
471 2571 523 2632 Α6
540 2571 716 2652 requeratur·
735 2569 861 2633 moralis
883 2571 1029 2634 certitudo
1043 2574 1178 2656 periculi
1196 2577 1315 2647 mortis,
1339 2583 1373 2636 ut

109 2663 259 2725 Viaticurn
272 2660 453 2742 conjejuna
467 2659 762 2740 ministraripossa't?

145 2751 236 2832 Resp.
251 2749 343 2831 Nep,
357 2749 409 2810 sed
425 2747 537 2811 sufficit
555 2746 686 2810 dubium
702 2748 851 2828 prudens,
868 2767 922 2811 seu
937 2748 1134 2828 probabilitas
1151 2751 1277 2832 periculi
1295 2769 1371 2831 pra-

103 2839 213 2903 sertim
231 2837 353 2918 quande
374 2835 548 2898 timendum
566 2840 628 2909 est,
646 2854 684 2897 ne
707 2854 786 2916 ager
806 2836 965 2916 repentina
981 2845 1078 2900 morte
1097 2838 1287 2919 corripiatur.
1308 2841 1373 2900 lmo

105 2927 240 3008 graviter
254 2924 402 3006 arguendi
417 2931 492 2986 sunt
506 2923 631 2986 Pamchi
644 2930 675 2986 et
693 2930 833 3004 parentes
845 2929 898 2986 aut
912 2925 1031 3004 cognati
1044 2925 1253 3003 infirmorum,
1269 2925 1324 3006 qui
1336 2943 1374 2988 ex

104 3015 226 3078 incuria
239 3020 294 3077 aut
308 3032 387 3076 vanc
399 3012 509 3074 tImere
524 3010 823 3075 administrationem
840 3013 916 3074 sacri
931 3013 1041 3075 Viatici
1060 3015 1105 3076 ita
1120 3015 1321 3095 protrahunt,
1337 3020 1374 3076 ut

104 3105 220 3184 absque
232 3100 426 3166 Eucharistia
440 3100 579 3162 decedere
593 3098 813 3179 periclitentur.
829 3136 870 3146 -
881 3100 916 3162 S.
932 3101 1013 3182 Lip„
1031 3102 1122 3164 Hom.
1139 3113 1253 3184 apost,
1269 3124 1300 3163 n.
1317 3105 1372 3178 16,

105 3192 161 3274 qui
174 3193 224 3254 lid.
241 3193 292 3265 VI,
309 3211 340 3252 n.
354 3193 425 3264 285,
441 3188 513 3248 dub.
530 3193 559 3262 3,
574 3187 633 3261 ait,
652 3188 685 3248 in
705 3187 761 3250 hec
779 3207 842 3250 non
864 3207 928 3252 esse
946 3192 1117 3270 scrupulose
1136 3191 1372 3271 procedendum,

107 3299 178 3344 cum
190 3280 223 3344 in
237 3277 369 3344 Concilio
382 3275 629 3350 constantiensi,
647 3294 719 3338 sess.
738 3278 814 3350 XIII,
832 3277 1009 3357 sImpliciter
1020 3277 1138 3341 infirmi
1152 3279 1342 3361 excipiantur
1358 3298 1376 3341 a

106 3369 170 3450 lage
186 3367 302 3450 'ejunii

148 3391 251 3533 ann.
268 3461 321 3520 110
333 3455 382 3516 An
398 3455 489 3517 liceat
503 3452 665 3534 aliqnando
685 3452 756 3514 dare
775 3451 1016 3514 Communienem
1034 3457 1156 3538 infirmo
1175 3477 1236 3518 non
1248 3457 1376 3538 jejuno,

108 3565 159 3608 nec
171 3545 339 3628 periculose
356 3543 556 3616 decumbenti,
572 3546 600 3603 ai
614 3541 734 3603 morbus
744 3545 784 3601 sit
797 3541 983 3603 diuturnus?

148 3629 237 3710 Resp.
252 3654 264 3695 .·
276 3634 456 3714 Negandum
474 3637 535 3708 est,
563 3635 679 3693 attenta
701 3629 789 3711 praxi
812 3629 924 3692 actuali
944 3629 1082 3695 Ecclesiae
1096 3679 1103 3706 ,
1118 3631 1178 3694 nisi
1196 3633 1321 3695 morbus
1340 3633 1379 3694 sit

109 3723 277 3804 ejusmodi,
294 3721 348 3803 qui
364 3740 417 3803 per
430 3739 462 3784 se
480 3719 648 3802 periculum
670 3719 779 3782 mortis
799 3718 943 3781 inducere
963 3719 1069 3800 possit.
1089 3723 1233 3783 Attamen
1249 3720 1379 3801 theologi

113 3812 256 3876 nonnulli
279 3810 311 3874 id
335 3810 498 3891 aliquando
520 3809 718 3890 permittunt,
735 3807 762 3869 si
778 3805 904 3870 morbus
923 3807 964 3869 sit
977 3807 1159 3883 diuturnus,
1173 3827 1227 3872 nec
1241 3827 1379 3890 unquam

110 3919 188 3981 aeger
199 3900 325 3963 cumino
333 3901 458 3980 jejunus
470 3897 694 3960 commrmicare
705 3896 814 3971 valeat,
832 3913 883 3957 mo
893 3897 931 3958 do
942 3915 1009 3959 raro
1023 3897 1088 3972 liat,
1105 3917 1135 3960 v.
1150 3916 1207 3978 gn,
1222 3897 1380 3980 aliquoties

109 3987 143 4050 in
157 4007 250 4051 anno.
267 4024 307 4034 -
321 3988 373 4049 Sic
391 3984 483 4049 Elbel
492 4033 501 4063 ‚
521 4007 552 4046 n.
570 3990 620 4050 90.
636 4019 676 4032 —
694 3984 750 4046 Sed
764 3984 945 4048 contradicit
958 3985 1110 4048 sententia
1126 3986 1379 4050 communissima

111 4075 319 4157 theologorum
332 4093 403 4138 cum
416 4073 549 4148 suarez,
567 4074 620 4154 qui
635 4073 757 4136 asserit.
774 4074 872 4136 solum
888 4075 999 4152 Papam
1013 4073 1069 4136 hac
1083 4073 1117 4135 in
1131 4075 1193 4154 logo
1208 4075 1381 4156 dispensare

111 4183 207 4244 posse.
229 4166 340 4246 Reipsa
360 4168 391 4228 S.
413 4162 553 4225 Pontilex
570 4180 638 4224 ram
657 4168 688 4224 et
707 4161 792 4241 gravi
807 4167 931 4223 tantum
952 4162 988 4222 de
1004 4180 1094 4224 causa
1108 4163 1281 4244 dispensare
1293 4165 1377 4226 solet.

110 4254 241 4317 Videtur
263 4272 334 4318 vero
359 4258 435 4314 tunc
456 4251 559 4314 adesse
582 4249 658 4311 ratio
682 4249 833 4312 sulliciens
856 4267 909 4310 cur
927 4248 1085 4312 interdum
1104 4251 1296 4314 Eucharistia
1313 4257 1381 4332 post

111 4344 246 4406 mediam
255 4348 377 4405 noctem
391 4339 514 4402 infirmo
528 4336 737 4401 administrari
751 4334 856 4418 possit.

151 4436 221 4497 3311.
236 4467 275 4476 —-
294 4433 396 4506 Quina.
421 4433 472 4490 110
492 4430 543 4489 An
561 4425 650 4488 licent
667 4425 910 4488 Ccmrnnnionern
933 4428 1040 4488 elerum
1061 4429 1237 4490 micr'alrcre
1258 4429 1379 4510 infirmo

14 4521 21 4541 ¹
113 4539 171 4581 nen
180 4521 307 4602 jejuno,
322 4517 453 4600 qaijum
470 4515 588 4578 Viatico
602 4515 737 4576 munitus
751 4512 817 4574 eat?

204 4633 386 4679 cona-uox.
399 4632 430 4674 11.
1259 4620 1290 4671 ta
