3198 5034
433 201 476 245 na
496 199 672 244 srarreus
693 200 1008 247 raarrcuaanraus
1311 191 1357 251 te

92 329 236 393 apponere
253 314 360 391 potest.
381 310 460 373 llinc
478 315 611 390 potestas
628 309 819 373 Vicariorum
838 310 1055 391 capitularium
1073 318 1120 375 est
1107 313 1314 392 tindefinita,
1328 323 1359 380 et

91 401 232 482 perdurat
252 400 427 481 usquedum
446 397 612 480 Episcopus
635 397 747 461 electus
771 404 800 461 et
825 418 843 461 a
865 404 945 480 Papa
972 399 1061 463 instit
1061 407 1135 462 utus
1156 401 1274 504 litteras
1295 423 1359 468 suae

92 487 217 552 institut
217 487 299 552 ionis
316 486 456 568 capitulo
475 486 614 550 Ecclesia
637 505 700 551 sum
723 486 904 564 ostenderit,
930 489 1025 552 etsie
1048 465 1269 570 possessionem
1289 493 1358 556 ade-

92 583 161 657 ptus
173 576 278 640 luent

130 668 222 728 Porro
236 664 350 727 Vicarii
362 664 442 745 capit
429 665 543 727 tulares
558 673 688 745 possunt
700 663 796 729 iacere
812 684 1013 748 quaecumque
1027 667 1122 748 exigit
1137 687 1270 749 praesens
1282 670 1359 736 dte-

91 753 162 816 eesis
184 753 380 834 gubernatio;
396 771 459 815 non
482 759 587 816 autem
609 771 714 816 omncs
733 753 872 835 Episcopi
892 755 1050 818 facilitates
1068 755 1144 841 ipsis
1163 757 1357 822 tribuuntur.

90 841 135 905 Sic
149 841 321 924 specialiter
331 845 404 906 lure
418 841 563 905 canonico
572 841 774 922 pmhihentur
785 843 903 924 aliquid
916 843 1074 920 innovare,
1087 848 1160 926 jura
1172 846 1361 928 Episcopalia

88 931 289 1006 imminuere,
303 930 510 1011 indulgentias
520 929 664 1006 tribuere,
679 930 795 994 litteras
807 931 996 996 dimissorias
1008 937 1078 996 ante
1089 951 1209 1001 annum
1222 936 1357 1017 elapsum

88 1021 263 1095 concedere,
279 1019 385 1082 titulos
399 1017 614 1082 inemeribiles
630 1018 779 1096 conferre,
795 1026 851 1083 etc.

612 1197 802 1260 APPENDIX
829 1199 842 1259 l

503 1351 541 1395 aa
566 1351 743 1398 marimens
768 1353 952 1399 caemcntum

302 1498 387 1564 1.-
403 1499 451 1565 Dc
463 1497 657 1586 privilegiis
673 1498 884 1568 Clericomun
903 1502 942 1568 in
960 1503 1148 1570 communi.

120 1657 358 1722 lia—Clerici
372 1659 559 1739 quibusdam
572 1659 707 1739 gandent
720 1659 890 1739 privilegiis
904 1679 942 1722 ex
955 1663 1028 1722 lure
1041 1680 1108 1724 can.
1126 1669 1157 1725 et
1170 1681 1207 1724 ex
1220 1664 1360 1728 lurecir.

88 1750 194 1818 Rom„
216 1743 280 1807 imo
291 1749 381 1826 juxta
394 1746 497 1826 plures
511 1765 549 1809 ex
566 1750 636 1828 jure
650 1746 766 1822 divine,
783 1746 897 1809 scilicet
910 1746 1069 1827 privilegio
1082 1749 1308 1826 immunitatis,
1325 1770 1364 1816 ne

87 1853 101 1896 a
118 1832 213 1896 curia
229 1831 328 1894 laicali
341 1834 523 1913 puniantur,
544 1841 576 1896 et
591 1832 794 1914 exemptionis
810 1852 829 1895 a
843 1833 907 1896 foro
919 1834 1018 1896 laicali
1030 1838 1130 1915 quoad
1147 1837 1228 1899 bona
1243 1839 1365 1919 propria

90 1929 160 1985 tum
186 1920 406 1996 ecclesiastica,
430 1927 498 1984 tum
516 1920 755 2001 patrimonialia.
771 1924 888 1985 Verum
911 1922 977 1985 haee
994 1922 1154 2004 privilegia
1174 1929 1205 1987 et
1226 1926 1286 1989 alia
1302 1928 1364 2008 ple·

92 2028 190 2091 reque
208 2009 319 2071 multis
342 2008 376 2072 in
397 2009 486 2083 locis,
501 2015 538 2072 ut
560 2008 654 2071 etiam
675 2009 710 2071 in
728 2009 838 2084 Gallia,
857 2029 919 2072 non
938 2010 1071 2090 amplius
1090 2031 1108 2074 a
1124 2019 1269 2093 potestate
1283 2015 1366 2079 civili

95 2103 318 2178 agnoscuntur.
347 2102 454 2162 Restat
474 2103 578 2160 tamen
601 2097 715 2178 ubique
737 2097 934 2180 privilegium
962 2101 1043 2180 quod
1066 2106 1192 2164 vocatur
1217 2103 1365 2185 Cononis,

96 2186 215 2250 ratione
237 2188 326 2267 cujus
343 2186 691 2248 excommunicationem
711 2191 799 2250 Rom.
820 2187 961 2250 Pontifici
981 2187 1162 2268 simpliciter
1183 2197 1367 2256 reservatam

95 2274 272 2350 incurrunt,
289 2273 343 2354 qui
354 2291 467 2337 manus
479 2275 514 2336 in
530 2274 784 2354 Clericosinjuste
798 2273 945 2350 inferunt,
960 2281 995 2338 ut
1009 2283 1179 2342 constater
1197 2280 1290 2344 Cone.
1308 2282 1367 2344 La-

98 2371 154 2424 ter.
170 2362 219 2431 11,
241 2362 350 2444 inquo
368 2361 500 2426 dicitur:
514 2361 552 2424 Si
566 2363 653 2443 quir,
668 2363 811 2425 suadente
830 2364 965 2440 diabolo,
982 2369 1015 2426 in
1033 2364 1182 2429 Clericum
1198 2370 1243 2432 vel
1262 2369 1367 2432 Mona-

96 2450 187 2512 chum
201 2452 341 2512 vicantes
355 2471 462 2514 manua
473 2451 629 2532 injecerit,
647 2451 845 2513 anathematis
858 2452 978 2516 vincalo
991 2453 1161 2534 subjaceam
1173 2463 1203 2520 et
1212 2477 1250 2521 ex
1263 2462 1366 2522 Const.

98 2539 281 2621 Apostola'coe
294 2539 400 2614 Sedis,
419 2543 511 2603 ἤιεν.
527 2560 558 2600 n.
575 2543 606 2602 2.

135 2630 197 2691 Hoc
209 2628 369 2710 privilegio
385 2627 535 2692 fruuntur
554 2634 587 2690 l⁰
601 2629 745 2708 Religiosi
761 2648 867 2694 omnes
886 2631 978 2695 etiam
993 2633 1119 2710 novitii3
1135 2639 1168 2697 2⁰
1185 2635 1291 2699 Clerici
1304 2657 1369 2700 orn-

98 2733 149 2778 nes
164 2717 211 2780 rel
227 2717 359 2798 simplici
377 2723 505 2780 tonsura
519 2716 641 2794 donati;
659 2722 691 2780 30
709 2717 771 2780 imo
785 2719 931 2782 Moniales
947 2739 1053 2784 omnes
1069 2722 1217 2802 religiosae
1233 2743 1369 2804 personae

100 2804 154 2867 sub
168 2806 274 2886 regula
285 2805 319 2868 in
333 2806 561 2869 communitate
571 2805 724 2884 degentes,
740 2823 859 2869 necnon
872 2807 1001 2871 tertiarii
1016 2809 1178 2890 utriusque
1195 2830 1285 2874 senus
1299 2812 1369 2874 reli-

100 2893 253 2971 giosorum
278 2893 428 2956 Ordinum
450 2892 595 2956 habitum
620 2899 772 2973 gestantes
799 2903 830 2957 et
853 2894 888 2957 in
918 2898 1143 2960 Gommumtate
1164 2899 1312 2962 viventes.
1328 2935 1369 2946 —

101 2981 135 3044 S.
152 2983 238 3065 Lip,
256 2983 276 3044 l.
291 2985 318 3058 I,
331 2981 472 3065 Appead.
488 3001 522 3044 11.
537 3019 576 3028 -
586 2982 676 3044 Hom.
693 2991 801 3064 apost,
818 2995 906 3047 tract.
919 2988 1017 3064 XXII,
1032 3006 1058 3047 a.
1073 3005 1107 3048 11.

402 3160 508 3227 11.-
527 3159 574 3226 Dc
590 3163 784 3250 privilegiis
801 3164 1064 3252 Episcoporum.

139 3326 208 3386 124.
226 3357 266 3366 -
280 3319 442 3400 Pririlegia
456 3319 674 3400 Episcopcrum
686 3321 855 3401 respiciunt
869 3328 901 3384 l0
914 3341 1057 3386 censuras
1068 3329 1099 3386 et
1111 3325 1367 3405 irregularitates;

100 3413 131 3472 2⁰
144 3408 367 3491 impedimenta
381 3405 588 3484 matrimonii;
603 3412 636 3471 30
649 3413 720 3470 vota
731 3414 762 3469 et
771 3411 963 3488 juramenta;
977 3415 1011 3473 40
1024 3411 1099 3476 alios
1112 3431 1200 3475 casus
1212 3413 1368 3492 speciales,

102 3506 136 3560 ut
148 3498 252 3562 videro
267 3501 312 3561 est
327 3498 409 3578 apud
422 3495 457 3558 S.
474 3496 557 3579 atq,
576 3496 597 3558 l.
613 3497 641 3572 I,
658 3498 691 3556 in
704 3495 765 3576 fine
779 3495 919 3578 Appecd.
936 3497 973 3558 de
985 3499 1168 3581 privilegiet,
1187 3511 1215 3562 et
1232 3500 1265 3560 in
1279 3499 1368 3562 Hom.
1399 3571 1400 3574 Ἴ

101 3597 209 3670 apost,
229 3597 320 3649 tract.
333 3589 404 3662 XX,
421 3605 448 3648 c.
464 3605 509 3648 111.

141 3678 165 3737 l.
181 3675 272 3739 Circa
285 3695 425 3738 censuros
439 3685 468 3736 et
483 3673 727 3757 irregularitater
740 3693 752 3735 .·

145 3769 178 3826 ιο
196 3765 359 3828 Absolvere
379 3763 517 3826 subdus
530 3769 660 3844 possunt
680 3782 698 3825 a
711 3762 957 3844 quibuscumque
970 3761 1091 3827 casibus
1102 3763 1261 3844 papalibus
1274 3767 1370 3830 occul·

103 3852 159 3928 tis,
172 3852 212 3916 iis
223 3853 387 3916 dumtaxat
402 3853 534 3932 exceptis
548 3853 602 3934 qni
614 3853 740 3936 speciali
751 3851 839 3913 modo
854 3851 923 3916 Sedi
936 3853 1115 3935 Apostolicae
1131 3857 1325 3916 reservantur
1336 3855 1371 3918 in

103 3943 230 4005 constit.
242 3942 423 4025 apostolice
435 3939 535 4012 Sedis,
555 3945 593 4006 ta
605 3951 662 4004 ort.
678 3945 767 4006 1869.

140 4033 318 4094 arcessunt
333 4030 507 4112 dispensare
522 4029 560 4092 ab
576 4031 721 4093 omnibus
741 4029 1020 4112 irregularitatibus
1036 4037 1067 4093 et
1085 4030 1237 4094 absolvere
1251 4032 1289 4095 ab
1306 4051 1371 4095 om·

103 4118 193 4181 nibus
207 4119 461 4200 suspensionibus
479 4117 517 4181 ob
531 4118 679 4182 delictum
694 4120 864 4198 occultum,
880 4120 1004 4200 dempta
1022 4119 1246 4199 irregularitate
1265 4139 1303 4183 ex
1318 4122 1373 4186 ho·

103 4206 225 4272 micidio
240 4206 423 4272 voluntario.

142 4295 511 4377 3⁰Inir1egularitatibus
525 4296 620 4360 ctiam
633 4296 736 4360 dubiis
750 4315 788 4360 ex
800 4297 917 4361 delectu
929 4296 1178 4381 (Probabiliter).

24 4443 25 4446 ,
143 4389 176 4448 t⁰
189 4386 225 4448 In
243 4383 521 4465 irregularitatibus
544 4403 607 4464 non
625 4385 750 4448 occultis
767 4403 806 4448 ex
822 4385 939 4448 delectu
955 4385 1107 4450 natalium
1122 4389 1160 4450 ad
1174 4387 1302 4450 Ordines
1315 4387 1376 4450 mi-

106 4490 193 4536 nores
206 4477 239 4536 et
248 4473 393 4537 beneficia
407 4471 569 4555 simplicia.
586 4509 626 4521 —
639 4473 676 4539 C.
694 4473 726 4536 le
739 4475 795 4556 qui
805 4479 834 4551 l,
852 4473 888 4537 de
900 4472 994 4537 Fitr'ia
1007 4475 1277 4558 presbyterorum,
1289 4476 1320 4537 in
1332 4479 1374 4539 6⁰.

199 4587 270 4633 com.
282 4609 309 4622 -·
324 4589 383 4632 τοι.
396 4587 427 4634 11.
1267 4579 1283 4626 l
