3224 5044
195 167 262 228 m
726 169 932 216 rnucrurus

193 294 291 370 doque
306 305 462 351 occurrere
476 300 580 359 casus,
596 283 631 346 in
648 282 762 364 quibus
776 283 841 346 haeo
857 282 905 343 lex
917 279 1124 361 exceptionem
1143 282 1305 344 admittere
1319 283 1481 357 videatur,

193 380 242 444 uti
257 379 283 442 si
295 375 534 441 matrimonium
545 377 611 455 jam
626 372 666 434 sit
681 371 813 434 civiliter
830 376 1036 444 contractum,
1051 377 1082 432 et
1096 389 1159 432 una
1173 389 1243 451 pars
1257 371 1477 436 testimonium

193 466 390 531 confessionis
402 463 590 545 requisitum
605 460 757 534 exhibeat,
773 465 829 522 eto.
844 463 994 522 Caeterum
1010 458 1036 520 si
1052 477 1183 538 sponsus
1198 479 1259 522 non
1274 459 1316 523 sit
1330 461 1475 541 publicus

195 563 345 639 peccator,
361 573 416 616 uec
434 554 471 615 de
482 555 548 632 ejus
563 549 748 630 indignitate
763 551 892 622 constet,
907 547 1039 610 rationes
1058 546 1154 610 etiam
1172 549 1278 610 minus
1296 569 1402 629 graves
1414 552 1477 612 suf-

194 647 282 709 ficere
296 649 436 725 possunt.
453 639 511 702 Sed
526 658 580 720 pro
595 637 774 721 hujusmodi
788 655 893 700 rerum
908 635 1062 718 adjunctis
1073 637 1243 700 consultius
1254 643 1315 713 est,
1333 644 1370 700 ut
1384 641 1476 701 Paro-

195 735 271 796 chus
285 733 323 795 ab
335 733 401 812 ipso
415 729 561 810 Episcopo
575 728 695 803 resciat,
713 727 864 808 quomodo
878 725 1048 806 generatim
1063 745 1094 788 se
1106 743 1208 806 gerere
1222 726 1340 790 debeat.

237 826 307 886 775.
318 857 357 868 -—
371 824 473 896 Quma.
491 817 579 880 Malu
595 817 685 879 liceat
701 815 932 877 Matrimonium
946 815 1027 876 inire
1042 835 1107 876 cum
1118 815 1246 896 publico
1258 817 1435 897 peccatore?

236 910 330 993 Itcsp.
347 909 486 990 Affirm,
503 906 531 968 si
545 911 676 988 nequeat
692 905 758 968 sine
774 904 860 985 gravi
881 903 1074 968 incommodo
1087 924 1105 967 a
1116 904 1312 968 Matrimonia
1325 907 1474 968 recedere.

197 1033 237 1047 —-
249 1001 301 1062 Ita
314 998 507 1060 communius.
518 993 716 1072 —Quamvis
731 993 813 1056 enim
832 993 1045 1056 contrahentes
1057 994 1218 1062 conficiant
1228 995 1472 1068 Sacranmmum

197 1107 259 1154 uon
273 1094 346 1151 sunt
361 1095 466 1150 tamen
477 1083 616 1156 ministri
628 1085 666 1146 ad
680 1083 736 1147 hoc
748 1083 898 1163 deputati.

145 1235 147 1240 .
238 1179 353 1240 Eadem
371 1175 490 1239 ratione
514 1174 615 1254 puella
638 1171 800 1247 catholica,
817 1190 887 1251 quae
909 1171 1003 1235 habet
1023 1189 1130 1252 graves
1151 1171 1285 1234 rationes
1297 1171 1345 1250 tv,
1362 1191 1421 1252 gn,
1437 1172 1473 1234 ob

197 1265 445 1330 circumstantias
463 1262 670 1336 familiarum,
690 1261 787 1324 aliave
806 1259 925 1323 motiva
943 1259 1049 1340 magni
1070 1259 1227 1342 ponderis)
1241 1259 1471 1324 Matrimonium

199 1373 270 1417 cum
291 1353 433 1416 haeretico
451 1351 596 1424 ineundi,
613 1368 675 1412 non
696 1355 798 1430 peccat
816 1349 893 1411 illud
912 1349 1133 1426 contrahendo,
1149 1349 1293 1430 quamvis
1307 1349 1397 1412 alteri
1410 1368 1475 1430 pec-

199 1443 259 1505 cati
272 1441 435 1504 materiam
456 1440 681 1521 quodammodo
699 1437 932 1516 subministret3
948 1439 1002 1501 sed
1014 1438 1101 1520 prius
1114 1440 1245 1520 petenda
1258 1445 1305 1501 est
1315 1437 1476 1520 dispensa-

199 1531 258 1605 tio,
272 1536 309 1593 ut
322 1530 403 1592 infra
416 1530 546 1592 dicetur.

240 1618 317 1682 Vide
334 1619 394 1682 alia
406 1619 505 1681 multa
518 1619 554 1680 de
570 1619 705 1700 subjecto
718 1616 909 1682 Matrimonii
923 1617 958 1680 in
974 1616 1071 1698 capite
1089 1617 1245 1700 sequenti,
1261 1617 1316 1681 ubi
1332 1615 1368 1679 dc
1380 1621 1476 1698 impe-

200 1709 343 1770 dimentis
355 1707 561 1772 Matrimonii.

707 1886 884 1963 CAPUT
909 1886 966 1962 VI

507 2067 560 2120 DE
585 2066 893 2118 IMPEDlMENTIS
919 2065 1173 2117 MATRIMONII

244 2241 338 2319 Leges
361 2239 583 2320 impedimenta
603 2238 795 2303 Matrimonii
816 2245 987 2302 statuentes
1006 2245 1088 2308 sunt⁸
1101 2237 1229 2319 duplicis
1249 2237 1366 2319 generis
1383 2257 1392 2300 ι
1408 2238 1475 2300 aliie

205 2327 290 2391 enim
304 2335 379 2391 sunt
393 2334 517 2390 tantum
538 2327 747 2407 prohibentem
764 2328 831 2390 aliae
848 2346 919 2389 uero
939 2327 1108 2390 irritantes.
1127 2328 1348 2408 impedimenta
1368 2326 1477 2407 prioris

205 2416 324 2496 generis
339 2435 421 2477 mere
432 2417 566 2478 reddunt
580 2415 815 2478 Matrimonium
828 2415 986 2492 illicitum;
1003 2416 1246 2496 posterioravero
1260 2416 1354 2479 etiam
1366 2415 1477 2478 invali-

205 2503 293 2564 dum.
314 2503 430 2583 Quippe
449 2503 514 2564 haec
535 2501 647 2565 directe
668 2510 698 2565 et
716 2503 864 2583 primario
886 2504 989 2583 ipsum
1010 2511 1201 2568 contractum
1219 2504 1477 2567 matrimonialem

206 2589 362 2666 afficiunt,
379 2590 529 2671 illumque
546 2591 668 2653 nullmn
686 2595 716 2654 et
731 2591 858 2654 irritum
872 2593 1006 2656 reddunt
1020 2593 1058 2655 ob
1070 2593 1217 2656 defectum
1228 2590 1406 2654 conditionis
1420 2591 1476 2652 ab·

207 2677 304 2741 solute
318 2677 474 2760 requisitae
489 2680 528 2742 ad
541 2679 642 2744 valide
655 2680 908 2744 contrahendum.
923 2682 1053 2744 -Hinc
1067 2683 1212 2746 articulus
1225 2680 1342 2762 duplex.

721 2885 933 2950 ARTICULUS
962 2885 976 2946 l

468 3037 507 3082 un
528 3037 742 3084 immrmums
763 3039 977 3085 mrnruomuu
998 3040 1227 3085 iurmmnrmus

250 3193 321 3254 776.
338 3224 378 3235 -—
397 3191 534 3265 Quatuor
554 3199 760 3270 numerantur
781 3193 1003 3272 impedimenta
1020 3193 1254 3258 Matrimonium
1266 3190 1482 3273 impedientia,

210 3296 321 3359 nempe
336 3285 367 3341 l⁰
381 3279 548 3342 Prohibitio
564 3281 701 3343 Ecclesiae
714 3281 808 3343 variis
823 3282 859 3343 de
873 3283 972 3344 causis
984 3282 1072 3345 facta.
1090 3287 1123 3345 2⁰
1137 3285 1215 3346 Item
1230 3281 1365 3345 Ecclesia
1379 3279 1485 3361 probi-

209 3367 300 3442 bitio,
317 3387 356 3430 ne
370 3367 572 3430 determinato
587 3370 720 3448 quodam
736 3377 870 3451 tempore
891 3371 1081 3434 Matrimonii
1105 3372 1311 3435 solemnitates
1331 3367 1484 3431 celebren-
1592 3433 1593 3448 χ

210 3463 274 3518 tur.
288 3463 322 3521 3ο
337 3461 517 3520 Contractus
532 3459 729 3538 sponsalitias
754 3478 825 3522 oum
846 3459 905 3522 alia
925 3479 1053 3540 persona
1068 3465 1135 3542 jam
1149 3460 1259 3536 initus,
1275 3477 1327 3522 uec
1347 3457 1486 3538 legitime

212 3546 342 3609 solutus.
359 3548 521 3609 Miletum
534 3548 615 3627 quod
628 3565 666 3608 ex
679 3553 791 3610 natura
806 3549 909 3612 sarain
928 3555 1085 3612 contractu
1104 3554 1158 3612 aut
1176 3550 1317 3612 societate
1336 3547 1486 3629 conjugali

212 3634 329 3698 servari
341 3642 484 3716 nequeat.
500 3638 638 3711 Quatuor
650 3635 715 3698 haec
729 3637 877 3700 versiculo
891 3639 1031 3719 sequenti
1043 3639 1367 3720 comprehenduntur:

482 3779 620 3838 Ecclesiae
637 3781 773 3852 vetitum,
788 3784 917 3856 tempus,
935 3783 1095 3858 sponsalia,
1112 3787 1218 3843 votum.

253 3921 295 3980 De
308 3917 439 4000 singulis
453 3935 548 3999 pauca
562 3918 708 4000 subjicere
723 3918 797 3981 satis
812 3919 881 3982 erit.

635 4107 663 4174 Ι.
677 4143 722 4158 -
740 4108 898 4176 Emtestae
915 4109 1069 4176 uetitum.

257 4277 327 4338 777.
341 4275 448 4336 —Est
460 4276 623 4354 prohibitio
638 4277 702 4339 sive
715 4277 924 4358 particularia,
942 4279 1007 4340 sive
1021 4278 1184 4359 generalis,
1201 4278 1239 4340 ab
1258 4275 1395 4340 Ecclesia
1412 4275 1493 4338 facta

217 4365 273 4424 aut
284 4363 324 4425 ab
336 4361 439 4444 aliquo
452 4365 610 4444 Superiore
624 4365 836 4442 ecclesiastico,
851 4385 890 4429 nc
903 4367 1027 4449 aliquod
1041 4367 1274 4432 Matrimonium
1287 4365 1468 4428 celebretur.

258 4457 291 4513 κ’
305 4449 473 4515 thibitio
489 4452 683 4533 particularis
701 4455 842 4532 babetur,
857 4457 981 4537 qrmndo
995 4460 1081 4539 justa
1094 4463 1126 4521 et
1139 4455 1260 4538 speciali
1274 4457 1311 4520 de
1325 4471 1419 4518 causa
1433 4453 1496 4516 Ma-
