3224 5044
188 180 257 240 226
718 187 925 232 mulctatus

188 303 370 368 sententiam
384 301 570 382 probabilem
585 305 672 362 vocat
683 297 718 360 S.
734 298 819 379 Lip,
836 318 867 358 o.
881 302 953 360 991.
968 296 1163 359 Probabilius
1175 301 1223 358 est
1235 302 1339 358 autem
1351 343 1357 370 ,
1371 296 1475 358 omis-

186 393 452 545 εἱοηῧωσεὲιειεεευῗιι
467 388 740 541 (ὲξιὲιιηιίειίοιιιιηι
758 405 823 450 essa
843 389 998 466 peccatum
1016 386 1157 447 mortale.
1172 421 1212 432 -
1230 383 1267 448 S.
1284 385 1368 467 Lip,
1386 385 1472 448 ibid.

696 623 911 687 ARTIGULUS
930 623 957 682 Π

577 779 616 823 DE
637 777 884 822 Glaucusruuulls
906 775 1073 824 BANNORUI

226 936 348 1016 Triplex
368 931 599 996 circumstantia
622 930 674 992 hic
696 932 856 1012 spectanda
879 935 941 1004 est,
967 929 1080 992 scilicet
1100 933 1132 991 {⁰
1151 927 1311 1008 temporis,
1335 933 1369 990 2⁰
1388 928 1465 998 loci,

189 1030 219 1086 3⁰
233 1041 444 1106 personarum.

537 1160 565 1227 I.
582 1199 627 1208 —
645 1158 917 1226 circumstantia
932 1159 1107 1245 temporis.

228 1328 298 1387 736.
315 1359 354 1367 —
368 1321 621 1384 Proclamationes
637 1319 704 1382 fieri
717 1320 828 1382 debent
843 1320 945 1380 dicbus
959 1318 1076 1400 festivis
1095 1318 1130 1380 de
1143 1326 1291 1400 precepto
1312 1321 1468 1380 continuis
1591 1323 1592 1404 l

188 1417 268 1473 inter
281 1411 441 1472 illusorum
459 1409 613 1470 solemnio.
625 1444 667 1455 -
680 1407 772 1470 Cone.
792 1407 889 1484 Trea,
906 1428 974 1469 sess.
990 1411 1096 1482 XXIV,
1110 1429 1136 1468 c.
1151 1425 1178 1482 1,
1195 1406 1231 1467 de
1245 1406 1385 1486 Reform.

226 1500 346 1562 Dicitur
360 1505 392 1562 1⁰
408 1498 509 1559 diebus
521 1498 656 1578 festivis,
673 1497 703 1558 id
720 1503 767 1559 est
778 1496 886 1558 diebus
897 1495 983 1559 festis
997 1496 1032 1558 de
1044 1505 1207 1578 praecepto,
1225 1497 1335 1558 saltem
1348 1495 1385 1556 in
1400 1495 1462 1558 loco

187 1587 474 1671 proclamationum,
490 1593 521 1649 et
535 1585 731 1668 probabiliter
745 1585 839 1648 etiam
853 1586 886 1647 in
902 1585 1011 1648 diebus
1030 1584 1203 1658 ferialibus,
1221 1583 1337 1664 quibus
1356 1603 1393 1646 ex
1409 1584 1464 1646 ali-

188 1695 249 1760 qua
263 1694 353 1738 causa
371 1675 457 1738 fieret
473 1675 509 1738 in
527 1675 652 1738 ecclesia
669 1691 801 1755 magnus
818 1675 921 1755 populi
936 1693 1116 1750 concursus;
1132 1678 1165 1738 2⁰
1177 1674 1343 1746 coertionis,
1356 1673 1388 1736 id
1400 1680 1457 1746 est,

189 1765 274 1828 nullo
289 1764 338 1827 die
354 1763 428 1827 iesto
445 1764 559 1827 omisso
576 1783 594 1826 a
610 1764 711 1845 prima
728 1763 965 1844 proclamatione
976 1765 1015 1826 ad
1028 1763 1183 1826 ultimam.
1199 1764 1249 1826 Au
1260 1781 1333 1826 uero
1346 1761 1464 1843 possint

190 1854 255 1917 lieri
270 1854 522 1936 proclamationes
539 1853 648 1916 diebus
669 1853 755 1916 iestis
776 1853 956 1916 immediate
974 1852 1034 1916 sibi
1048 1851 1296 1926 succedentibus,
1315 1851 1342 1914 si
1361 1869 1465 1914 occur-

191 1949 278 2018 rant,
300 1944 556 2014 controvertitur,-
574 1943 687 2023 duplex
707 1949 754 2005 est
774 1943 925 2006 sententia
946 1941 1128 2022 probabilis;
1149 1945 1182 2005 3⁰
1201 1940 1288 2002 luter
1305 1940 1466 2002 Missurum
1591 1969 1592 1988 .

190 2031 349 2108 solemm'o,
365 2031 398 2093 id
413 2031 507 2094 estin
521 2031 612 2096 Missa
627 2031 804 2113 parochiali
821 2032 867 2094 vel
883 2030 1092 2104 conventuali,
1109 2049 1146 2091 ex
1159 2033 1244 2091 beer.
1262 2028 1299 2091 S.
1314 2027 1409 2108 Cocp.
1426 2026 1466 2090 C.

189 2153 231 2165 -
246 2119 281 2180 S.
297 2121 380 2202 Liq,
396 2142 426 2182 n.
442 2124 514 2184 991.
530 2155 571 2166 —
586 2123 652 2182 Non
666 2127 797 2200 possunt
811 2121 877 2183 fieri
891 2118 1142 2200 proclamationes
1158 2118 1193 2180 in
1206 2117 1309 2184 Missis
1319 2115 1466 2198 privatis,

192 2208 337 2288 usquein
349 2209 500 2290 Vesperis.
514 2245 554 2256 -
565 2208 631 2270 Bit.
647 2208 737 2271 Rom.
1022 2286 1024 2292 Ι
1591 2255 1592 2271 .

231 2297 264 2361 Si
290 2303 394 2360 tamen
417 2299 569 2361 Parocbus
592 2297 707 2360 oblitus
731 2297 826 2360 tuerit
853 2297 1120 2378 proclamationem
1146 2295 1291 2359 ultimam
1316 2295 1413 2358 iacere
1437 2295 1469 2356 in
1591 2339 1592 2384 4

194 2385 301 2458 Missa,
316 2393 347 2448 et
363 2387 480 2466 nuptiae
497 2393 641 2466 urgeant,
658 2405 727 2450 eam
748 2387 886 2468 supplere
903 2394 1005 2468 posset
1017 2387 1052 2450 in
1064 2386 1216 2467 vesperis
1231 2387 1265 2448 ld
1278 2385 1471 2466 permittitur

191 2491 227 2534 ex
244 2473 397 2536 Decisione
416 2475 452 2536 S.
472 2474 584 2554 Conpr.
603 2475 651 2552 C,
669 2480 707 2539 εἴ)
722 2478 783 2537 Oct.
797 2480 885 2539 taso.
900 2512 941 2522 -
954 2475 1106 2537 Ferraria.

234 2561 280 2636 Si,
298 2560 386 2624 factis
404 2564 708 2644 proclamationibus,
724 2565 958 2628 Matrimonium
982 2565 1067 2627 intra
1085 2565 1160 2626 duos
1181 2580 1294 2626 menses
1310 2579 1373 2623 non
1392 2561 1471 2623 cele-

192 2650 310 2725 bretur,
334 2654 503 2732 repetenda
528 2657 601 2716 sunt
620 2654 886 2735 proclamationes,
906 2653 968 2717 uisi
989 2653 1078 2716 aliter
1097 2653 1241 2733 Episcopo
1259 2649 1412 2714 videatur.
1427 2684 1470 2696 -
1591 2663 1592 2698 ³

193 2739 258 2802 Bit.
271 2739 359 2802 Rom.

584 2880 689 2948 11.-
710 2883 985 2950 Circumstootio
1005 2882 1082 2949 loci.

235 3044 306 3103 73¹1.
317 3042 414 3102 -Ex
427 3040 520 3103 Corio.
536 3041 619 3103 Trid
635 3043 886 3122 proclamationes
899 3043 1074 3106 bannorum
1086 3041 1153 3104 lieri
1163 3041 1278 3104 debent
1288 3041 1324 3101 irs
1338 3039 1473 3111 ecclesio,

198 3128 230 3191 id
245 3135 292 3190 est
306 3127 340 3190 in
354 3128 477 3191 ecclesia
494 3129 657 3210 parochiali
672 3131 936 3207 contrabentium;
954 3150 1016 3194 non
1030 3149 1101 3194 vero
1115 3129 1149 3192 in
1163 3129 1280 3192 sacellis
1294 3130 1360 3193 sive
1372 3127 1475 3209 publi-
1591 3159 1592 3162 ¹

199 3216 242 3278 cis
256 3216 320 3279 sive
333 3215 478 3297 privatis,
492 3217 555 3280 nisi
566 3219 667 3282 locum
679 3220 828 3299 parocbia
841 3225 980 3296 teneant,
995 3227 1026 3282 et
1045 3220 1138 3283 Missa
1150 3218 1330 3300 parochialis
1343 3217 1387 3279 ibi
1397 3216 1475 3278 rele-
1591 3255 1592 3308 l

197 3305 315 3368 bretur.
336 3308 393 3367 Per
412 3307 586 3386 parochiam
611 3315 714 3370 auteur
737 3328 799 3372 non
819 3317 867 3372 est
890 3309 1090 3388 intelligenda
1108 3307 1253 3388 parocbia
1269 3308 1301 3368 in
1316 3323 1378 3386 qus
1398 3302 1473 3383 quis

199 3398 363 3468 natusest,
381 3413 434 3457 seu
452 3397 594 3476 parocbia
607 3397 751 3478 oriqinis,
769 3400 820 3461 sed
834 3398 977 3478 parochia
988 3397 1139 3459 domicilii
1152 3395 1289 3470 actualis,
1306 3393 1333 3454 si
1343 3389 1473 3476 procla
1591 3429 1592 3438 .

202 3483 364 3547 mendosa
381 3484 510 3547 notabili
525 3491 658 3566 tempore
672 3486 717 3548 ibi
729 3495 943 3550 commoretur.

242 3572 319 3636 Hinc
335 3580 367 3637 1⁰
383 3572 408 3634 si
425 3574 529 3653 sponsi
547 3573 716 3638 indiverso
735 3577 877 3657 parochia
896 3577 1052 3650 habitent,
1069 3575 1104 3638 in
1126 3581 1257 3656 utraque
1276 3571 1413 3637 iacienda
1430 3575 1477 3632 est

199 3661 412 3742 proclamatio;
429 3667 462 3724 2⁰
475 3662 502 3724 si
516 3682 600 3727 nnus
614 3671 670 3728 aut
688 3669 816 3746 uterque
830 3665 1022 3730 domicilium
1039 3663 1159 3728 circiter
1172 3664 1290 3744 aequale
1305 3661 1341 3724 in
1356 3659 1478 3723 duobus

199 3750 273 3813 locis
287 3749 413 3827 habeat,
430 3751 465 3814 in
483 3758 615 3834 utroque
629 3755 723 3816 etiam
738 3755 841 3818 banna
855 3755 1069 3834 proclamanda
1094 3757 1177 3815 sunt.
1197 3752 1230 3817 si
1248 3759 1356 3814 autem
1375 3765 1477 3812 unum

202 3840 353 3903 eduobus
373 3840 537 3903 domiciliis
556 3841 598 3904 sit
615 3843 821 3923 precipuum,
836 3851 893 3905 aut
909 3843 1028 3924 proprie
1048 3843 1181 3916 dictum,
1199 3860 1263 3904 non
1277 3841 1346 3904 ideo
1365 3837 1478 3919 duplex

200 3927 397 4006 proclamatio
420 3927 567 4010 exigenda
588 3937 645 3993 est.
661 3930 696 3995 Si
713 3931 783 4010 quis
799 3938 919 4007 tamen,
933 3939 1044 4014 prater
1061 3929 1266 4004 domicilium,
1281 3928 1357 3993 alibi
1373 3926 1479 4008 quasi-

202 4013 393 4079 domicilium
407 4019 534 4093 habeat,
550 4019 643 4081 etiam
662 4020 697 4082 in
715 4020 971 4100 quasi-domicilio
992 4020 1247 4102 proclamationes
1270 4018 1337 4082 fieri
1353 4017 1476 4080 debent.

202 4107 233 4165 :1⁰
247 4100 279 4164 si
300 4105 512 4170 contrahentes
531 4127 633 4172 recens
655 4108 845 4171 domicilium
866 4109 991 4172 fixerint
1008 4110 1043 4172 in
1063 4109 1173 4173 actuali
1193 4108 1352 4190 parochia,
1374 4105 1477 4167 banna

199 4189 350 4271 publicari
369 4194 480 4257 debent
497 4197 531 4258 in
549 4198 691 4278 parochia
711 4197 765 4261 ubi
784 4203 872 4261 autea
890 4199 1010 4262 diutius
1028 4198 1257 4262 habitaverunt.
1274 4200 1411 4276 Tempus
1427 4209 1481 4254 su-

200 4286 266 4342 tem
284 4280 413 4344 recentis
434 4283 581 4348 domicilii
599 4306 662 4349 non
681 4289 786 4349 eodem
805 4290 894 4350 modo
913 4287 1027 4367 ubique
1047 4294 1254 4369 computatur.
1272 4291 1393 4357 Romae,
1410 4282 1478 4344 anta

202 4369 279 4432 duos
294 4388 413 4434 meuses
426 4372 556 4453 elapsos,
576 4375 771 4454 publicantur
789 4377 892 4438 hanna
909 4377 943 4440 in
961 4377 1024 4440 sola
1040 4377 1182 4456 parochia
1198 4374 1350 4438 domicilii
1371 4386 1478 4456 prece·
1591 4435 1592 4444 .

204 4458 318 4536 daritim
340 4465 408 4542 post
428 4462 504 4524 duos
526 4479 659 4538 menses,
682 4464 717 4526 in
741 4464 804 4527 sola
824 4465 966 4543 parocbia
986 4463 1133 4528 domicilii
1154 4464 1291 4530 actualis.
1307 4465 1345 4526 ln
1363 4458 1475 4525 Gallia.
1591 4461 1592 4464 ’
