3198 5036
163 239 231 300 ΗΞ
697 245 903 293 reserares

162 371 350 437 nominatim
368 369 640 444 excommunicati;
656 387 719 432 non
733 384 804 431 vero
821 366 848 429 si
867 364 909 428 sit
925 363 1052 446 quidem
1067 361 1366 438 excommunicatus,
1383 361 1438 425 sed

161 481 226 526 non
244 460 401 524 uitandus.
417 463 459 522 De
477 457 526 522 his
547 463 667 521 constat
686 475 724 519 ex
745 458 818 518 Jure
835 453 988 518 canonico.
1001 489 1041 498 -
1060 450 1134 514 Vide
1151 451 1187 513 S.
1205 451 1291 530 Lip,
1308 470 1340 511 n.
1363 454 1436 515 362.

162 551 221 615 Sed
235 557 272 612 ut
290 548 412 614 ecclesia
432 554 592 611 censeatur
608 546 742 626 polluta,
758 544 824 606 haec
837 541 968 606 crimina
986 541 1097 604 debent
1113 559 1178 604 esse
1193 537 1326 612 notoria,
1343 538 1387 602 ita
1399 543 1439 603 ut

164 638 354 702 nullomodo
371 637 460 700 celari
478 636 607 718 possint.
624 634 740 696 Debent
756 631 850 694 etiam
867 630 982 711 patrari
1000 630 1035 692 in
1053 628 1120 710 ipsa
1135 627 1272 703 ecclesio,
1288 646 1352 691 non
1363 647 1438 692 vero

162 733 288 790 tantum
303 725 339 788 in
356 725 452 802 turri,
468 732 562 800 tecto,
578 723 613 786 in
625 721 777 796 sacristia,
792 720 898 784 aliisve
911 719 1040 782 cameris
1049 717 1179 782 ecclesie
1194 715 1437 781 adhaerentibus

162 852 202 862 -
213 816 248 878 S.
264 816 305 879 Li
328 837 378 877 .n.
396 819 454 880 362
466 823 496 876 et
510 817 579 878 out.

204 907 274 968 389.
289 835 436 986 saep.
452 903 491 966 ad
502 907 577 966 2¹⁰¹:
597 907 630 965 1⁰
642 901 674 965 Si
691 899 815 962 ecclesia
830 897 892 960 fuit
916 903 1040 960 tantum
1059 896 1230 970 benedicto,
1247 895 1439 959 reconciliari

162 1000 294 1076 potesta
311 993 469 1057 Sacerdote
483 991 617 1072 delegato
632 989 669 1052 ab
684 988 829 1070 Episcopo
846 1005 917 1049 omn
934 984 1124 1049 orationihus
1136 984 1304 1058 consuetis,
1318 990 1350 1047 et
1365 1003 1441 1048 cum

164 1100 244 1164 aque
258 1082 296 1146 ab
312 1080 473 1145 ordinario
487 1079 656 1143 benedicta.
676 1077 708 1142 Si
723 1083 829 1140 tamen
846 1075 916 1138 talis
931 1093 1011 1156 aque
1026 1073 1111 1137 facile
1125 1091 1187 1136 non
1207 1072 1384 1148 haberetur,
1398 1073 1438 1137 ab

163 1171 229 1253 ipso
249 1171 406 1235 Sacerdote
428 1170 563 1248 delegato
581 1169 620 1231 ed
647 1162 1082 1230 ecclesiamreconciliandam
1105 1161 1242 1226 benedici
1263 1169 1376 1242 posset.
1398 1198 1441 1210 -

162 1259 198 1322 S.
212 1260 254 1321 Li
275 1309 281 1321 .
298 1281 331 1323 n.
342 1261 412 1324 363.

203 1351 237 1410 2⁰
249 1280 306 1411 θὸἰ
324 1366 395 1410 vero
410 1345 533 1409 ecelesia
551 1343 604 1407 ille
617 1343 712 1407 fauerit
724 1351 910 1412 consecrate,
928 1339 1115 1404 reconciliari
1130 1340 1218 1404 debet
1234 1339 1350 1421 abipso
1363 1340 1438 1421 Epi·

164 1454 263 1516 scopo,
281 1436 329 1498 vel
352 1454 370 1498 a
391 1435 549 1499 Sacerdote
571 1433 739 1512 delegatoa
759 1434 839 1512 Papa
855 1433 946 1510 juxta
968 1429 1065 1492 ritum
1086 1429 1270 1492 Pontificalis
1290 1429 1435 1494 Romani.

164 1525 310 1587 Attamen
339 1523 450 1587 sinon
478 1521 597 1603 possint
628 1519 732 1584 omitti
760 1519 867 1582 divina
893 1517 996 1582 Officia
1021 1517 1088 1580 sine
1112 1517 1199 1598 gravi
1224 1517 1434 1592 incommodo,

164 1612 330 1693 Episcopus
349 1610 452 1692 aliquo
479 1609 700 1691 impedimento
723 1609 865 1672 detentus
900 1607 1035 1687 delegare
1058 1612 1157 1687 potest
1180 1607 1371 1670 Sacerdotem
1397 1607 1437 1668 ad
1461 1627 1468 1644 ·

163 1701 320 1764 ecclesiam
338 1699 576 1764 benedicendam
594 1697 727 1779 simplici
743 1695 968 1769 benedictione,
984 1695 1078 1758 donee
1095 1695 1160 1776 ipse
1178 1713 1247 1758 eam
1265 1713 1436 1758 consecrare

163 1789 270 1872 possit.
287 1789 501 1868 -Cobassot,
516 1795 573 1851 etc.
943 1843 950 1856 ,

203 1878 341 1943 Oratoria
355 1885 460 1942 autem
474 1877 610 1958 privata,
625 1877 695 1940 licet
708 1873 867 1940 benedicta
880 1881 911 1938 et
925 1875 963 1938 ad
978 1875 1098 1938 cultum
1114 1873 1274 1954 deputata,
1287 1891 1350 1936 non
1364 1891 1438 1936 cen-

165 1973 272 2031 sentur
283 1967 392 2050 pollui;
409 1974 440 2030 et
454 1967 521 2030 ideo
535 1964 777 2029 reconciliatione
787 1982 850 2027 non
864 1962 1015 2044 indigent.

205 2060 274 2121 390.
298 2092 338 2103 -
362 2059 463 2133 Qonn.
484 2061 518 2120 3⁰
543 2053 698 2130 Quomodo
719 2051 842 2117 ecclesio
863 2062 1028 2122 execretur,
1057 2050 1105 2114 vel
1125 2050 1167 2114 od
1188 2049 1301 2113 eulfim
1329 2050 1436 2113 idonea

164 2145 336 2208 reddetur?

203 2234 294 2316 nup.
303 2232 492 2296 l⁰zEcclesia
506 2237 674 2306 execratur,
690 2249 761 2294 cum
773 2229 889 2292 amittit
900 2247 988 2293 suam
1001 2227 1255 2303 benedictionem,
1271 2229 1320 2292 vel
1333 2246 1434 2292 conse-

164 2321 341 2385 crationem.
357 2323 503 2384 Censetur
519 2325 625 2382 autem
638 2319 785 2392 execrari,
800 2318 924 2399 quando
938 2318 1073 2380 totaliter
1086 2318 1133 2381 vel
1147 2335 1183 2380 ex
1200 2317 1338 2380 maxima
1350 2325 1433 2399 parte

164 2409 297 2483 corruit,
316 2408 364 2471 vel
383 2407 565 2481 destruitur,
580 2405 625 2470 ita
644 2413 681 2469 ut
699 2407 736 2470 de
754 2424 849 2480 novo,
868 2405 977 2468 saltem
998 2425 1035 2469 ex
1052 2404 1161 2486 majori
1174 2409 1275 2486 perta,
1292 2405 1434 2470 aedificari

164 2498 286 2571 debeat,
302 2501 358 2559 aut
380 2496 407 2559 si
425 2495 527 2559 omnis
545 2495 700 2576 parietum
722 2501 842 2569 crusta,
860 2495 907 2557 vel
921 2497 1019 2576 major
1032 2494 1141 2558 saltem
1158 2513 1229 2576 pars
1245 2493 1339 2559 simul
1353 2495 1435 2560 atrie-

163 2590 262 2648 ratur.
276 2619 317 2631 —
331 2587 368 2647 S.
384 2585 455 2665 Lip.
469 2586 501 2646 n.
516 2587 586 2648 368.

206 2673 297 2755 Hesp.
313 2678 366 2736 2⁰:
383 2674 513 2737 Ecclesia
533 2681 686 2749 execrata,
709 2673 825 2736 iterum
848 2671 1052 2734 benedicenda
1076 2673 1125 2737 rel
1147 2673 1348 2736 consecranda
1371 2677 1434 2748 est,

160 2765 252 2845 juxta
262 2762 360 2826 ritum
368 2770 399 2826 et
407 2762 537 2826 formam
547 2761 757 2845 praescriptam
770 2779 825 2842 pro
833 2760 1044 2824 benedictione
1053 2761 1101 2824 vel
1112 2760 1336 2825 consecratione
1349 2761 1436 2825 eecle-

166 2869 294 2915 surum.

205 2941 309 3004 Altare
322 2947 427 3004 autern
442 2941 541 3004 fixum
566 2939 822 3004 consecrationem
836 2939 968 3015 amittit,
984 2958 1056 3002 oum
1069 2957 1175 3003 mensa
1190 2958 1243 3003 seu
1257 2939 1334 3019 lapis
1348 2957 1436 3021 supe·

164 3031 257 3092 riora
272 3029 376 3113 stipite
389 3049 444 3093 suo
456 3035 670 3092 amovetur.-
680 3028 733 3090 Sic
744 3029 779 3091 S.
795 3030 941 3111 Conprep.
954 3029 1035 3104 Rit,
1047 3033 1086 3093 to
1098 3028 1312 3093 traiicere-
1318 3027 1435 3093 Altaria

165 3118 230 3182 sive
253 3119 407 3200 portatilia
435 3119 498 3182 sive
522 3117 582 3181 fixa
605 3136 694 3180 suam
720 3117 976 3181 consecrationem
1002 3117 1154 3180 amittunt
1179 3136 1232 3199 per
1256 3116 1436 3180 tractionem

164 3208 296 3282 tumuli,
318 3208 353 3270 in
375 3227 435 3289 quo
454 3207 662 3271 reconduntur
680 3224 772 3270 sacrae
791 3206 957 3289 Reliquiae,
974 3206 1022 3269 vel
1036 3225 1089 3288 per
1104 3207 1281 3269 earumdem
1296 3203 1436 3268 amissio·

163 3296 334 3360 nem-S.
345 3297 495 3378 Conprep.
506 3296 631 3372 noea
645 3300 726 3376 Sept.
739 3299 938 3360 lssttte—Nec
953 3294 1063 3358 sufficit
1075 3294 1110 3358 in
1122 3293 1182 3356 illis
1198 3294 1347 3358 tumulari
1359 3293 1434 3357 alias

164 3385 321 3467 Reliquias
331 3384 539 3460 authenticas;
554 3384 606 3447 sed
620 3385 728 3446 altaria
737 3385 837 3448 denuo
850 3389 924 3448 sunt
932 3384 1143 3447 consecranda.
1152 3384 1254 3445 —Sic
1267 3384 1303 3447 S.
1318 3383 1434 3464 Conyr.

164 3475 243 3553 Bit,
261 3474 434 3538 lllecemb.
451 3477 540 3537 rote.
1151 3467 1152 3472 ’

206 3566 337 3626 Domum
357 3582 430 3626 vasa
449 3581 548 3637 sacra,
571 3565 601 3625 et
616 3561 683 3627 alie
701 3581 750 3626 res
766 3565 943 3626 consecratae
961 3565 1151 3637 execrantur,
1167 3562 1291 3644 quando
1304 3561 1436 3624 formam

165 3669 255 3715 snam
267 3651 434 3726 emittrmt,
449 3671 504 3716 neo
517 3651 665 3733 amplius,
677 3652 715 3715 ed
727 3670 821 3715 usum
832 3668 925 3714 suum
939 3648 1088 3713 inservire
1101 3655 1241 3732 possunt.

205 3743 251 3802 Ex
272 3739 363 3803 dictis
380 3758 471 3821 porro
492 3746 591 3820 petet,
606 3741 694 3821 quale
713 3739 756 3802 sit
769 3739 934 3802 discrimen
950 3738 1032 3801 inter
1047 3737 1249 3819 pollutionem
1262 3735 1392 3801 ecclesiae
1405 3741 1438 3801 et

165 3832 232 3910 ejus
254 3827 487 3893 execrationem.
506 3829 630 3892 Polluta.
641 3827 770 3890 ecclesie
784 3833 884 3909 parte,
897 3825 1017 3908 integre
1032 3827 1155 3891 eeclesia
1171 3827 1264 3908 pollui
1283 3833 1436 3902 censetur,

165 3916 261 3980 etiam
278 3935 350 3980 cum
373 3916 544 3981 coemeterio
573 3917 738 3997 adjacente.
763 3919 787 3978 E
808 3915 960 3979 contrario
978 3921 1117 3979 execrata
1133 3915 1271 3994 ecclesia,
1286 3933 1349 3978 non
1369 3914 1438 3979 ideo

167 4011 327 4068 execratur
343 4005 552 4070 coemeterium
563 4053 569 4082 ,
581 4022 637 4068 nec
648 4003 826 4067 altariafixa
840 4011 870 4067 et
879 4003 998 4085 integra
1007 4005 1263 4068 consecrationem
1272 4003 1436 4068 amittunt.

685 4206 861 4283 CAPUT
887 4205 921 4282 V

564 4380 614 4431 ΒΕ
640 4377 751 4430 nono
777 4377 1040 4430 censendum

324 4531 327 4536 ·
378 4517 492 4593 Nempe
504 4518 535 4576 t·
550 4513 586 4576 de
601 4511 758 4594 requisitis
772 4511 811 4575 ed
824 4510 964 4587 Missam
981 4511 1063 4584 2⁰de
1076 4509 1225 4574 Rubricis.
