3224 5044
474 266 517 311 ma
538 265 772 345 sacramenro
793 265 1029 312 rmmreurirs
1320 247 1391 308 277

152 379 257 452 Qum.
274 379 307 438 2⁰
317 376 369 437 An
381 376 505 438 monitio
521 375 663 458 facienda
676 377 717 437 sit
733 377 765 436 in
782 375 873 437 dudio
887 385 991 436 etiarm
1004 373 1173 457 profutura
1186 373 1225 434 sit
1241 373 1287 435 vel
1300 374 1389 455 obsu-

113 465 212 526 tara?

153 555 247 636 Resp.
266 553 453 636 1011111111,
471 555 497 618 si
510 553 697 636 probabilius
707 555 880 637 profuturo
894 553 949 627 sit,
965 571 1050 616 secus
1062 552 1089 614 si
1102 551 1289 632 probabilius
1302 551 1388 633 otfo-

114 654 198 704 tura.
216 680 257 688 -
272 643 307 706 S.
323 645 408 726 atq,
422 664 453 704 n.
467 648 542 718 916,
557 676 599 692 -
609 643 710 725 Lupo,
727 677 767 690 -
782 641 950 720 Salmone,
962 647 1032 716 etc,
1047 645 1151 704 contra
1164 641 1336 702 nonnullos.

152 733 245 816 Hesp.
260 732 293 796 2⁰
310 752 317 794 :
336 735 372 795 ln
386 732 480 796 dubio
493 752 531 795 ex
544 739 675 813 utraque
686 738 772 814 parte
786 731 910 813 aequali,
926 730 1095 810 generatim
1107 729 1271 810 loquendo,
1288 730 1390 811 potius

111 821 244 884 vitanda
258 824 332 884 sunt
344 821 425 884 mala
438 821 593 897 formalia,
605 839 700 902 quam
715 820 895 884 materialia.
911 855 951 865 -
962 819 997 881 S.
1013 819 1096 898 Lip,
1114 818 1201 893 ibid,
1218 829 1246 880 et
1261 820 1329 881 otii.

152 914 225 972 ola.
243 947 284 956 —
297 911 398 984 Quaen.
415 914 448 974 3⁰
460 910 510 971 An
525 911 638 992 conjice
652 910 813 972 monendos
827 910 867 969 sit
882 909 918 970 de
936 908 1130 970 insoliditate
1148 908 1340 969 matrimonii
1355 909 1391 968 ob

112 999 265 1060 oecultum
279 998 542 1081 impedimentum,
560 999 642 1080 qood
657 999 768 1080 detegit
783 997 1019 1078 Confessurius?

151 1087 246 1171 Resp.
275 1087 366 1170 Nep,
394 1088 564 1169 generatim
592 1089 756 1170 loquendo,
782 1088 875 1150 donec
902 1085 1108 1150 confessarius
1132 1085 1391 1166 dispensationem

110 1176 301 1252 obtinuerit,
323 1176 386 1239 nisi
405 1177 470 1240 haec
491 1177 595 1239 statim
619 1176 645 1238 ei
669 1175 753 1239 facile
772 1175 904 1239 obtineri
920 1175 1016 1256 possit
1034 1195 1052 1236 a
1070 1179 1149 1255 Papa
1164 1175 1213 1238 vel
1231 1175 1387 1255 Episcopo.

111 1264 206 1328 Ratio
223 1271 284 1340 est,
300 1265 373 1346 quia
393 1265 571 1346 plerumque
589 1265 727 1328 maxima
745 1266 816 1327 inde
835 1269 1034 1345 sequerentur
1056 1263 1264 1338 incommoda,
1282 1283 1311 1326 v.
1329 1283 1387 1344 gr,

113 1353 289 1432 periculum
302 1352 452 1428 infamia,
470 1353 617 1428 scandali,
634 1353 787 1428 rixarum,
805 1353 852 1415 rel
870 1352 1117 1426 incontinentia,
1131 1356 1200 1426 etc,
1218 1359 1249 1414 et
1263 1352 1389 1431 proinde

112 1441 275 1504 fornicatio
296 1443 464 1504 materiatis
484 1445 623 1506 evaderet
644 1442 853 1524 [011ιαὶ13.-
869 1441 920 1504 Ita
940 1443 1139 1503 communiter
1157 1459 1228 1504 cum
1248 1440 1283 1502 S.
1305 1441 1388 1522 Lip,

111 1535 287 1595 11611.-
300 1531 407 1610 ertit,
424 1553 454 1593 n.
469 1537 539 1606 tn,
554 1537 609 1594 eu.

151 1623 205 1682 An
220 1638 290 1683 vero
305 1620 400 1700 possit
416 1619 622 1683 Confessarius
637 1621 768 1700 obligare
782 1623 941 1701 conjugem
955 1619 1170 1700 impedimenti
1183 1619 1341 1698 ignarum,
1358 1625 1389 1681 et

110 1714 279 1787 negantem
290 1709 437 1782 debitum,
451 1709 489 1770 ad
503 1709 580 1771 illud
593 1710 803 1771 reddendum?
813 1709 900 1790 Resp.
912 1707 1119 1789 Affirmotiue.
1133 1707 1219 1770 Ratio
1232 1713 1287 1780 est,
1302 1707 1386 1787 quia,

111 1801 218 1857 stante
237 1795 432 1874 persuasione
449 1797 600 1877 conjugis,
623 1797 703 1878 quod
724 1796 960 1858 matrimonium
977 1794 1019 1857 sit
1032 1795 1185 1870 validum,
1201 1794 1252 1857 hio
1265 1799 1389 1857 tenetur

110 1883 257 1944 debitum
277 1884 415 1958 reddero,
432 1889 468 1946 ut
484 1884 637 1946 dictamen
656 1884 847 1947 conscientia
867 1889 1023 1966 sequatur.
1043 1917 1084 1928 -
1102 1883 1138 1944 S.
1156 1883 1238 1963 Lip,
1255 1882 1345 1960 ibid,
1361 1891 1390 1942 et

110 1970 174 2030 olii
186 1973 396 2034 coctrnuniter.

155 2063 228 2122 613.
252 2096 285 2104 -
299 2061 398 2134 Quen.
419 2062 452 2122 4⁰
470 2063 519 2123 Ao
531 2067 698 2144 poertitens,
715 2071 924 2124 contracturus
943 2061 1185 2137 matrimonium,
1207 2059 1242 2121 de
1261 2061 1390 2141 impedi-

114 2157 218 2209 mento
231 2150 370 2230 ignorato
383 2150 548 2212 monendus
561 2150 625 2212 sit?

155 2237 247 2317 Resp.
264 2256 276 2297 .·
295 2237 469 2302 Generatim
490 2239 654 2320 loquendo,
679 2240 814 2302 iacienda
836 2245 883 2302 est
905 2239 1046 2302 monitio.
1069 2275 1109 2284 -
1127 2237 1177 2301 Ito
1195 2239 1390 2300 communiter

112 2345 186 2389 cum
203 2325 238 2388 S.
255 2328 339 2408 Liq,
354 2347 385 2386 n.
403 2332 472 2390 612.
490 2365 528 2374 -
542 2329 631 2392 Ratio
645 2335 709 2403 est,
725 2328 798 2410 quia
811 2335 880 2410 post
893 2327 1129 2391 matrimonium
1142 2326 1315 2406 ignorantia
1328 2346 1389 2390 ces-

113 2434 180 2478 sare
193 2416 277 2478 haud
294 2435 371 2496 aegre
385 2421 495 2498 potest,
517 2437 547 2480 r.
568 2436 628 2497 gr,
652 2437 690 2480 ex
703 2436 738 2480 eo
752 2419 833 2498 quod
853 2418 1011 2497 detegatur
1024 2418 1128 2480 adesse
1146 2416 1228 2478 inter
1245 2418 1387 2496 conjuges

112 2505 425 2584 consanguinitatem,
439 2505 634 2582 affinitatem,
651 2513 726 2584 etc.;
744 2513 775 2570 et
795 2512 885 2582 tunc,
902 2513 1011 2587 praeter
1029 2505 1114 2568 facile
1131 2504 1303 2586 periculum
1320 2523 1386 2586 pee-

112 2593 203 2654 candi
222 2593 399 2670 formaliter,
417 2595 476 2658 alia
497 2596 679 2676 gravissima
699 2596 894 2659 incommoda
913 2593 999 2676 sequi
1019 2599 1161 2675 possunt,
1178 2613 1287 2674 nempe
1301 2612 1387 2658 scan-

111 2681 196 2754 dala,
210 2681 285 2744 rixa
299 2690 329 2745 et
341 2683 417 2746 iorte
430 2684 525 2745 etiam
543 2688 708 2765 conjugum
722 2684 884 2766 separati0‚
900 2691 958 2746 etc.
974 2683 1139 2763 -Excipe
1157 2687 1261 2744 tamen
1275 2684 1387 2764 prota-

112 2769 220 2828 tilz'ter
238 2787 357 2844 casum,
373 2770 406 2832 in
428 2789 489 2850 quo
510 2772 613 2834 nullus
634 2773 760 2835 omnino
780 2779 917 2852 speretur
934 2771 1052 2834 fructus
1071 2789 1108 2834 ex
1128 2769 1316 2844 monitione,
1332 2789 1387 2832 neo

110 2856 198 2918 facile
218 2857 312 2935 possit
331 2858 430 2936 detegi
448 2857 723 2937 impedimentum;
746 2860 820 2939 quia
837 2859 949 2922 melius
972 2865 1019 2922 est
1036 2858 1212 2939 permittere
1229 2863 1387 2938 peccatum

114 2943 289 3017 materiale,
314 2945 408 3006 donec
429 2945 615 3026 dispensatio
636 2948 825 3021 obtineatur,
842 2965 936 3026 quam
955 2947 1088 3028 prebere
1108 2945 1293 3008 occasionem
1311 2945 1383 3006 cert'

113 3031 227 3115 peccati
240 3031 386 3094 formalis.
403 3069 442 3079 -
456 3034 603 3111 Lucroie,
621 3035 673 3096 ct.
694 3037 752 3110 Vl,
765 3055 801 3116 p.
818 3038 873 3110 llI,
887 3057 918 3096 a.
933 3041 1003 3099 ato.

653 3261 793 3306 renorma
813 3263 846 3306 rr

599 3381 645 3444 De
659 3381 762 3464 officio
769 3381 900 3463 judicis.

234 3561 258 3622 Α
262 3560 390 3642 pendam
403 3567 434 3624 1ο
448 3563 485 3624 de
499 3580 589 3625 causa
601 3561 797 3637 instruenda;
814 3596 853 3606 -
866 3563 900 3624 2⁰
916 3561 953 3622 de
967 3561 1117 3624 sententia
1128 3560 1260 3624 ferenda.

688 3771 781 3813 sscrio
800 3771 809 3812 r

220 3873 260 3928 lte
274 3888 362 3930 causa
374 3874 556 3944 instruenda,
573 3891 625 3933 seu
639 3876 675 3933 de
689 3875 863 3949 obligatione
878 3874 1070 3946 interrogandi
1085 3875 1267 3949 prenitentes.

234 4035 457 4115 Principia.

152 4183 222 4242 (tlt.
240 4215 278 4224 -
292 4182 316 4240 Ι.
332 4179 539 4243 confessarius
552 4187 674 4244 tenetur
685 4182 870 4263 interrogare
884 4183 1066 4263 penitentes
1078 4183 1115 4244 de
1129 4179 1239 4262 specie,
1254 4198 1383 4244 numero

112 4269 142 4327 et
154 4265 395 4330 eircmnstantiis
415 4268 544 4348 speciem
558 4270 770 4348 mutantibus,
788 4269 938 4334 decausis
954 4277 1159 4351 peccatorum,
1177 4271 1213 4332 de
1231 4268 1341 4332 habitu
1353 4274 1383 4330 et

113 4353 321 4417 occasionibus
339 4355 502 4435 proximis,
519 4357 638 4438 quoties
653 4358 875 4422 rationabiliter
886 4357 1061 4438 presumit,
1078 4359 1125 4422 rel
1144 4359 1310 4440 prudenter
1323 4358 1381 4419 du·
1446 4355 1449 4362 '

112 4439 206 4518 bitat,
218 4441 279 4504 ista
292 4462 354 4506 non
367 4443 548 4508 sufficienter
562 4445 718 4509 declarari.
732 4447 822 4511 Ratio
836 4452 897 4522 est,
916 4445 990 4527 quia
1000 4447 1221 4522 confessarius
1238 4452 1275 4509 ut
1289 4443 1381 4507 mini-

12 4597 13 4600 ,
114 4536 174 4594 ster
184 4533 386 4610 Sacrameati,
401 4533 491 4597 debet
507 4552 666 4615 procurare
681 4538 746 4617 ejus
760 4535 980 4616 iutegritatem,
997 4543 1029 4598 et
1044 4542 1081 4600 ut
1093 4537 1191 4618 judex
1210 4535 1300 4598 debet
1318 4531 1378 4594 sibi
