<?xml version="1.0" encoding="UTF-8"?>
<!DOCTYPE html PUBLIC "-//W3C//DTD XHTML 1.0 Transitional//EN"
    "http://www.w3.org/TR/xhtml1/DTD/xhtml1-transitional.dtd">
<html xmlns="http://www.w3.org/1999/xhtml" xml:lang="en" lang="en">
 <head>
  <title>
</title>
<meta http-equiv="Content-Type" content="text/html;charset=utf-8" />
  <meta name='ocr-system' content='tesseract 3.04.00' />
  <meta name='ocr-capabilities' content='ocr_page ocr_carea ocr_par ocr_line ocrx_word'/>
</head>
<body>
  <div class='ocr_page' id='page_1' title='image "./compendiumtheol03gurygoog_0455.png"; bbox 0 0 3206 5042; ppageno 0'>
   <div class='ocr_carea' id='block_1_1' title="bbox 173 102 920 162">
    <p class='ocr_par' dir='ltr' id='par_1_1' title="bbox 173 102 920 162">
     <span class='ocr_line' id='line_1_1' title="bbox 173 102 920 162; baseline -0.015 0"><span class='ocrx_word' id='word_1_1' title='bbox 173 102 241 162; x_wconf 78' lang='lat' dir='ltr'>cm</span> <span class='ocrx_word' id='word_1_2' title='bbox 704 107 920 161; x_wconf 78' lang='lat' dir='ltr'>ruscrsros</span> 
     </span>
    </p>
   </div>
   <div class='ocr_carea' id='block_1_2' title="bbox 215 197 1582 310">
    <p class='ocr_par' dir='ltr' id='par_1_2' title="bbox 215 197 1582 310">
     <span class='ocr_line' id='line_1_2' title="bbox 215 197 1582 310; baseline -0.012 -22"><span class='ocrx_word' id='word_1_3' title='bbox 215 229 285 288; x_wconf 82' lang='lat'>988.</span> <span class='ocrx_word' id='word_1_4' title='bbox 294 259 332 268; x_wconf 85' lang='lat'>-</span> <span class='ocrx_word' id='word_1_5' title='bbox 344 223 454 284; x_wconf 77' lang='lat' dir='ltr'>Portos</span> <span class='ocrx_word' id='word_1_6' title='bbox 469 222 615 284; x_wconf 87' lang='lat' dir='ltr'>dicuntur</span> <span class='ocrx_word' id='word_1_7' title='bbox 627 220 651 282; x_wconf 90' lang='lat' dir='ltr'>ii</span> <span class='ocrx_word' id='word_1_8' title='bbox 664 237 797 300; x_wconf 84' lang='lat' dir='ltr'>quorum</span> <span class='ocrx_word' id='word_1_9' title='bbox 809 218 952 293; x_wconf 88' lang='lat' dir='ltr'>interest,</span> <span class='ocrx_word' id='word_1_10' title='bbox 963 222 1000 280; x_wconf 90' lang='lat' dir='ltr'>ut</span> <span class='ocrx_word' id='word_1_11' title='bbox 1011 217 1123 282; x_wconf 73' lang='lat' dir='ltr'>littere</span> <span class='ocrx_word' id='word_1_12' title='bbox 1138 222 1186 284; x_wconf 83' lang='lat' dir='ltr'>vel</span> <span class='ocrx_word' id='word_1_13' title='bbox 1201 227 1269 286; x_wconf 81' lang='lat' dir='ltr'>acta</span> <span class='ocrx_word' id='word_1_14' title='bbox 1281 226 1374 288; x_wconf 70' lang='lat' dir='ltr'>Sedis</span> <span class='ocrx_word' id='word_1_15' title='bbox 1390 231 1476 310; x_wconf 57' lang='lat' dir='ltr'>Ap„</span> <span class='ocrx_word' id='word_1_16' title='bbox 1581 197 1582 252; x_wconf 67' lang='grc' dir='ltr'><em>ἒ</em></span> 
     </span>
    </p>
   </div>
   <div class='ocr_carea' id='block_1_3' title="bbox 175 308 1472 479">
    <p class='ocr_par' dir='ltr' id='par_1_3' title="bbox 175 308 1472 479">
     <span class='ocr_line' id='line_1_3' title="bbox 175 308 1001 392; baseline -0.013 -14"><span class='ocrx_word' id='word_1_17' title='bbox 175 314 288 379; x_wconf 79' lang='lat' dir='ltr'>stolium</span> <span class='ocrx_word' id='word_1_18' title='bbox 299 311 532 392; x_wconf 70' lang='lat' dir='ltr'>promulgentur</span> <span class='ocrx_word' id='word_1_19' title='bbox 544 310 591 372; x_wconf 82' lang='lat' dir='ltr'>vel</span> <span class='ocrx_word' id='word_1_20' title='bbox 602 309 790 372; x_wconf 81' lang='lat' dir='ltr'>exsecutioni</span> <span class='ocrx_word' id='word_1_21' title='bbox 802 308 1001 370; x_wconf 71' lang='lat' dir='ltr'>mandentur.</span> 
     </span>
     <span class='ocr_line' id='line_1_4' title="bbox 217 395 1472 479; baseline -0.003 -16"><span class='ocrx_word' id='word_1_22' title='bbox 217 401 370 466; x_wconf 81' lang='lat' dir='ltr'>Loedentes</span> <span class='ocrx_word' id='word_1_23' title='bbox 384 399 610 479; x_wconf 80' lang='lat' dir='ltr'>intelliguntur,</span> <span class='ocrx_word' id='word_1_24' title='bbox 625 399 680 479; x_wconf 90' lang='lat' dir='ltr'>qui</span> <span class='ocrx_word' id='word_1_25' title='bbox 693 398 809 460; x_wconf 61' lang='lat' dir='ltr'>laedunt</span> <span class='ocrx_word' id='word_1_26' title='bbox 823 413 885 458; x_wconf 91' lang='lat' dir='ltr'>non</span> <span class='ocrx_word' id='word_1_27' title='bbox 905 395 1007 458; x_wconf 88' lang='lat' dir='ltr'>solum</span> <span class='ocrx_word' id='word_1_28' title='bbox 1027 396 1063 458; x_wconf 90' lang='lat' dir='ltr'>in</span> <span class='ocrx_word' id='word_1_29' title='bbox 1085 415 1223 479; x_wconf 87' lang='lat' dir='ltr'>corpore,</span> <span class='ocrx_word' id='word_1_30' title='bbox 1240 403 1295 464; x_wconf 84' lang='lat' dir='ltr'>sed</span> <span class='ocrx_word' id='word_1_31' title='bbox 1315 403 1422 468; x_wconf 78' lang='lat' dir='ltr'>etiam</span> <span class='ocrx_word' id='word_1_32' title='bbox 1435 408 1472 470; x_wconf 69' lang='lat' dir='ltr'>in</span> 
     </span>
    </p>
   </div>
   <div class='ocr_carea' id='block_1_4' title="bbox 177 484 1568 595">
    <p class='ocr_par' dir='ltr' id='par_1_4' title="bbox 177 484 1568 595">
     <span class='ocr_line' id='line_1_5' title="bbox 177 484 1568 595; baseline -0.003 -39"><span class='ocrx_word' id='word_1_33' title='bbox 177 491 265 556; x_wconf 92' lang='lat' dir='ltr'>bonis</span> <span class='ocrx_word' id='word_1_34' title='bbox 277 491 417 564; x_wconf 74' lang='lat' dir='ltr'>fortunae,</span> <span class='ocrx_word' id='word_1_35' title='bbox 430 488 464 550; x_wconf 91' lang='lat' dir='ltr'>in</span> <span class='ocrx_word' id='word_1_36' title='bbox 475 487 566 563; x_wconf 88' lang='lat' dir='ltr'>fama,</span> <span class='ocrx_word' id='word_1_37' title='bbox 578 487 613 549; x_wconf 94' lang='lat' dir='ltr'>in</span> <span class='ocrx_word' id='word_1_38' title='bbox 624 487 749 560; x_wconf 83' lang='lat' dir='ltr'>honore,</span> <span class='ocrx_word' id='word_1_39' title='bbox 765 489 795 548; x_wconf 87' lang='lat' dir='ltr'>et</span> <span class='ocrx_word' id='word_1_40' title='bbox 808 484 982 565; x_wconf 77' lang='lat' dir='ltr'>generatim</span> <span class='ocrx_word' id='word_1_41' title='bbox 996 484 1188 568; x_wconf 77' lang='lat' dir='ltr'>quicumque</span> <span class='ocrx_word' id='word_1_42' title='bbox 1199 507 1291 568; x_wconf 74' lang='lat' dir='ltr'>grace</span> <span class='ocrx_word' id='word_1_43' title='bbox 1306 493 1470 558; x_wconf 67' lang='lat' dir='ltr'>murnum</span> <span class='ocrx_word' id='word_1_44' title='bbox 1564 560 1568 595; x_wconf 54' lang='grc' dir='ltr'>Ι</span> 
     </span>
    </p>
   </div>
   <div class='ocr_carea' id='block_1_5' title="bbox 177 575 869 660">
    <p class='ocr_par' dir='ltr' id='par_1_5' title="bbox 177 575 869 660">
     <span class='ocr_line' id='line_1_6' title="bbox 177 575 869 660; baseline -0.014 -16"><span class='ocrx_word' id='word_1_45' title='bbox 177 579 342 660; x_wconf 78' lang='lat' dir='ltr'>temporale</span> <span class='ocrx_word' id='word_1_46' title='bbox 358 579 404 640; x_wconf 81' lang='lat' dir='ltr'>rel</span> <span class='ocrx_word' id='word_1_47' title='bbox 419 595 543 657; x_wconf 83' lang='lat' dir='ltr'>gravem</span> <span class='ocrx_word' id='word_1_48' title='bbox 558 575 706 657; x_wconf 87' lang='lat' dir='ltr'>injuriam</span> <span class='ocrx_word' id='word_1_49' title='bbox 721 575 869 638; x_wconf 84' lang='lat' dir='ltr'>inierunt.</span> 
     </span>
    </p>
   </div>
   <div class='ocr_carea' id='block_1_6' title="bbox 178 702 1469 938">
    <p class='ocr_par' dir='ltr' id='par_1_6' title="bbox 178 702 1469 938">
     <span class='ocr_line' id='line_1_7' title="bbox 213 702 1469 780; baseline 0.003 -16"><span class='ocrx_word' id='word_1_50' title='bbox 213 711 298 764; x_wconf 79' lang='lat' dir='ltr'>Nora.</span> <span class='ocrx_word' id='word_1_51' title='bbox 314 706 512 762; x_wconf 82' lang='lat' dir='ltr'>-Actionem</span> <span class='ocrx_word' id='word_1_52' title='bbox 528 704 694 761; x_wconf 89' lang='lat' dir='ltr'>recurrendi</span> <span class='ocrx_word' id='word_1_53' title='bbox 710 705 745 760; x_wconf 91' lang='lat' dir='ltr'>ad</span> <span class='ocrx_word' id='word_1_54' title='bbox 762 702 866 759; x_wconf 86' lang='lat' dir='ltr'>laicam</span> <span class='ocrx_word' id='word_1_55' title='bbox 880 703 1049 774; x_wconf 87' lang='lat' dir='ltr'>potestatem</span> <span class='ocrx_word' id='word_1_56' title='bbox 1064 720 1114 776; x_wconf 92' lang='lat' dir='ltr'>per</span> <span class='ocrx_word' id='word_1_57' title='bbox 1134 721 1165 760; x_wconf 90' lang='lat' dir='ltr'>se</span> <span class='ocrx_word' id='word_1_58' title='bbox 1180 706 1285 780; x_wconf 85' lang='lat' dir='ltr'>subjici</span> <span class='ocrx_word' id='word_1_59' title='bbox 1298 724 1469 768; x_wconf 86' lang='lat' dir='ltr'>excommu-</span> 
     </span>
     <span class='ocr_line' id='line_1_8' title="bbox 178 783 1466 856; baseline 0.003 -12"><span class='ocrx_word' id='word_1_60' title='bbox 178 787 330 856; x_wconf 86' lang='lat' dir='ltr'>nicationi,</span> <span class='ocrx_word' id='word_1_61' title='bbox 348 787 408 843; x_wconf 84' lang='lat' dir='ltr'>sive</span> <span class='ocrx_word' id='word_1_62' title='bbox 421 786 549 842; x_wconf 88' lang='lat' dir='ltr'>obtineat</span> <span class='ocrx_word' id='word_1_63' title='bbox 561 786 622 841; x_wconf 84' lang='lat' dir='ltr'>sive</span> <span class='ocrx_word' id='word_1_64' title='bbox 636 801 693 840; x_wconf 90' lang='lat' dir='ltr'>non</span> <span class='ocrx_word' id='word_1_65' title='bbox 706 785 834 840; x_wconf 89' lang='lat' dir='ltr'>obtineat</span> <span class='ocrx_word' id='word_1_66' title='bbox 848 783 981 839; x_wconf 82' lang='lat' dir='ltr'>effectum</span> <span class='ocrx_word' id='word_1_67' title='bbox 991 828 997 851; x_wconf 93' lang='lat'>‚</span> <span class='ocrx_word' id='word_1_68' title='bbox 1009 786 1093 856; x_wconf 88' lang='lat' dir='ltr'>prout</span> <span class='ocrx_word' id='word_1_69' title='bbox 1105 786 1165 856; x_wconf 89' lang='lat' dir='ltr'>jsm</span> <span class='ocrx_word' id='word_1_70' title='bbox 1179 785 1308 844; x_wconf 80' lang='lat' dir='ltr'>diximus</span> <span class='ocrx_word' id='word_1_71' title='bbox 1323 791 1355 846; x_wconf 87' lang='lat' dir='ltr'>in</span> <span class='ocrx_word' id='word_1_72' title='bbox 1370 792 1466 848; x_wconf 86' lang='lat' dir='ltr'>simili</span> 
     </span>
     <span class='ocr_line' id='line_1_9' title="bbox 178 863 1125 938; baseline -0.004 -14"><span class='ocrx_word' id='word_1_73' title='bbox 178 885 265 936; x_wconf 88' lang='lat' dir='ltr'>casu,</span> <span class='ocrx_word' id='word_1_74' title='bbox 282 885 310 922; x_wconf 96' lang='lat' dir='ltr'>n.</span> <span class='ocrx_word' id='word_1_75' title='bbox 326 883 366 924; x_wconf 82' lang='lat' dir='ltr'>vr.</span> <span class='ocrx_word' id='word_1_76' title='bbox 379 883 406 938; x_wconf 86' lang='lat' dir='ltr'>q.</span> <span class='ocrx_word' id='word_1_77' title='bbox 423 867 463 935; x_wconf 88' lang='lat'>3⁰,</span> <span class='ocrx_word' id='word_1_78' title='bbox 477 867 507 921; x_wconf 90' lang='lat' dir='ltr'>st</span> <span class='ocrx_word' id='word_1_79' title='bbox 520 881 557 922; x_wconf 81' lang='lat' dir='ltr'>ex</span> <span class='ocrx_word' id='word_1_80' title='bbox 568 866 702 922; x_wconf 83' lang='lat' dir='ltr'>contextu</span> <span class='ocrx_word' id='word_1_81' title='bbox 715 864 820 920; x_wconf 90' lang='lat' dir='ltr'>iterum</span> <span class='ocrx_word' id='word_1_82' title='bbox 832 863 984 920; x_wconf 75' lang='lat' dir='ltr'>manifeste</span> <span class='ocrx_word' id='word_1_83' title='bbox 998 865 1125 936; x_wconf 80' lang='lat' dir='ltr'>apparet.</span> 
     </span>
    </p>
   </div>
   <div class='ocr_carea' id='block_1_7' title="bbox 798 1035 842 1090">
    <p class='ocr_par' dir='ltr' id='par_1_7' title="bbox 798 1035 842 1090">
     <span class='ocr_line' id='line_1_10' title="bbox 798 1035 842 1090; baseline 0.023 -1"><span class='ocrx_word' id='word_1_84' title='bbox 798 1035 842 1090; x_wconf 83' lang='lat' dir='ltr'>tx</span> 
     </span>
    </p>
   </div>
   <div class='ocr_carea' id='block_1_8' title="bbox 180 1151 1466 1690">
    <p class='ocr_par' dir='ltr' id='par_1_8' title="bbox 180 1151 1466 1690">
     <span class='ocr_line' id='line_1_11' title="bbox 217 1151 1466 1232; baseline 0.004 -22"><span class='ocrx_word' id='word_1_85' title='bbox 217 1155 324 1210; x_wconf 89' lang='lat' dir='ltr'>Omnes</span> <span class='ocrx_word' id='word_1_86' title='bbox 339 1152 472 1210; x_wconf 80' lang='lat' dir='ltr'>falsarios</span> <span class='ocrx_word' id='word_1_87' title='bbox 488 1153 657 1210; x_wconf 81' lang='lat' dir='ltr'>Litterarum</span> <span class='ocrx_word' id='word_1_88' title='bbox 673 1151 913 1226; x_wconf 80' lang='lat' dir='ltr'>Apostolicerum,</span> <span class='ocrx_word' id='word_1_89' title='bbox 930 1153 1016 1208; x_wconf 86' lang='lat' dir='ltr'>etiam</span> <span class='ocrx_word' id='word_1_90' title='bbox 1030 1153 1060 1207; x_wconf 92' lang='lat' dir='ltr'>in</span> <span class='ocrx_word' id='word_1_91' title='bbox 1079 1152 1171 1209; x_wconf 83' lang='lat' dir='ltr'>forma</span> <span class='ocrx_word' id='word_1_92' title='bbox 1187 1155 1285 1212; x_wconf 81' lang='lat' dir='ltr'>Brevis</span> <span class='ocrx_word' id='word_1_93' title='bbox 1300 1173 1334 1212; x_wconf 87' lang='lat' dir='ltr'>oc</span> <span class='ocrx_word' id='word_1_94' title='bbox 1349 1159 1466 1232; x_wconf 86' lang='lat' dir='ltr'>suppli-</span> 
     </span>
     <span class='ocr_line' id='line_1_12' title="bbox 181 1232 1465 1305; baseline 0.005 -17"><span class='ocrx_word' id='word_1_95' title='bbox 181 1235 326 1289; x_wconf 83' lang='lat' dir='ltr'>cationum</span> <span class='ocrx_word' id='word_1_96' title='bbox 341 1233 462 1303; x_wconf 82' lang='lat' dir='ltr'>grstism</span> <span class='ocrx_word' id='word_1_97' title='bbox 483 1234 527 1288; x_wconf 82' lang='lat' dir='ltr'>vel</span> <span class='ocrx_word' id='word_1_98' title='bbox 547 1232 691 1303; x_wconf 72' lang='lat' dir='ltr'>iustitiam</span> <span class='ocrx_word' id='word_1_99' title='bbox 711 1233 955 1299; x_wconf 80' lang='lat' dir='ltr'>concernentium,</span> <span class='ocrx_word' id='word_1_100' title='bbox 973 1248 1024 1304; x_wconf 87' lang='lat' dir='ltr'>per</span> <span class='ocrx_word' id='word_1_101' title='bbox 1036 1233 1196 1288; x_wconf 83' lang='lat' dir='ltr'>Romanum</span> <span class='ocrx_word' id='word_1_102' title='bbox 1215 1237 1399 1305; x_wconf 87' lang='lat' dir='ltr'>Pontificem,</span> <span class='ocrx_word' id='word_1_103' title='bbox 1416 1241 1465 1294; x_wconf 76' lang='lat' dir='ltr'>cel</span> 
     </span>
     <span class='ocr_line' id='line_1_13' title="bbox 182 1312 1462 1388; baseline 0.003 -18"><span class='ocrx_word' id='word_1_104' title='bbox 182 1315 211 1370; x_wconf 90' lang='lat' dir='ltr'>S.</span> <span class='ocrx_word' id='word_1_105' title='bbox 226 1318 258 1369; x_wconf 83' lang='lat' dir='ltr'>lt.</span> <span class='ocrx_word' id='word_1_106' title='bbox 275 1317 306 1369; x_wconf 89' lang='lat' dir='ltr'>E.</span> <span class='ocrx_word' id='word_1_107' title='bbox 323 1312 603 1369; x_wconf 86' lang='lat' dir='ltr'>viee-Cancellarios</span> <span class='ocrx_word' id='word_1_108' title='bbox 619 1329 669 1368; x_wconf 90' lang='lat' dir='ltr'>seu</span> <span class='ocrx_word' id='word_1_109' title='bbox 687 1313 824 1369; x_wconf 90' lang='lat' dir='ltr'>Gerentes</span> <span class='ocrx_word' id='word_1_110' title='bbox 845 1312 923 1368; x_wconf 87' lang='lat' dir='ltr'>vices</span> <span class='ocrx_word' id='word_1_111' title='bbox 941 1328 1038 1368; x_wconf 89' lang='lat' dir='ltr'>eorum</span> <span class='ocrx_word' id='word_1_112' title='bbox 1057 1313 1107 1368; x_wconf 87' lang='lat' dir='ltr'>aut</span> <span class='ocrx_word' id='word_1_113' title='bbox 1126 1314 1161 1369; x_wconf 89' lang='lat' dir='ltr'>de</span> <span class='ocrx_word' id='word_1_114' title='bbox 1180 1315 1308 1372; x_wconf 89' lang='lat' dir='ltr'>mandato</span> <span class='ocrx_word' id='word_1_115' title='bbox 1323 1319 1462 1388; x_wconf 80' lang='lat' dir='ltr'>ejusdem</span> 
     </span>
     <span class='ocr_line' id='line_1_14' title="bbox 180 1391 1455 1466; baseline 0.002 -17"><span class='ocrx_word' id='word_1_116' title='bbox 180 1394 300 1450; x_wconf 87' lang='lat' dir='ltr'>Romani</span> <span class='ocrx_word' id='word_1_117' title='bbox 316 1393 461 1449; x_wconf 87' lang='lat' dir='ltr'>Pontilicis</span> <span class='ocrx_word' id='word_1_118' title='bbox 479 1394 674 1463; x_wconf 84' lang='lat' dir='ltr'>signatarum:</span> <span class='ocrx_word' id='word_1_119' title='bbox 692 1411 744 1449; x_wconf 91' lang='lat' dir='ltr'>nec</span> <span class='ocrx_word' id='word_1_120' title='bbox 765 1409 822 1449; x_wconf 93' lang='lat' dir='ltr'>non</span> <span class='ocrx_word' id='word_1_121' title='bbox 837 1393 911 1448; x_wconf 81' lang='lat' dir='ltr'>salso</span> <span class='ocrx_word' id='word_1_122' title='bbox 928 1391 1111 1465; x_wconf 77' lang='lat' dir='ltr'>publicantes</span> <span class='ocrx_word' id='word_1_123' title='bbox 1127 1393 1242 1450; x_wconf 86' lang='lat' dir='ltr'>Litteras</span> <span class='ocrx_word' id='word_1_124' title='bbox 1256 1397 1455 1466; x_wconf 60' lang='lat' dir='ltr'>spostolicae,</span> 
     </span>
     <span class='ocr_line' id='line_1_15' title="bbox 182 1473 1456 1548; baseline 0.002 -19"><span class='ocrx_word' id='word_1_125' title='bbox 182 1475 269 1530; x_wconf 86' lang='lat' dir='ltr'>etism</span> <span class='ocrx_word' id='word_1_126' title='bbox 292 1474 323 1528; x_wconf 89' lang='lat' dir='ltr'>in</span> <span class='ocrx_word' id='word_1_127' title='bbox 349 1475 436 1529; x_wconf 83' lang='lat' dir='ltr'>forma</span> <span class='ocrx_word' id='word_1_128' title='bbox 463 1475 576 1542; x_wconf 77' lang='lat' dir='ltr'>Brevis,</span> <span class='ocrx_word' id='word_1_129' title='bbox 600 1477 628 1529; x_wconf 90' lang='lat' dir='ltr'>et</span> <span class='ocrx_word' id='word_1_130' title='bbox 650 1475 736 1530; x_wconf 86' lang='lat' dir='ltr'>etiam</span> <span class='ocrx_word' id='word_1_131' title='bbox 765 1473 838 1530; x_wconf 85' lang='lat' dir='ltr'>lelso</span> <span class='ocrx_word' id='word_1_132' title='bbox 867 1473 1016 1544; x_wconf 82' lang='lat' dir='ltr'>signantes</span> <span class='ocrx_word' id='word_1_133' title='bbox 1041 1473 1256 1548; x_wconf 81' lang='lat' dir='ltr'>supplicationes</span> <span class='ocrx_word' id='word_1_134' title='bbox 1280 1474 1456 1545; x_wconf 77' lang='lat' dir='ltr'>hujusmodi</span> 
     </span>
     <span class='ocr_line' id='line_1_16' title="bbox 183 1553 1457 1627; baseline 0 -17"><span class='ocrx_word' id='word_1_135' title='bbox 183 1554 237 1610; x_wconf 84' lang='lat' dir='ltr'>sub</span> <span class='ocrx_word' id='word_1_136' title='bbox 252 1554 367 1609; x_wconf 89' lang='lat' dir='ltr'>nomine</span> <span class='ocrx_word' id='word_1_137' title='bbox 385 1555 504 1610; x_wconf 79' lang='lat' dir='ltr'>Romani</span> <span class='ocrx_word' id='word_1_138' title='bbox 519 1554 680 1624; x_wconf 89' lang='lat' dir='ltr'>Pontilicis,</span> <span class='ocrx_word' id='word_1_139' title='bbox 702 1571 753 1611; x_wconf 88' lang='lat' dir='ltr'>seu</span> <span class='ocrx_word' id='word_1_140' title='bbox 767 1553 1021 1611; x_wconf 84' lang='lat' dir='ltr'>Vico-Cancellsrii</span> <span class='ocrx_word' id='word_1_141' title='bbox 1041 1556 1091 1610; x_wconf 87' lang='lat' dir='ltr'>sut</span> <span class='ocrx_word' id='word_1_142' title='bbox 1109 1555 1230 1611; x_wconf 86' lang='lat' dir='ltr'>Gerentis</span> <span class='ocrx_word' id='word_1_143' title='bbox 1246 1553 1321 1610; x_wconf 79' lang='lat' dir='ltr'>vices</span> <span class='ocrx_word' id='word_1_144' title='bbox 1341 1556 1457 1627; x_wconf 79' lang='lat' dir='ltr'>praedi-</span> 
     </span>
     <span class='ocr_line' id='line_1_17' title="bbox 183 1636 302 1690; baseline 0 -1"><span class='ocrx_word' id='word_1_145' title='bbox 183 1636 302 1690; x_wconf 87' lang='lat' dir='ltr'>olorum.</span> 
     </span>
    </p>
   </div>
   <div class='ocr_carea' id='block_1_9' title="bbox 831 1703 1345 1804">
    <p class='ocr_par' dir='ltr' id='par_1_9' title="bbox 831 1703 1345 1804">
     <span class='ocr_line' id='line_1_18' title="bbox 831 1703 1345 1804; baseline 0.002 -44"><span class='ocrx_word' id='word_1_146' title='bbox 831 1705 893 1778; x_wconf 84' lang='lat' dir='ltr'>(Eoo</span> <span class='ocrx_word' id='word_1_147' title='bbox 903 1703 1111 1804; x_wconf 61' lang='lat' dir='ltr'>Buttosscenae.</span> <span class='ocrx_word' id='word_1_148' title='bbox 1123 1738 1157 1748; x_wconf 96' lang='lat'>-</span> <span class='ocrx_word' id='word_1_149' title='bbox 1166 1705 1183 1761; x_wconf 85' lang='lat' dir='ltr'>e</span> <span class='ocrx_word' id='word_1_150' title='bbox 1191 1705 1345 1775; x_wconf 58' lang='lat' dir='ltr'>&amp;commi</span> 
     </span>
    </p>
   </div>
   <div class='ocr_carea' id='block_1_10' title="bbox 184 1842 1460 2280">
    <p class='ocr_par' dir='ltr' id='par_1_10' title="bbox 184 1842 1460 2190">
     <span class='ocr_line' id='line_1_19' title="bbox 225 1842 1460 1922; baseline 0.002 -19"><span class='ocrx_word' id='word_1_151' title='bbox 225 1844 295 1904; x_wconf 81' lang='grc'>989.</span> <span class='ocrx_word' id='word_1_152' title='bbox 311 1876 350 1884; x_wconf 93' lang='grc'>-</span> <span class='ocrx_word' id='word_1_153' title='bbox 364 1842 676 1904; x_wconf 80' lang='lat' dir='ltr'>Eucommunicantur</span> <span class='ocrx_word' id='word_1_154' title='bbox 696 1843 754 1904; x_wconf 88' lang='lat' dir='ltr'>hoo</span> <span class='ocrx_word' id='word_1_155' title='bbox 772 1861 899 1903; x_wconf 87' lang='lat' dir='ltr'>censura</span> <span class='ocrx_word' id='word_1_156' title='bbox 915 1847 947 1903; x_wconf 76' lang='grc' dir='ltr'>1ο</span> <span class='ocrx_word' id='word_1_157' title='bbox 961 1842 1076 1904; x_wconf 83' lang='lat' dir='ltr'>falsarii</span> <span class='ocrx_word' id='word_1_158' title='bbox 1098 1843 1287 1906; x_wconf 86' lang='lat' dir='ltr'>Litterarum</span> <span class='ocrx_word' id='word_1_159' title='bbox 1306 1843 1460 1922; x_wconf 74' lang='lat' dir='ltr'>Apostoli-</span> 
     </span>
     <span class='ocr_line' id='line_1_20' title="bbox 185 1930 1458 2013; baseline 0.001 -21"><span class='ocrx_word' id='word_1_160' title='bbox 185 1947 306 2005; x_wconf 84' lang='lat' dir='ltr'>corum,</span> <span class='ocrx_word' id='word_1_161' title='bbox 328 1949 362 1992; x_wconf 88' lang='lat' dir='ltr'>ac</span> <span class='ocrx_word' id='word_1_162' title='bbox 383 1930 657 2011; x_wconf 85' lang='lat' dir='ltr'>supplicationum,</span> <span class='ocrx_word' id='word_1_163' title='bbox 674 1931 795 2010; x_wconf 92' lang='lat' dir='ltr'>propria</span> <span class='ocrx_word' id='word_1_164' title='bbox 816 1941 913 1993; x_wconf 73' lang='lat' dir='ltr'>uranu</span> <span class='ocrx_word' id='word_1_165' title='bbox 932 1931 1092 2012; x_wconf 91' lang='lat' dir='ltr'>propriove</span> <span class='ocrx_word' id='word_1_166' title='bbox 1115 1932 1203 2013; x_wconf 85' lang='lat' dir='ltr'>signo</span> <span class='ocrx_word' id='word_1_167' title='bbox 1223 1930 1393 2006; x_wconf 75' lang='lat' dir='ltr'>Pontificio,</span> <span class='ocrx_word' id='word_1_168' title='bbox 1412 1934 1458 1994; x_wconf 80' lang='lat' dir='ltr'>rel</span> 
     </span>
     <span class='ocr_line' id='line_1_21' title="bbox 185 2018 1457 2100; baseline 0.002 -20"><span class='ocrx_word' id='word_1_169' title='bbox 185 2018 282 2080; x_wconf 88' lang='lat' dir='ltr'>aliena</span> <span class='ocrx_word' id='word_1_170' title='bbox 306 2019 448 2098; x_wconf 88' lang='lat' dir='ltr'>quidem,</span> <span class='ocrx_word' id='word_1_171' title='bbox 473 2021 524 2082; x_wconf 84' lang='lat' dir='ltr'>sed</span> <span class='ocrx_word' id='word_1_172' title='bbox 547 2023 612 2100; x_wconf 84' lang='lat' dir='ltr'>ojus</span> <span class='ocrx_word' id='word_1_173' title='bbox 636 2019 761 2082; x_wconf 90' lang='lat' dir='ltr'>nomine</span> <span class='ocrx_word' id='word_1_174' title='bbox 781 2025 836 2082; x_wconf 91' lang='lat' dir='ltr'>aut</span> <span class='ocrx_word' id='word_1_175' title='bbox 856 2020 892 2082; x_wconf 91' lang='lat' dir='ltr'>de</span> <span class='ocrx_word' id='word_1_176' title='bbox 913 2022 979 2099; x_wconf 89' lang='lat' dir='ltr'>ejus</span> <span class='ocrx_word' id='word_1_177' title='bbox 1002 2021 1166 2096; x_wconf 85' lang='lat' dir='ltr'>mandato,</span> <span class='ocrx_word' id='word_1_178' title='bbox 1191 2020 1457 2099; x_wconf 66' lang='lat' dir='ltr'>subsignatum</span> 
     </span>
     <span class='ocr_line' id='line_1_22' title="bbox 184 2106 1231 2190; baseline 0.004 -22"><span class='ocrx_word' id='word_1_179' title='bbox 184 2110 217 2168; x_wconf 71' lang='lat'>2⁰</span> <span class='ocrx_word' id='word_1_180' title='bbox 232 2106 305 2168; x_wconf 86' lang='lat' dir='ltr'>salso</span> <span class='ocrx_word' id='word_1_181' title='bbox 320 2107 509 2185; x_wconf 89' lang='lat' dir='ltr'>publicantes</span> <span class='ocrx_word' id='word_1_182' title='bbox 522 2109 667 2184; x_wconf 86' lang='lat' dir='ltr'>Litteras;</span> <span class='ocrx_word' id='word_1_183' title='bbox 684 2113 716 2172; x_wconf 89' lang='lat'>3⁰</span> <span class='ocrx_word' id='word_1_184' title='bbox 730 2108 804 2171; x_wconf 82' lang='lat' dir='ltr'>falso</span> <span class='ocrx_word' id='word_1_185' title='bbox 817 2107 971 2188; x_wconf 81' lang='lat' dir='ltr'>signantes</span> <span class='ocrx_word' id='word_1_186' title='bbox 986 2107 1231 2190; x_wconf 76' lang='lat' dir='ltr'>supplicationes</span> 
     </span>
    </p>

    <p class='ocr_par' dir='ltr' id='par_1_11' title="bbox 229 2194 1459 2280">
     <span class='ocr_line' id='line_1_23' title="bbox 229 2194 1459 2280; baseline 0.003 -24"><span class='ocrx_word' id='word_1_187' title='bbox 229 2194 366 2256; x_wconf 83' lang='lat' dir='ltr'>Fotsorli</span> <span class='ocrx_word' id='word_1_188' title='bbox 378 2203 467 2270; x_wconf 87' lang='lat' dir='ltr'>sunt,</span> <span class='ocrx_word' id='word_1_189' title='bbox 481 2196 536 2278; x_wconf 88' lang='lat' dir='ltr'>qui</span> <span class='ocrx_word' id='word_1_190' title='bbox 551 2198 597 2260; x_wconf 89' lang='lat' dir='ltr'>vel</span> <span class='ocrx_word' id='word_1_191' title='bbox 612 2199 788 2261; x_wconf 76' lang='lat' dir='ltr'>adulterant</span> <span class='ocrx_word' id='word_1_192' title='bbox 799 2196 929 2260; x_wconf 84' lang='lat' dir='ltr'>Litteras</span> <span class='ocrx_word' id='word_1_193' title='bbox 940 2215 1036 2273; x_wconf 78' lang='lat' dir='ltr'>verae,</span> <span class='ocrx_word' id='word_1_194' title='bbox 1054 2199 1188 2261; x_wconf 85' lang='lat' dir='ltr'>notabile</span> <span class='ocrx_word' id='word_1_195' title='bbox 1199 2198 1276 2280; x_wconf 92' lang='lat' dir='ltr'>quid</span> <span class='ocrx_word' id='word_1_196' title='bbox 1287 2199 1321 2262; x_wconf 90' lang='lat' dir='ltr'>iu</span> <span class='ocrx_word' id='word_1_197' title='bbox 1333 2200 1377 2261; x_wconf 91' lang='lat' dir='ltr'>eis</span> <span class='ocrx_word' id='word_1_198' title='bbox 1388 2215 1459 2260; x_wconf 92' lang='lat' dir='ltr'>mu-</span> 
     </span>
    </p>
   </div>
   <div class='ocr_carea' id='block_1_11' title="bbox 187 2284 1461 2362">
    <p class='ocr_par' dir='ltr' id='par_1_12' title="bbox 187 2261 1582 2384">
     <span class='ocr_line' id='line_1_24' title="bbox 187 2284 1461 2362; baseline 0.003 -18"><span class='ocrx_word' id='word_1_199' title='bbox 187 2285 289 2357; x_wconf 89' lang='lat' dir='ltr'>tando,</span> <span class='ocrx_word' id='word_1_200' title='bbox 307 2285 454 2360; x_wconf 85' lang='lat' dir='ltr'>addendo,</span> <span class='ocrx_word' id='word_1_201' title='bbox 470 2288 605 2359; x_wconf 89' lang='lat' dir='ltr'>delendo,</span> <span class='ocrx_word' id='word_1_202' title='bbox 621 2293 691 2362; x_wconf 82' lang='lat' dir='ltr'>etc,</span> <span class='ocrx_word' id='word_1_203' title='bbox 709 2287 757 2348; x_wconf 86' lang='lat' dir='ltr'>vel</span> <span class='ocrx_word' id='word_1_204' title='bbox 773 2285 862 2347; x_wconf 85' lang='lat' dir='ltr'>falsas</span> <span class='ocrx_word' id='word_1_205' title='bbox 878 2284 1041 2360; x_wconf 88' lang='lat' dir='ltr'>fabricant,</span> <span class='ocrx_word' id='word_1_206' title='bbox 1059 2287 1159 2360; x_wconf 87' lang='lat' dir='ltr'>idest,</span> <span class='ocrx_word' id='word_1_207' title='bbox 1175 2286 1259 2348; x_wconf 81' lang='lat' dir='ltr'>salsis</span> <span class='ocrx_word' id='word_1_208' title='bbox 1274 2286 1390 2349; x_wconf 88' lang='lat' dir='ltr'>litteris</span> <span class='ocrx_word' id='word_1_209' title='bbox 1405 2286 1461 2348; x_wconf 85' lang='lat' dir='ltr'>lal-</span> 
     </span>
    </p>
   </div>
   <div class='ocr_carea' id='block_1_12' title="bbox 184 2373 1457 2539">
    <p class='ocr_par' dir='ltr' id='par_1_13' title="bbox 184 2373 1457 2539">
     <span class='ocr_line' id='line_1_25' title="bbox 186 2373 1457 2456; baseline 0.001 -23"><span class='ocrx_word' id='word_1_210' title='bbox 186 2390 252 2433; x_wconf 87' lang='lat' dir='ltr'>sam</span> <span class='ocrx_word' id='word_1_211' title='bbox 267 2373 382 2432; x_wconf 86' lang='lat' dir='ltr'>bullam</span> <span class='ocrx_word' id='word_1_212' title='bbox 397 2391 450 2433; x_wconf 90' lang='lat' dir='ltr'>son</span> <span class='ocrx_word' id='word_1_213' title='bbox 462 2373 573 2434; x_wconf 87' lang='lat' dir='ltr'>falsum</span> <span class='ocrx_word' id='word_1_214' title='bbox 586 2373 723 2452; x_wconf 83' lang='lat' dir='ltr'>sigillum</span> <span class='ocrx_word' id='word_1_215' title='bbox 737 2378 908 2454; x_wconf 88' lang='lat' dir='ltr'>apponunt,</span> <span class='ocrx_word' id='word_1_216' title='bbox 920 2381 1011 2454; x_wconf 88' lang='lat' dir='ltr'>prout</span> <span class='ocrx_word' id='word_1_217' title='bbox 1022 2374 1066 2436; x_wconf 91' lang='lat' dir='ltr'>ait</span> <span class='ocrx_word' id='word_1_218' title='bbox 1078 2374 1272 2438; x_wconf 84' lang='lat' dir='ltr'>Innocentius</span> <span class='ocrx_word' id='word_1_219' title='bbox 1284 2378 1324 2438; x_wconf 89' lang='lat' dir='ltr'>Ill</span> <span class='ocrx_word' id='word_1_220' title='bbox 1336 2375 1373 2437; x_wconf 93' lang='lat' dir='ltr'>in</span> <span class='ocrx_word' id='word_1_221' title='bbox 1388 2394 1457 2456; x_wconf 86' lang='lat' dir='ltr'>cop.</span> 
     </span>
     <span class='ocr_line' id='line_1_26' title="bbox 184 2459 618 2539; baseline 0.002 -19"><span class='ocrx_word' id='word_1_222' title='bbox 184 2459 268 2520; x_wconf 81' lang='lat' dir='ltr'>Licet</span> <span class='ocrx_word' id='word_1_223' title='bbox 285 2462 318 2530; x_wconf 83' lang='lat'>5,</span> <span class='ocrx_word' id='word_1_224' title='bbox 333 2459 369 2516; x_wconf 83' lang='lat' dir='ltr'>de</span> <span class='ocrx_word' id='word_1_225' title='bbox 385 2459 523 2522; x_wconf 82' lang='lat' dir='ltr'>Crimine</span> <span class='ocrx_word' id='word_1_226' title='bbox 534 2461 618 2539; x_wconf 80' lang='lat' dir='ltr'>[olai.</span> 
     </span>
    </p>
   </div>
   <div class='ocr_carea' id='block_1_13' title="bbox 186 2544 1458 2724">
    <p class='ocr_par' dir='ltr' id='par_1_14' title="bbox 186 2544 1458 2724">
     <span class='ocr_line' id='line_1_27' title="bbox 225 2544 1458 2632; baseline 0.006 -28"><span class='ocrx_word' id='word_1_227' title='bbox 225 2544 474 2625; x_wconf 70' lang='lat' dir='ltr'>supplicationes</span> <span class='ocrx_word' id='word_1_228' title='bbox 489 2552 591 2610; x_wconf 92' lang='lat' dir='ltr'>autom</span> <span class='ocrx_word' id='word_1_229' title='bbox 607 2549 726 2630; x_wconf 91' lang='lat' dir='ltr'>proprie</span> <span class='ocrx_word' id='word_1_230' title='bbox 742 2558 818 2613; x_wconf 92' lang='lat' dir='ltr'>sunt</span> <span class='ocrx_word' id='word_1_231' title='bbox 834 2552 996 2632; x_wconf 89' lang='lat' dir='ltr'>petitiones</span> <span class='ocrx_word' id='word_1_232' title='bbox 1013 2552 1048 2614; x_wconf 88' lang='lat' dir='ltr'>ad</span> <span class='ocrx_word' id='word_1_233' title='bbox 1065 2549 1238 2612; x_wconf 87' lang='lat' dir='ltr'>Pontificem</span> <span class='ocrx_word' id='word_1_234' title='bbox 1257 2547 1383 2611; x_wconf 79' lang='lat' dir='ltr'>direotae</span> <span class='ocrx_word' id='word_1_235' title='bbox 1395 2568 1458 2628; x_wconf 93' lang='lat' dir='ltr'>pro</span> 
     </span>
     <span class='ocr_line' id='line_1_28' title="bbox 186 2633 1457 2724; baseline 0.002 -30"><span class='ocrx_word' id='word_1_236' title='bbox 186 2633 283 2715; x_wconf 84' lang='lat' dir='ltr'>gratio</span> <span class='ocrx_word' id='word_1_237' title='bbox 298 2635 345 2696; x_wconf 90' lang='lat' dir='ltr'>vel</span> <span class='ocrx_word' id='word_1_238' title='bbox 359 2638 429 2717; x_wconf 89' lang='lat' dir='ltr'>jure</span> <span class='ocrx_word' id='word_1_239' title='bbox 448 2635 627 2714; x_wconf 90' lang='lat' dir='ltr'>obtinendo;</span> <span class='ocrx_word' id='word_1_240' title='bbox 647 2643 874 2721; x_wconf 79' lang='lat' dir='ltr'>verum,juuta</span> <span class='ocrx_word' id='word_1_241' title='bbox 896 2643 1009 2724; x_wconf 77' lang='lat' dir='ltr'>stylum</span> <span class='ocrx_word' id='word_1_242' title='bbox 1027 2638 1139 2712; x_wconf 74' lang='lat' dir='ltr'>(lucie,</span> <span class='ocrx_word' id='word_1_243' title='bbox 1154 2635 1327 2717; x_wconf 70' lang='lat' dir='ltr'>significant</span> <span class='ocrx_word' id='word_1_244' title='bbox 1345 2636 1457 2716; x_wconf 69' lang='lat' dir='ltr'>ponus</span> 
     </span>
    </p>
   </div>
   <div class='ocr_carea' id='block_1_14' title="bbox 187 2723 1580 2820">
    <p class='ocr_par' dir='ltr' id='par_1_15' title="bbox 187 2723 1580 2820">
     <span class='ocr_line' id='line_1_29' title="bbox 187 2723 1580 2820; baseline 0.001 -34"><span class='ocrx_word' id='word_1_245' title='bbox 187 2723 342 2786; x_wconf 86' lang='lat' dir='ltr'>Pontificis</span> <span class='ocrx_word' id='word_1_246' title='bbox 354 2743 545 2807; x_wconf 87' lang='lat' dir='ltr'>responsum,</span> <span class='ocrx_word' id='word_1_247' title='bbox 558 2727 622 2791; x_wconf 88' lang='lat' dir='ltr'>sive</span> <span class='ocrx_word' id='word_1_248' title='bbox 636 2728 688 2790; x_wconf 88' lang='lat' dir='ltr'>fiat</span> <span class='ocrx_word' id='word_1_249' title='bbox 702 2728 835 2809; x_wconf 88' lang='lat' dir='ltr'>simplici</span> <span class='ocrx_word' id='word_1_250' title='bbox 849 2731 1037 2812; x_wconf 89' lang='lat' dir='ltr'>appositione</span> <span class='ocrx_word' id='word_1_251' title='bbox 1050 2726 1142 2807; x_wconf 82' lang='lat' dir='ltr'>sigilli</span> <span class='ocrx_word' id='word_1_252' title='bbox 1154 2727 1192 2788; x_wconf 88' lang='lat' dir='ltr'>ad</span> <span class='ocrx_word' id='word_1_253' title='bbox 1203 2725 1388 2805; x_wconf 89' lang='lat' dir='ltr'>petitionem</span> <span class='ocrx_word' id='word_1_254' title='bbox 1402 2731 1462 2788; x_wconf 86' lang='lat' dir='ltr'>aut</span> <span class='ocrx_word' id='word_1_255' title='bbox 1579 2817 1580 2820; x_wconf 7' lang='grc' dir='ltr'><strong>Ἴ</strong></span> 
     </span>
    </p>
   </div>
   <div class='ocr_carea' id='block_1_15' title="bbox 187 2813 1461 3337">
    <p class='ocr_par' dir='ltr' id='par_1_16' title="bbox 187 2813 1461 3337">
     <span class='ocr_line' id='line_1_30' title="bbox 187 2813 1364 2900; baseline 0 -26"><span class='ocrx_word' id='word_1_256' title='bbox 187 2813 409 2894; x_wconf 85' lang='lat' dir='ltr'>subscriptione</span> <span class='ocrx_word' id='word_1_257' title='bbox 424 2817 575 2890; x_wconf 78' lang='lat' dir='ltr'>neminie,</span> <span class='ocrx_word' id='word_1_258' title='bbox 591 2817 653 2878; x_wconf 87' lang='lat' dir='ltr'>sive</span> <span class='ocrx_word' id='word_1_259' title='bbox 668 2836 722 2898; x_wconf 93' lang='lat' dir='ltr'>per</span> <span class='ocrx_word' id='word_1_260' title='bbox 733 2818 917 2898; x_wconf 85' lang='lat' dir='ltr'>rescriptum</span> <span class='ocrx_word' id='word_1_261' title='bbox 929 2818 964 2881; x_wconf 90' lang='lat' dir='ltr'>in</span> <span class='ocrx_word' id='word_1_262' title='bbox 979 2837 1039 2900; x_wconf 93' lang='lat' dir='ltr'>quo</span> <span class='ocrx_word' id='word_1_263' title='bbox 1050 2816 1155 2900; x_wconf 88' lang='lat' dir='ltr'>petitio</span> <span class='ocrx_word' id='word_1_264' title='bbox 1167 2817 1364 2877; x_wconf 90' lang='lat' dir='ltr'>memoretur.</span> 
     </span>
     <span class='ocr_line' id='line_1_31' title="bbox 230 2903 1460 2988; baseline -0.001 -23"><span class='ocrx_word' id='word_1_265' title='bbox 230 2903 322 2965; x_wconf 76' lang='lat' dir='ltr'>Falso</span> <span class='ocrx_word' id='word_1_266' title='bbox 336 2904 494 2984; x_wconf 80' lang='lat' dir='ltr'>publicent</span> <span class='ocrx_word' id='word_1_267' title='bbox 507 2905 651 2982; x_wconf 82' lang='lat' dir='ltr'>Litterae,</span> <span class='ocrx_word' id='word_1_268' title='bbox 667 2906 721 2988; x_wconf 89' lang='lat' dir='ltr'>qui</span> <span class='ocrx_word' id='word_1_269' title='bbox 737 2907 870 2970; x_wconf 89' lang='lat' dir='ltr'>Litteras</span> <span class='ocrx_word' id='word_1_270' title='bbox 884 2907 974 2970; x_wconf 89' lang='lat' dir='ltr'>lalsas</span> <span class='ocrx_word' id='word_1_271' title='bbox 991 2913 1046 2970; x_wconf 87' lang='lat' dir='ltr'>aut</span> <span class='ocrx_word' id='word_1_272' title='bbox 1065 2905 1248 2968; x_wconf 85' lang='lat' dir='ltr'>adulteratas</span> <span class='ocrx_word' id='word_1_273' title='bbox 1264 2920 1335 2964; x_wconf 83' lang='lat' dir='ltr'>voce</span> <span class='ocrx_word' id='word_1_274' title='bbox 1351 2920 1460 2983; x_wconf 78' lang='lat' dir='ltr'>preco</span> 
     </span>
     <span class='ocr_line' id='line_1_32' title="bbox 187 2989 1459 3077; baseline -0.002 -23"><span class='ocrx_word' id='word_1_275' title='bbox 187 2992 246 3063; x_wconf 77' lang='lat' dir='ltr'>uic,</span> <span class='ocrx_word' id='word_1_276' title='bbox 263 2991 403 3054; x_wconf 77' lang='lat' dir='ltr'>affixione</span> <span class='ocrx_word' id='word_1_277' title='bbox 417 2994 456 3055; x_wconf 88' lang='lat' dir='ltr'>ad</span> <span class='ocrx_word' id='word_1_278' title='bbox 470 2994 584 3068; x_wconf 79' lang='lat' dir='ltr'>valvae,</span> <span class='ocrx_word' id='word_1_279' title='bbox 594 2999 648 3057; x_wconf 88' lang='lat' dir='ltr'>aut</span> <span class='ocrx_word' id='word_1_280' title='bbox 661 2995 720 3057; x_wconf 91' lang='lat' dir='ltr'>alio</span> <span class='ocrx_word' id='word_1_281' title='bbox 733 2997 843 3076; x_wconf 82' lang='lat' dir='ltr'>quovis</span> <span class='ocrx_word' id='word_1_282' title='bbox 855 2998 944 3060; x_wconf 90' lang='lat' dir='ltr'>modo</span> <span class='ocrx_word' id='word_1_283' title='bbox 959 3013 1014 3077; x_wconf 93' lang='lat' dir='ltr'>pro</span> <span class='ocrx_word' id='word_1_284' title='bbox 1028 2991 1242 3058; x_wconf 84' lang='lat' dir='ltr'>auctoritativa</span> <span class='ocrx_word' id='word_1_285' title='bbox 1253 2989 1459 3072; x_wconf 84' lang='lat' dir='ltr'>publicatione</span> 
     </span>
     <span class='ocr_line' id='line_1_33' title="bbox 187 3080 509 3160; baseline -0.006 -16"><span class='ocrx_word' id='word_1_286' title='bbox 187 3080 302 3144; x_wconf 88' lang='lat' dir='ltr'>usitato</span> <span class='ocrx_word' id='word_1_287' title='bbox 316 3081 509 3160; x_wconf 80' lang='lat' dir='ltr'>pervulgant.</span> 
     </span>
     <span class='ocr_line' id='line_1_34' title="bbox 227 3168 1461 3254; baseline 0.001 -24"><span class='ocrx_word' id='word_1_288' title='bbox 227 3169 316 3230; x_wconf 82' lang='lat' dir='ltr'>Falso</span> <span class='ocrx_word' id='word_1_289' title='bbox 326 3170 448 3250; x_wconf 78' lang='lat' dir='ltr'>sz&#39;pnaut</span> <span class='ocrx_word' id='word_1_290' title='bbox 460 3172 702 3253; x_wconf 88' lang='lat' dir='ltr'>supplicationes,</span> <span class='ocrx_word' id='word_1_291' title='bbox 710 3175 765 3254; x_wconf 85' lang='lat' dir='ltr'>qui</span> <span class='ocrx_word' id='word_1_292' title='bbox 779 3173 892 3238; x_wconf 86' lang='lat' dir='ltr'>falsum</span> <span class='ocrx_word' id='word_1_293' title='bbox 903 3174 1040 3254; x_wconf 64' lang='lat' dir='ltr'>sigillum</span> <span class='ocrx_word' id='word_1_294' title='bbox 1049 3173 1196 3235; x_wconf 71' lang='lat' dir='ltr'>falsamve</span> <span class='ocrx_word' id='word_1_295' title='bbox 1205 3168 1461 3250; x_wconf 89' lang='lat' dir='ltr'>subscriptionem</span> 
     </span>
     <span class='ocr_line' id='line_1_35' title="bbox 187 3258 416 3337; baseline 0.009 -19"><span class='ocrx_word' id='word_1_296' title='bbox 187 3258 231 3318; x_wconf 88' lang='lat' dir='ltr'>eis</span> <span class='ocrx_word' id='word_1_297' title='bbox 248 3268 416 3337; x_wconf 90' lang='lat' dir='ltr'>apponunt.</span> 
     </span>
    </p>
   </div>
   <div class='ocr_carea' id='block_1_16' title="bbox 224 3395 1465 3589">
    <p class='ocr_par' dir='ltr' id='par_1_17' title="bbox 224 3395 1465 3589">
     <span class='ocr_line' id='line_1_36' title="bbox 813 3395 839 3450; baseline 0 0"><span class='ocrx_word' id='word_1_298' title='bbox 813 3395 839 3450; x_wconf 90' lang='lat' dir='ltr'>X</span> 
     </span>
     <span class='ocr_line' id='line_1_37' title="bbox 224 3503 1465 3589; baseline 0.001 -27"><span class='ocrx_word' id='word_1_299' title='bbox 224 3507 412 3566; x_wconf 67' lang='lat' dir='ltr'>absolventes</span> <span class='ocrx_word' id='word_1_300' title='bbox 427 3511 593 3584; x_wconf 87' lang='lat' dir='ltr'>complicem</span> <span class='ocrx_word' id='word_1_301' title='bbox 606 3513 635 3568; x_wconf 91' lang='lat' dir='ltr'>in</span> <span class='ocrx_word' id='word_1_302' title='bbox 648 3515 760 3587; x_wconf 78' lang='lat' dir='ltr'>peccato</span> <span class='ocrx_word' id='word_1_303' title='bbox 773 3514 851 3589; x_wconf 86' lang='lat' dir='ltr'>turpi</span> <span class='ocrx_word' id='word_1_304' title='bbox 866 3513 953 3570; x_wconf 85' lang='lat' dir='ltr'>etiam</span> <span class='ocrx_word' id='word_1_305' title='bbox 966 3512 997 3566; x_wconf 94' lang='lat' dir='ltr'>in</span> <span class='ocrx_word' id='word_1_306' title='bbox 1012 3510 1113 3568; x_wconf 89' lang='lat' dir='ltr'>mortis</span> <span class='ocrx_word' id='word_1_307' title='bbox 1128 3507 1264 3578; x_wconf 90' lang='lat' dir='ltr'>articulo,</span> <span class='ocrx_word' id='word_1_308' title='bbox 1280 3505 1306 3562; x_wconf 89' lang='lat' dir='ltr'>si</span> <span class='ocrx_word' id='word_1_309' title='bbox 1320 3503 1396 3562; x_wconf 85' lang='lat' dir='ltr'>allus</span> <span class='ocrx_word' id='word_1_310' title='bbox 1412 3507 1465 3563; x_wconf 82' lang='lat' dir='ltr'>Sa-</span> 
     </span>
    </p>
   </div>
   <div class='ocr_carea' id='block_1_17' title="bbox 187 3585 1582 3746">
    <p class='ocr_par' dir='ltr' id='par_1_18' title="bbox 187 3585 1582 3746">
     <span class='ocr_line' id='line_1_38' title="bbox 188 3585 1582 3664; baseline -0.002 -22"><span class='ocrx_word' id='word_1_311' title='bbox 188 3587 302 3658; x_wconf 88' lang='lat' dir='ltr'>cerdos,</span> <span class='ocrx_word' id='word_1_312' title='bbox 319 3589 387 3645; x_wconf 90' lang='lat' dir='ltr'>licet</span> <span class='ocrx_word' id='word_1_313' title='bbox 399 3607 454 3646; x_wconf 89' lang='lat' dir='ltr'>nou</span> <span class='ocrx_word' id='word_1_314' title='bbox 467 3593 639 3664; x_wconf 85' lang='lat' dir='ltr'>adprobatus</span> <span class='ocrx_word' id='word_1_315' title='bbox 657 3595 692 3650; x_wconf 85' lang='lat' dir='ltr'>ad</span> <span class='ocrx_word' id='word_1_316' title='bbox 709 3595 920 3662; x_wconf 75' lang='lat' dir='ltr'>consessiones,</span> <span class='ocrx_word' id='word_1_317' title='bbox 941 3593 1004 3649; x_wconf 89' lang='lat' dir='ltr'>sine</span> <span class='ocrx_word' id='word_1_318' title='bbox 1020 3591 1100 3664; x_wconf 79' lang='lat' dir='ltr'>gravi</span> <span class='ocrx_word' id='word_1_319' title='bbox 1115 3589 1213 3663; x_wconf 87' lang='lat' dir='ltr'>aliqua</span> <span class='ocrx_word' id='word_1_320' title='bbox 1227 3587 1373 3644; x_wconf 81' lang='lat' dir='ltr'>exoritura</span> <span class='ocrx_word' id='word_1_321' title='bbox 1388 3585 1465 3641; x_wconf 83' lang='lat' dir='ltr'>inis-</span> <span class='ocrx_word' id='word_1_322' title='bbox 1581 3591 1582 3594; x_wconf 75' lang='grc'>’</span> 
     </span>
     <span class='ocr_line' id='line_1_39' title="bbox 187 3665 1582 3746; baseline -0.001 -24"><span class='ocrx_word' id='word_1_323' title='bbox 187 3668 247 3723; x_wconf 89' lang='lat' dir='ltr'>mia</span> <span class='ocrx_word' id='word_1_324' title='bbox 261 3672 289 3724; x_wconf 92' lang='lat' dir='ltr'>ot</span> <span class='ocrx_word' id='word_1_325' title='bbox 305 3671 438 3726; x_wconf 82' lang='lat' dir='ltr'>scandalo</span> <span class='ocrx_word' id='word_1_326' title='bbox 450 3671 542 3742; x_wconf 88' lang='lat' dir='ltr'>possit</span> <span class='ocrx_word' id='word_1_327' title='bbox 555 3675 686 3746; x_wconf 88' lang='lat' dir='ltr'>excipere</span> <span class='ocrx_word' id='word_1_328' title='bbox 701 3677 850 3732; x_wconf 90' lang='lat' dir='ltr'>morientis</span> <span class='ocrx_word' id='word_1_329' title='bbox 865 3674 1085 3736; x_wconf 80' lang='lat' dir='ltr'>consessionem,</span> <span class='ocrx_word' id='word_1_330' title='bbox 1098 3669 1186 3746; x_wconf 74' lang='lat' dir='ltr'>[Lato</span> <span class='ocrx_word' id='word_1_331' title='bbox 1203 3687 1256 3742; x_wconf 84' lang='lat' dir='ltr'>per</span> <span class='ocrx_word' id='word_1_332' title='bbox 1272 3665 1396 3724; x_wconf 74' lang='lat' dir='ltr'>Butler-m</span> <span class='ocrx_word' id='word_1_333' title='bbox 1409 3667 1466 3721; x_wconf 85' lang='lat' dir='ltr'>Be·</span> <span class='ocrx_word' id='word_1_334' title='bbox 1581 3705 1582 3712; x_wconf 51' lang='lat'>,</span> 
     </span>
    </p>
   </div>
   <div class='ocr_carea' id='block_1_18' title="bbox 188 3749 1049 3826">
    <p class='ocr_par' dir='ltr' id='par_1_19' title="bbox 188 3749 1049 3826">
     <span class='ocr_line' id='line_1_40' title="bbox 188 3749 1049 3826; baseline 0.009 -25"><span class='ocrx_word' id='word_1_335' title='bbox 188 3749 301 3804; x_wconf 77' lang='lat' dir='ltr'>necticti</span> <span class='ocrx_word' id='word_1_336' title='bbox 311 3750 392 3818; x_wconf 85' lang='lat' dir='ltr'>XIV,</span> <span class='ocrx_word' id='word_1_337' title='bbox 406 3753 622 3807; x_wconf 80' lang='lat' dir='ltr'>Sacramentum</span> <span class='ocrx_word' id='word_1_338' title='bbox 636 3757 826 3826; x_wconf 83' lang='lat' dir='ltr'>poenitentiae,</span> <span class='ocrx_word' id='word_1_339' title='bbox 840 3757 853 3812; x_wconf 92' lang='lat' dir='ltr'>l</span> <span class='ocrx_word' id='word_1_340' title='bbox 866 3756 939 3811; x_wconf 82' lang='lat' dir='ltr'>Juo.</span> <span class='ocrx_word' id='word_1_341' title='bbox 957 3753 1049 3824; x_wconf 71' lang='grc'>1711.)</span> 
     </span>
    </p>
   </div>
   <div class='ocr_carea' id='block_1_19' title="bbox 188 3866 1467 4147">
    <p class='ocr_par' dir='ltr' id='par_1_20' title="bbox 188 3866 1467 4147">
     <span class='ocr_line' id='line_1_41' title="bbox 229 3866 1467 3955; baseline -0.002 -25"><span class='ocrx_word' id='word_1_342' title='bbox 229 3871 299 3942; x_wconf 75' lang='lat' dir='ltr'>Quce</span> <span class='ocrx_word' id='word_1_343' title='bbox 314 3872 441 3934; x_wconf 83' lang='lat' dir='ltr'>adhunc</span> <span class='ocrx_word' id='word_1_344' title='bbox 455 3890 615 3934; x_wconf 85' lang='lat' dir='ltr'>censuram</span> <span class='ocrx_word' id='word_1_345' title='bbox 637 3879 773 3954; x_wconf 89' lang='lat' dir='ltr'>spectant</span> <span class='ocrx_word' id='word_1_346' title='bbox 794 3875 879 3955; x_wconf 87' lang='lat' dir='ltr'>plene</span> <span class='ocrx_word' id='word_1_347' title='bbox 901 3875 1027 3936; x_wconf 85' lang='lat' dir='ltr'>luerunt</span> <span class='ocrx_word' id='word_1_348' title='bbox 1044 3870 1193 3951; x_wconf 78' lang='lat' dir='ltr'>erptioata</span> <span class='ocrx_word' id='word_1_349' title='bbox 1211 3867 1247 3932; x_wconf 88' lang='lat' dir='ltr'>io</span> <span class='ocrx_word' id='word_1_350' title='bbox 1266 3866 1393 3948; x_wconf 86' lang='lat' dir='ltr'>propria</span> <span class='ocrx_word' id='word_1_351' title='bbox 1407 3869 1467 3946; x_wconf 83' lang='lat' dir='ltr'>Ap</span> 
     </span>
     <span class='ocr_line' id='line_1_42' title="bbox 188 3958 600 4058; baseline 0.019 -44"><span class='ocrx_word' id='word_1_352' title='bbox 188 3958 326 4034; x_wconf 76' lang='lat' dir='ltr'>predico,</span> <span class='ocrx_word' id='word_1_353' title='bbox 341 3981 436 4058; x_wconf 74' lang='lat' dir='ltr'>supro</span> <span class='ocrx_word' id='word_1_354' title='bbox 450 3981 468 4024; x_wconf 87' lang='lat' dir='ltr'>a</span> <span class='ocrx_word' id='word_1_355' title='bbox 483 3982 513 4022; x_wconf 85' lang='lat' dir='ltr'>c.</span> <span class='ocrx_word' id='word_1_356' title='bbox 532 3966 600 4025; x_wconf 79' lang='lat' dir='ltr'>oct.</span> 
     </span>
     <span class='ocr_line' id='line_1_43' title="bbox 804 4093 849 4147; baseline 0 0"><span class='ocrx_word' id='word_1_357' title='bbox 804 4093 849 4147; x_wconf 86' lang='lat' dir='ltr'>xl</span> 
     </span>
    </p>
   </div>
   <div class='ocr_carea' id='block_1_20' title="bbox 189 4202 1469 4360">
    <p class='ocr_par' dir='ltr' id='par_1_21' title="bbox 189 4202 1469 4360">
     <span class='ocr_line' id='line_1_44' title="bbox 224 4202 1469 4282; baseline -0.006 -18"><span class='ocrx_word' id='word_1_358' title='bbox 224 4207 401 4281; x_wconf 85' lang='lat' dir='ltr'>Usurpantes</span> <span class='ocrx_word' id='word_1_359' title='bbox 429 4211 478 4265; x_wconf 87' lang='lat' dir='ltr'>aut</span> <span class='ocrx_word' id='word_1_360' title='bbox 507 4213 722 4282; x_wconf 85' lang='lat' dir='ltr'>sequestrantes</span> <span class='ocrx_word' id='word_1_361' title='bbox 743 4207 990 4281; x_wconf 86' lang='lat' dir='ltr'>jurisdictionem,</span> <span class='ocrx_word' id='word_1_362' title='bbox 1017 4208 1104 4276; x_wconf 86' lang='lat' dir='ltr'>bons,</span> <span class='ocrx_word' id='word_1_363' title='bbox 1128 4205 1237 4262; x_wconf 88' lang='lat' dir='ltr'>reditus</span> <span class='ocrx_word' id='word_1_364' title='bbox 1263 4202 1300 4259; x_wconf 87' lang='lat' dir='ltr'>ad</span> <span class='ocrx_word' id='word_1_365' title='bbox 1328 4215 1469 4274; x_wconf 79' lang='lat' dir='ltr'>personas</span> 
     </span>
     <span class='ocr_line' id='line_1_45' title="bbox 189 4283 1363 4360; baseline 0 -22"><span class='ocrx_word' id='word_1_366' title='bbox 189 4287 415 4360; x_wconf 86' lang='lat' dir='ltr'>ecclesiasticas,</span> <span class='ocrx_word' id='word_1_367' title='bbox 432 4291 542 4346; x_wconf 87' lang='lat' dir='ltr'>ratione</span> <span class='ocrx_word' id='word_1_368' title='bbox 556 4308 673 4348; x_wconf 88' lang='lat' dir='ltr'>suarum</span> <span class='ocrx_word' id='word_1_369' title='bbox 689 4290 877 4347; x_wconf 84' lang='lat' dir='ltr'>ecclesiarum</span> <span class='ocrx_word' id='word_1_370' title='bbox 892 4293 942 4346; x_wconf 90' lang='lat' dir='ltr'>aut</span> <span class='ocrx_word' id='word_1_371' title='bbox 954 4288 1160 4344; x_wconf 82' lang='lat' dir='ltr'>beneficiorum</span> <span class='ocrx_word' id='word_1_372' title='bbox 1176 4283 1363 4358; x_wconf 86' lang='lat' dir='ltr'>pertinentes.</span> 
     </span>
    </p>
   </div>
   <div class='ocr_carea' id='block_1_21' title="bbox 796 4377 1346 4458">
    <p class='ocr_par' dir='ltr' id='par_1_22' title="bbox 796 4377 1346 4458">
     <span class='ocr_line' id='line_1_46' title="bbox 796 4377 1346 4458; baseline -0.018 -14"><span class='ocrx_word' id='word_1_373' title='bbox 796 4385 856 4458; x_wconf 68' lang='lat' dir='ltr'>{Ero</span> <span class='ocrx_word' id='word_1_374' title='bbox 871 4383 960 4443; x_wconf 75' lang='lat' dir='ltr'>sotto</span> <span class='ocrx_word' id='word_1_375' title='bbox 971 4383 1077 4446; x_wconf 76' lang='lat' dir='ltr'>Coeoae.</span> <span class='ocrx_word' id='word_1_376' title='bbox 1093 4413 1129 4426; x_wconf 89' lang='lat'>-</span> <span class='ocrx_word' id='word_1_377' title='bbox 1142 4381 1174 4437; x_wconf 87' lang='grc'>17</span> <span class='ocrx_word' id='word_1_378' title='bbox 1189 4377 1346 4452; x_wconf 79' lang='lat' dir='ltr'>Excomm.l</span> 
     </span>
    </p>
   </div>
   <div class='ocr_carea' id='block_1_22' title="bbox 0 0 1622 5042">
    <p class='ocr_par' dir='ltr' id='par_1_23' title="bbox 0 0 1622 5042">
     <span class='ocr_line' id='line_1_47' title="bbox 0 0 1622 5042; baseline 0 0"><span class='ocrx_word' id='word_1_379' title='bbox 0 0 1622 5042; x_wconf 95' lang='lat' dir='ltr'> </span> 
     </span>
    </p>
   </div>
  </div>
 </body>
</html>
