3224 5044
608 303 651 347 DE
673 301 902 351 ΜΑΤΠΙΗΟΝΙΟ

156 413 227 474 eos.
243 443 284 456 -
297 411 398 485 Quian.
415 415 448 474 3⁰
465 411 596 486 Quinam
615 413 676 474 aar
695 417 908 497 coasoapaiaea‘
926 418 1126 484 collaterales?

160 499 248 581 Itcsp.
261 517 274 561 .·
287 502 368 562 Sunt
387 507 562 582 sapientes,
580 502 691 566 scilicet
704 522 712 566 ε

591 647 624 706 1⁰
635 643 691 706 Ea
701 653 790 726 porte
801 649 914 728 patrie.

117 787 321 847 innormans,
339 791 392 836 seu
407 772 500 835 irater
512 774 620 854 proavi
634 773 869 858 (prend-oncle).

118 877 286 937 rnonrnrr,
300 881 354 924 seu
369 879 451 924 soror
464 861 570 943 proavi
584 862 817 948 (prondtonte).

118 965 252 1014 ramnus
272 969 408 1026 neonus,
423 950 516 1014 frater
529 951 580 1013 avi
594 951 691 1032 (fretae
705 953 743 1014 da
757 953 887 1035 t'cieal).

118 1055 286 1114 raosnrrr,
304 1057 387 1102 soror
403 1039 455 1101 avi
469 1040 564 1120 (soar
580 1039 616 1101 de
632 1041 756 1123 l'oical).

118 1142 269 1203 rernoas,
284 1127 380 1189 trater
393 1127 488 1208 patris
502 1128 601 1210 (oncle
612 1131 779 1212 poterant).

118 1231 232 1290 unire,
251 1233 333 1278 soror
346 1217 442 1296 patris
458 1216 557 1298 (tonte
566 1219 762 1302 paternella).

118 1320 304 1381 narramus,
321 1305 376 1368 fitii
392 1304 524 1370 fratrum
539 1313 675 1389 exparte
689 1307 785 1389 patris
798 1308 931 1391 (consina
943 1311 1095 1392 permotas
1106 1315 1273 1398 polensele)
1286 1325 1309 1380 ⁴.

591 1449 624 1508 2⁰
637 1445 693 1508 Ea
703 1457 793 1529 parte
805 1450 922 1510 mattae.

120 1591 367 1649 rnonvanomos,
384 1574 477 1638 frater
491 1575 622 1657 proavia
638 1575 881 1660 (proed-oncle).

119 1681 356 1728 Paontrnmae
371 1683 453 1727 soror
466 1665 598 1744 proaviae
612 1664 709 1744 (aoenr
725 1667 760 1728 cle
776 1668 804 1728 lo
820 1667 986 1750 lisoienle).

119 1770 297 1817 nvoucnros
319 1771 455 1826 neonus,
469 1753 563 1814 frater
577 1754 653 1816 aviae
668 1752 883 1833 (grand-oncle
898 1758 1070 1838 maternal).

120 1858 303 1908 numerans
324 1857 446 1914 nuans,
463 1857 546 1902 soror
560 1840 636 1902 aviae
651 1841 858 1922 (pranul'toate
872 1845 1073 1924 maternelte).

120 1947 315 2004 Avuncoros,
326 1928 420 1991 frater
432 1927 541 1990 matris
555 1928 655 2010 (oncle
669 1931 841 2012 maternal).

121 2034 319 2092 narrarunt,
336 2035 419 2079 soror
433 2015 540 2079 matris
555 2017 565 2098 t
573 2026 654 2079 tonte
668 2019 867 2101 moracelle).

122 2123 313 2179 consonano,
332 2105 386 2168 filii
398 2106 530 2168 fratrum
545 2125 582 2168 ex
595 2114 680 2187 parte
695 2107 803 2170 matris
819 2107 952 2191 (cousins
967 2111 1119 2192 pennatos
1131 2116 1314 2199 materaria).

122 2213 258 2270 unnim,
274 2193 330 2258 titii
344 2193 475 2258 fratrum
490 2195 624 2277 (coactns
637 2195 819 2278 per-mains).

124 2303 256 2359 soanrnr,
272 2283 383 2347 horum
398 2283 453 2346 filii
471 2283 604 2366 (concine
618 2288 694 2346 isses
706 2285 742 2348 de
755 2287 939 2369 permotas).

123 2393 267 2448 narorcs,
283 2373 338 2435 filii
353 2374 485 2437 fratrum
501 2373 660 2456 (nenena).

123 2481 323 2540 crapacorio,
339 2463 451 2527 horum
465 2463 521 2527 filii
538 2461 837 2546 (oraine-neceas).

694 2675 788 2716 suerro
808 2675 829 2715 ιι

563 2777 604 2832 Da
617 2777 785 2846 cognatione
801 2777 955 2848 spirituali.

124 2907 134 2926 ’
166 2925 311 3006 Cognatio
332 2924 501 3004 spiritualis
519 2931 567 2985 est
590 2925 803 3007 propinquitas
817 2927 974 3008 quadam,
991 2949 1060 3011 quae
1078 2949 1117 2992 ex
1130 2933 1245 2994 statuto
1260 2932 1397 2998 Ecclesia

125 3015 225 3080 oritur
239 3032 276 3076 ax
289 3012 557 3076 administratione
579 3017 609 3075 et
632 3013 822 3094 susceptione
842 3016 992 3095 Baptismi
1010 3022 1041 3082 ot
1057 3019 1304 3086 Confirmationis
1317 3021 1398 3084 inter

125 3110 223 3169 certas
238 3120 382 3184 personas
396 3102 431 3164 in
445 3106 518 3164 ture
532 3101 676 3165 canonico
694 3103 921 3168 determinatas.

247 3257 471 3336 Principia.

165 3409 236 3470 803.
245 3439 286 3451 -
299 3406 322 3465 1.
335 3402 480 3482 cognatio
492 3399 662 3483 spiritualis
673 3399 794 3465 dirimit
810 3401 1044 3465 Matrimonium
1055 3404 1169 3484 dejnre
1182 3403 1378 3468 ecclesiastico
1388 3425 1400 3468 .·

125 3501 160 3560 1⁰
175 3495 257 3558 inter
272 3492 449 3558 Ministrnm
467 3489 655 3555 sacramenti
673 3497 704 3553 et
719 3489 904 3571 subjectum,
922 3491 1077 3573 hujusque
1095 3490 1259 3572 genitores;
1276 3498 1308 3556 2⁰
1320 3494 1400 3556 inter

126 3583 285 3665 patrinum
301 3581 348 3644 vel
371 3581 538 3644 matrinam
558 3585 589 3642 et
608 3579 733 3642 filiolam
750 3580 798 3642 vel
816 3579 960 3656 filiolum,
981 3597 1148 3662 eorumque
1174 3581 1335 3662 genitores.
1352 3582 1401 3648 Sic

126 3691 163 3736 ax
178 3670 270 3734 Cone.
290 3671 317 3732 T
314 3671 389 3749 rid„
406 3691 475 3733 aces.
491 3671 596 3744 XXIV,
615 3689 640 3730 r.
658 3688 696 3743 ιι,
713 3669 749 3731 dc
762 3669 899 3749 Ileforaa.

167 3764 204 3824 ΙΙ.
223 3762 325 3824 Plures
346 3760 534 3823 conditiones
558 3759 770 3840 requiruntur,
787 3763 824 3821 ut
847 3758 963 3839 patrini
982 3760 1193 3840 cognationem
1208 3761 1399 3844 spirituatem

127 3851 321 3926 contrahant,
337 3849 449 3912 scilicet
464 3855 495 3910 1⁰
509 3855 544 3911 ut
559 3847 621 3910 sint
629 3846 786 3929 baptizati,
802 3865 887 3910 secus
901 3847 985 3910 enim
1000 3849 1137 3912 Ecclesia
1152 3869 1214 3912 non
1229 3849 1401 3931 subjiciun-

128 3947 195 4014 tnr;
219 3939 361 4018 idemque
380 3939 544 4000 dicendum
568 3943 615 3999 est
634 3936 672 3998 do
692 3937 865 4018 baptizante
883 3941 913 3998 et
934 3938 1115 4017 parentibus
1136 3938 1297 4018 baptizati;
1313 3943 1346 4000 2⁰
1366 3944 1402 4001 ut

128 4025 192 4090 sint
210 4024 339 4087 rationis
362 4033 529 4106 compotes,
548 4025 623 4106 quia
644 4043 729 4088 secus
749 4044 813 4088 non
836 4029 911 4088 sunt
932 4025 1071 4088 muneris
1084 4025 1197 4106 patrini
1217 4045 1353 4108 caparam
1370 4033 1401 4090 at

127 4121 273 4198 praterea
290 4113 493 4176 intentionem
507 4113 638 4175 habeant
653 4115 709 4176 hoc
724 4131 839 4177 munus
853 4113 1054 4194 suscipiendi;
1072 4119 1104 4177 3ο
1124 4121 1160 4176 ut
1174 4116 1324 4196 designati
1336 4115 1402 4180 iue-
1418 4181 1421 4186 ,

127 4205 192 4268 rint
212 4223 230 4266 a
248 4202 442 4284 parantihuS,
456 4201 504 4266 vel
518 4201 612 4264 etiam
628 4221 645 4263 a
659 4203 791 4266 parocho
810 4203 843 4264 in
863 4201 986 4266 illorum
1001 4201 1064 4264 loco
1079 4204 1127 4265 vel
1143 4203 1273 4280 delaotn;
1290 4208 1358 4280 aut,
1375 4203 1402 4264 si

159 4425 169 4461 ²
184 4422 286 4488 Proprie
295 4421 415 4472 dicuntur
432 4433 580 4482 carrarias,
596 4433 641 4470 seu
655 4418 811 4470 rnrrnrsrel
823 4433 1087 4484 recommunicare,
1103 4421 1146 4486 qut
1162 4435 1193 4472 ex
1205 4421 1305 4473 duobus
1319 4419 1404 4472 tratri-

129 4496 193 4560 bos;
206 4507 301 4546 urum
314 4493 356 4544 vet
373 4507 493 4553 rmrrnra,
508 4490 550 4544 illi
559 4503 669 4557 qaorum
678 4503 747 4544 unus
762 4503 794 4542 ex
809 4491 897 4554 tratre,
913 4491 978 4544 alter
989 4505 1021 4544 ax
1033 4505 1132 4555 sorora;
1147 4490 1356 4558 consoann1‚qai
1373 4503 1405 4543 cx

130 4567 230 4619 duabus
242 4565 370 4618 sororibus
382 4564 437 4618 nati
454 4567 522 4616 sunt.
