3224 5044
192 187 255 246 tlt
721 198 928 244 reserares

194 311 386 392 Presbytert's
403 321 431 370 et
445 311 597 371 Ministris
615 313 739 391 (nempe
753 309 923 392 Diaconis),
945 311 1168 373 anathemaret.
1186 349 1224 358 -
1246 313 1363 376 Vites.
1380 314 1464 393 Lep,

193 421 223 462 a.
237 406 307 464 737.

233 493 304 552 cm.
317 524 359 534 -
378 491 478 562 Onna.
496 493 529 552 3⁰
541 491 590 549 An
605 489 695 549 etiam
712 487 957 550 subdiaconatus
972 492 1014 549 sit
1025 488 1277 552 Sacramentum?

234 578 325 660 Resp.
342 599 355 640 .·
371 579 395 641 C
397 581 626 638 ontrnuertitur.
647 577 678 640 1⁰
695 578 851 639 Sententia
864 577 1034 658 probabilis
1048 579 1198 656 affirmat.
1215 579 1304 643 Ratio
1320 585 1382 654 est,
1396 582 1467 662 qnia

195 667 452 740 SubdiaconatuS,
477 667 737 746 quemadmodum
762 665 958 740 Diaconatm,
982 667 1126 729 omnibus
1155 667 1252 748 signis
1280 670 1467 732 Sacramenti

196 755 406 818 constitutivis
421 756 546 835 gaudet3
564 761 610 818 est
624 755 707 817 enim
728 765 754 816 t⁰
766 756 883 836 ciprum
898 756 1043 831 sena‘llr'te,
1059 761 1095 818 ut
1106 763 1203 836 patet;
1218 761 1251 819 2⁰
1263 761 1382 837 ciprum
1397 779 1468 838 pro-

198 846 257 917 tiar,
274 863 346 906 cum
360 845 401 906 sit
414 845 491 907 Ordo
506 863 605 918 sacer;
623 849 652 907 3α
671 845 791 924 ciprum
806 865 825 902 a
838 845 901 906 Duo
919 847 1103 914 curaturum
1121 845 1262 908 delinivit
1274 844 1359 908 enim
1376 846 1465 909 Cone.

199 933 338 995 Trident.
353 951 417 995 osse
438 933 471 994 in
490 933 621 994 Ecclesia
638 932 841 995 hierarchiam
860 933 966 996 divina
981 933 1172 996 ordinatione
1186 933 1383 1008 institutam,
1400 955 1467 1016 quar

197 1029 365 1086 constater
381 1022 550 1102 Episcopo,
566 1021 755 1104 Presbyterr's
765 1033 792 1084 rt
805 1022 971 1100 ttr'ntsa·r's,·
985 1022 1166 1084 Subdiaconi
1178 1029 1293 1095 autem,
1307 1042 1368 1086 non
1384 1042 1469 1087 secus

198 1130 231 1174 ac
245 1111 303 1191 ipsi
316 1109 436 1173 Diaconi
455 1111 536 1172 inter
554 1110 710 1174 Ministros
726 1112 901 1174 recensendi
917 1118 1001 1174 sunt.
1019 1112 1123 1172 -ltu
1142 1109 1296 1189 Bittuart,
1312 1130 1386 1175 cnm
1401 1113 1468 1174 aliis

197 1200 305 1263 multis
320 1207 386 1279 post
398 1200 437 1261 D.
455 1199 608 1276 Ttomom,
625 1197 797 1280 Supplun,
814 1221 844 1280 q.
862 1206 910 1273 37,
928 1211 988 1262 ort.
1000 1203 1031 1262 t.

237 1290 288 1351 ΙΙ“ι
306 1289 462 1349 Sententia
481 1287 556 1348 ilem
576 1287 759 1368 probabilis,
783 1289 847 1351 imo
865 1289 941 1351 forte
955 1287 1150 1370 probabilior·
1167 1299 1267 1365 nepot.
1291 1289 1471 1369 Ambigitnr

197 1377 281 1439 enim
297 1384 366 1438 tum
381 1378 417 1438 do
431 1376 537 1438 divina
551 1375 758 1446 institutione,
769 1382 838 1438 tum
854 1383 1072 1458 consequenter
1084 1378 1121 1439 de
1135 1377 1239 1458 gratia
1253 1377 1466 1458 promissione.

198 1469 257 1528 Neo
264 1464 505 1527 subdiaconatus
515 1465 723 1526 numerandus
735 1464 945 1528 videturinter
955 1467 1080 1529 Ordines
1093 1469 1221 1546 majores
1229 1467 1347 1529 erinsti
1353 1467 1472 1529 tutione

198 1553 319 1628 (lirina,
335 1554 386 1615 sed
405 1552 604 1615 ecclesiastica
619 1559 758 1629 tantum,
775 1573 846 1617 cum
865 1556 946 1635 apud
964 1559 1081 1618 Graecos
1097 1573 1157 1618 non
1176 1554 1326 1618 habeatur
1339 1563 1377 1618 ut
1394 1557 1472 1618 Ouio

199 1660 291 1705 sacer.
308 1677 347 1686 -
361 1640 396 1704 S.
412 1643 481 1722 [ἐς.
499 1663 529 1702 n.
541 1647 609 1705 737.

238 1731 365 1794 Ordines
382 1739 487 1793 autern
511 1731 659 1808 minores,
672 1736 763 1814 juxta
780 1733 1013 1814 probabiliorem
1034 1733 1235 1802 sententiam,
1262 1732 1344 1794 inter
1367 1735 1468 1796 Sacra-

199 1826 302 1884 menta
311 1820 441 1883 minime
451 1821 673 1884 adnumerandi
687 1828 770 1883 sunt.
787 1858 827 1867 —
840 1825 876 1884 S.
890 1824 973 1903 Liq„
988 1822 1078 1902 tota,
1094 1828 1199 1884 contra
1210 1821 1246 1884 S.
1260 1821 1378 1898 Thon„
1393 1821 1413 1883 l.
1427 1842 1466 1890 c..

200 1910 348 1973 Bellarm.
365 1918 396 1972 et
410 1909 494 1972 alios.

712 2088 885 2164 CAPUT
917 2089 955 2164 Il

530 2285 575 2334 DE
601 2283 759 2333 MATERIA
785 2283 829 2332 ET
855 2284 977 2333 FORMA
1002 2285 1143 2334 ORDlNlS

242 2437 311 2494 700.
327 2429 454 2492 Materia
466 2435 496 2490 et
510 2429 607 2492 lorma
622 2428 714 2490 variar
729 2435 803 2490 sunt
817 2447 871 2510 pro
885 2429 980 2491 variis
993 2431 1169 2494 Ordinibus.

241 2521 264 2580 1.
281 2518 365 2592 Quod
381 2523 496 2597 spectat
507 2519 545 2580 ad
560 2517 686 2580 Ordines
702 2517 970 2594 annumeratione
984 2520 1135 2594 materia,
1154 2519 1301 2581 Ostr‘uriur
1311 2519 1473 2582 ordinatur

205 2606 367 2670 traditione
385 2607 517 2669 clavium
532 2607 684 2682 Ecclesire3
702 2607 819 2685 Lector,
837 2607 1001 2670 traditione
1015 2609 1085 2670 libri
1098 2609 1276 2683 lectionum;
1289 2609 1470 2684 Ecorcr'stc,

206 2695 368 2761 traditione
388 2695 460 2758 libri
484 2697 737 2771 exorcismorum
755 2696 934 2777 Acotyttrur,
959 2697 1121 2760 traditione
1134 2697 1340 2778 ampullarum
1360 2715 1473 2758 vacua-

204 2804 286 2860 rum,
303 2787 349 2848 vel
365 2787 472 2848 saltem
492 2785 603 2859 unius,
626 2792 657 2847 et
671 2785 842 2848 candelabri
857 2804 928 2849 cum
943 2803 1026 2848 cereo
1046 2785 1211 2861 exstincto,
1229 2785 1300 2867 qrria
1314 2784 1413 2866 ipsius
1426 2791 1473 2847 est

205 2893 371 2957 preparare
388 2876 507 2949 lumen,
529 2873 639 2936 vinum
658 2881 812 2954 etaquam
831 2874 1016 2938 adblissanr.
1036 2879 1145 2938 Forma
1164 2875 1212 2936 his
1224 2873 1391 2938 Ordinibus
1405 2893 1471 2954 pro-

205 2963 271 3045 pria
292 2964 466 3026 continetur
487 2962 589 3026 verbis
615 2962 728 3044 quihus
749 2964 851 3026 utitur
871 2963 1051 3043 Episcopus,
1075 2964 1151 3026 dum
1173 2963 1240 3042 ipse
1265 2963 1471 3026 instrumenta

206 3053 310 3115 tradit.

245 3143 281 3202 ll.
301 3142 403 3218 Quoad
424 3140 696 3216 Subdtoronatnm,
713 3149 861 3222 tanquam
880 3142 1009 3204 materia
1024 3141 1109 3223 apud
1130 3140 1249 3205 Grecos
1263 3147 1403 3204 censetur
1417 3140 1476 3202 im·

207 3230 315 3312 positio
333 3249 495 3293 manuum.
518 3231 611 3312 Apud
631 3231 756 3292 Latinos
771 3230 1019 3294 controvertitur.
1040 3233 1135 3293 trrxta
1153 3231 1227 3292 alios
1246 3229 1368 3292 traditio
1386 3227 1476 3290 vacui

206 3318 307 3382 calicis
329 3338 398 3382 cnm
413 3327 523 3400 patena
537 3338 632 3382 vacua
646 3324 692 3381 est
716 3319 778 3382 sola
795 3321 860 3400 ejus
874 3319 1003 3381 materia
1022 3318 1170 3399 proxima.
1188 3319 1250 3381 Alii
1268 3336 1335 3382 vero
1348 3323 1475 3377 conten-

208 3410 288 3471 dunt
302 3409 500 3472 traditionem
518 3407 589 3470 libri
610 3407 816 3488 Epistularum
841 3426 905 3470 esse
929 3407 1043 3488 pariter
1056 3407 1220 3469 materiam
1240 3408 1330 3487 hujus
1348 3402 1475 3467 Ordinis

207 3497 412 3560 essentialem.
433 3499 543 3560 Forma
566 3505 670 3558 arrtcm
691 3497 740 3559 his
763 3495 937 3559 continetur
961 3495 1084 3558 verbis:
1116 3495 1218 3556 Videte
1236 3501 1320 3570 cujrn
1340 3496 1476 3552 ministe-

208 3589 287 3648 rium
308 3587 392 3648 uobis
407 3585 552 3663 truditur,
575 3595 604 3648 et
625 3606 674 3647 uos
689 3586 848 3662 admoneo,
865 3595 899 3646 nt
916 3588 960 3646 ito
983 3605 1033 3646 uos
1050 3585 1215 3646 oramentis
1235 3595 1269 3645 ut
1285 3585 1346 3646 lieo
1359 3581 1481 3664 placere

206 3677 339 3757 possetis.

248 3770 318 3828 701.
335 3800 375 3811 -
389 3767 439 3827 lll.
455 3765 558 3839 Quoad
576 3763 782 3840 diaconatum,
799 3763 928 3826 materia
942 3763 1054 3843 duplex
1069 3763 1227 3834 statuitur,
1245 3759 1400 3842 impositio
1417 3757 1479 3822 sci-

209 3853 279 3916 licet
293 3855 424 3917 dextera
438 3871 550 3916 manus
561 3853 715 3935 Episcopi,
732 3859 762 3914 et
776 3852 900 3914 traditio
914 3851 1150 3932 Evangeliorum
1165 3851 1247 3913 libri.
1265 3855 1347 3914 Num
1367 3849 1481 3910 harum
1598 3901 1599 3928 ,

213 3947 352 4023 utraque,
362 3963 401 4006 an
418 3961 488 4006 vero
502 3960 563 4004 una
579 3948 702 4004 tantum
717 3940 885 4004 necessaria
903 3941 954 4016 sit,
971 3941 1006 4003 in
1024 3939 1230 4004 controversia
1246 3945 1303 4002 est.
1316 3937 1484 4017 Theologo-

212 4047 283 4090 rum
293 4031 344 4092 alii
353 4033 447 4095 solam
457 4049 607 4094 manuum
618 4029 857 4111 impositionem,
870 4030 923 4092 alii
935 4029 1031 4092 solam
1041 4029 1113 4092 libri
1123 4027 1331 4101 traditionem,
1348 4025 1401 4088 alii
1414 4031 1486 4086 tan·
1598 4089 1599 4098 ,

212 4117 282 4180 dem
289 4123 452 4200 utramque
464 4118 664 4182 necessariam
673 4125 804 4182 censent.
813 4120 859 4181 Ad
866 4119 985 4199 praxim
996 4125 1101 4181 autem
1116 4119 1198 4198 quod
1205 4122 1319 4198 spectat
1328 4121 1485 4196 postrema
1598 4117 1599 4204 ζ

212 4207 276 4270 hac
291 4207 456 4283 sententia,
475 4214 579 4290 utpote
594 4208 701 4282 tutior,
723 4209 853 4270 tenenda
867 4212 922 4270 est.
947 4211 1058 4270 Forma
1078 4212 1297 4287 consequenter
1310 4204 1406 4266 etiam
1420 4203 1486 4265 du·
1598 4241 1599 4268 r

213 4296 281 4375 ples
294 4293 435 4358 habetur.
450 4301 522 4373 Qua
535 4297 631 4378 priori
642 4297 780 4359 materiae
792 4296 944 4377 adjicitur,
961 4297 1026 4358 haec
1036 4303 1083 4358 est
1096 4315 1104 4359 :
1122 4295 1236 4376 Accipe
1246 4293 1402 4376 Spiritum
1413 4309 1485 4352 scu-

213 4393 291 4446 ctum
305 4384 348 4446 nd
359 4386 461 4462 robur,
478 4395 507 4447 et
520 4386 562 4447 od
582 4385 777 4448 resistentium
791 4383 911 4446 diabolo
929 4396 957 4447 et
971 4384 1189 4446 tentationibus
1203 4385 1287 4464 ejus,
1308 4387 1341 4442 in
1363 4380 1488 4441 nrunine

214 4472 346 4537 Homini.
367 4509 407 4520 -
426 4478 499 4549 Qua
521 4474 718 4552 posteriorem
738 4473 899 4537 materiam
920 4473 1093 4549 comitatur,
1111 4471 1260 4555 ejusmodi
1283 4477 1352 4535 est:
1372 4469 1489 4549 Accipe
