3198 5034
432 205 476 248 nc
496 203 672 249 sparreus
694 203 1007 249 raameumarous
1306 189 1351 253 69

83 315 168 388 facit,
191 314 322 377 alterum
343 321 448 378 contra
469 321 656 396 preceptum
675 314 830 389 naturale,
854 316 936 395 quod
957 312 1196 378 submissionem
1214 315 1351 396 legitimo

82 400 227 482 superiori
244 402 430 483 prescribit,
446 409 477 466 et
497 404 628 466 altemm
648 409 754 466 eontra
773 407 890 467 votum.
906 403 985 466 Hinc
1007 401 1043 465 in
1061 401 1121 484 piis
1144 404 1352 484 congregatio-

81 491 171 554 nibus
183 490 324 554 riromm
331 491 379 554 vel
391 491 557 554 mulierum
566 493 599 552 in
606 495 755 554 communi
764 492 821 554 sub
831 493 937 555 eadem
949 492 1053 572 regula
1063 491 1161 554 vitam
1173 492 1350 571 degentium

81 580 191 661 absque
207 583 349 643 votomm
363 579 502 654 vinculo,
518 579 728 644 inobedientes
741 599 759 642 a
775 587 895 660 peccato
913 598 975 644 non
992 579 1183 654 eximuntur,
1205 581 1231 642 si
1245 586 1351 643 contra

81 669 253 750 Superiores
268 667 332 731 sint
342 668 480 744 rebelles,
497 669 548 732 sed
560 669 688 732 unicum
702 675 859 750 peccatum
874 669 1086 732 committunt.

117 763 186 822 170.
211 793 251 804 -—
273 760 374 834 Quen.
394 762 429 820 2⁰
453 759 602 835 Quontodo
625 769 725 821 cotum
748 759 875 820 solemne
897 757 1072 821 obedientie
1095 778 1115 821 a
1136 768 1200 820 voto
1224 757 1353 840 simplici

78 845 222 927 differat?

115 936 210 1018 Itcsp.
235 941 268 997 1⁰
291 954 299 997 ε
324 935 515 1017 Dispensatio
535 937 633 1000 muto
656 935 774 1000 facilius
796 935 928 999 obtineri
948 941 1082 1017 potesta
1106 943 1176 1016 voto
1200 935 1347 1017 simplici,

78 1043 171 1104 quam
188 1031 294 1087 avolo
313 1024 457 1100 solemni,
472 1025 553 1106 quod
571 1024 696 1088 nonnisi
717 1043 736 1087 a
756 1027 836 1107 Papa
856 1031 887 1087 et
907 1024 1088 1105 gravissima
1106 1025 1143 1087 de
1162 1043 1252 1088 causa
1273 1025 1349 1088 solvi

77 1119 187 1192 potest.

113 1202 210 1284 Resp.
229 1205 263 1264 2⁰
286 1221 294 1264 :
315 1204 431 1266 Votum
452 1203 581 1284 simplex
598 1203 698 1268 reddit
716 1203 842 1286 quidem
860 1202 1001 1267 illicitam
1014 1201 1230 1284 obligationem
1248 1221 1351 1283 quea

79 1291 201 1354 subdito
216 1289 282 1352 sine
295 1308 446 1355 consensu
459 1292 628 1371 Superioris
645 1291 853 1367 contrahatur,
868 1310 930 1355 non
944 1297 1047 1354 tenren
1058 1311 1119 1375 per
1132 1311 1162 1353 se
1180 1290 1348 1354 invalidam

78 1397 140 1441 eam
155 1377 263 1454 efficit,
280 1378 341 1442 nisi
355 1380 431 1444 forte
442 1380 585 1462 Superior
594 1381 625 1444 vi
636 1380 794 1462 potestatis
803 1380 837 1443 in
846 1381 1034 1444 voluntatem
1044 1379 1161 1444 subditi
1170 1379 1349 1461 hujusmodi

78 1468 294 1549 obligationem
312 1467 435 1533 irritare
455 1469 539 1533 velit.
558 1474 672 1535 Votum
691 1477 795 1532 autem
814 1469 947 1532 solemne
964 1469 1010 1532 ita
1028 1469 1144 1532 subditi
1159 1469 1349 1531 voluntatem

79 1557 229 1621 oblatione
243 1563 391 1635 absoluta,
403 1565 548 1641 perpetua
560 1565 592 1622 et
602 1558 791 1622 irrevocabili
803 1557 968 1638 obstringit
981 1557 1149 1639 Superioris
1164 1557 1346 1631 auctoritati,

78 1653 122 1720 ut,
139 1652 246 1730 quoad
260 1671 296 1714 ea
308 1670 376 1732 que
391 1649 448 1712 sub
462 1647 529 1728 ipsa
547 1647 756 1722 continentur,
772 1647 940 1726 Religiosus
955 1647 1073 1708 nullam
1090 1645 1221 1727 amplius
1235 1645 1349 1725 obliga-

78 1733 211 1811 tionem,
228 1757 325 1820 neque
338 1737 525 1809 naturalem,
541 1754 640 1817 neque
654 1734 774 1797 civilem
787 1734 886 1796 valide
900 1733 1074 1796 contrahere
1085 1733 1191 1814 possit.

109 1827 222 1900 Quen.
239 1829 270 1889 30
283 1829 334 1889 Ao
347 1825 513 1906 Religionis
528 1833 665 1886 teneatur
676 1822 795 1884 obedire
812 1823 845 1881 in
857 1821 958 1900 dudio,
974 1829 1076 1882 utrum
1090 1841 1136 1883 res
1147 1830 1298 1903 precepta
1311 1822 1350 1882 sit

76 1911 176 1987 licita,
195 1915 306 1977 necne?

112 2001 208 2085 Resp.
229 2003 371 2086 Affirm„
387 2001 460 2084 quia
478 2005 552 2063 tunc
566 1999 764 2081 presumptio
782 1997 936 2079 Superiori
956 1997 1047 2060 favet.
1068 2001 1196 2078 insuper
1213 1998 1351 2078 opposita

78 2091 228 2154 sententia
249 2093 390 2154 ordinem
411 2090 445 2152 in
464 2088 623 2169 Religiosis
643 2087 769 2150 familiis
787 2087 1035 2169 perturbaret·
1049 2087 1085 2152 S.
1101 2087 1183 2168 Lip,
1206 2107 1237 2150 o.
1255 2091 1306 2161 tt,
1321 2097 1350 2149 ct

78 2177 131 2240 clii
142 2184 352 2242 communiter.

116 2273 185 2331 l'll.
208 2305 249 2315 -
271 2272 372 2345 Quen.
393 2273 425 2330 l⁰
450 2263 643 2344 Occasionem
661 2263 831 2346 Religiosus
849 2273 950 2345 peccet
970 2268 1110 2346 graviter
1125 2273 1231 2327 contra
1251 2273 1350 2328 votum

78 2355 270 2422 obedientie?

116 2445 208 2527 Resp.
226 2467 238 2508 .·
253 2450 357 2510 Peccat
371 2443 503 2527 graviter
516 2443 552 2505 in
570 2442 769 2525 sequentibus
787 2442 922 2518 casibuS,
939 2442 994 2523 qui
1013 2462 1081 2506 raro
1098 2449 1277 2521 occurrunt;
1292 2444 1349 2507 sci-

78 2531 146 2596 licet
167 2540 200 2597 l⁰
220 2536 342 2616 quando
362 2539 481 2597 recusat
502 2531 623 2595 obedire
641 2531 674 2595 in
692 2531 822 2595 materia
838 2531 924 2612 gravi
943 2531 1096 2613 Superiori
1112 2532 1301 2614 precipienti
1315 2537 1348 2595 in

81 2626 185 2685 virtute
201 2633 315 2686 sancte
329 2621 518 2700 obedientie,
535 2621 583 2684 vel
599 2624 632 2682 in
646 2625 764 2683 nemim
778 2621 849 2685 Jcsa
865 2620 994 2700 Christi,
1011 2627 1066 2684 aut
1077 2640 1130 2702 per
1144 2621 1218 2684 alias
1233 2621 1348 2686 similes

81 2707 235 2787 formellas,
252 2731 321 2794 que
337 2710 494 2775 rarissime
510 2729 528 2772 a
547 2709 760 2790 Superioribus
777 2714 850 2772 sunt
863 2709 1057 2786 adhibente
1074 2714 1106 2773 2⁰
1119 2712 1241 2791 quando
1254 2712 1347 2790 Supe-

81 2797 146 2860 riori
165 2800 355 2883 precipienti
373 2801 534 2881 respondet
555 2818 562 2860 :
581 2797 660 2861 Nolo
678 2798 814 2873 obedire,
836 2797 905 2860 eolo
922 2798 1034 2879 secere,
1059 2817 1117 2859 nen
1140 2799 1267 2878 faciam,
1293 2805 1348 2860 aut

80 2887 157 2950 aliud
169 2889 287 2966 simile,
299 2890 380 2971 quod
392 2892 601 2968 contemptum
613 2887 770 2950 formalem
780 2886 971 2949 auctoritatis
983 2884 1187 2968 precipientis
1199 2885 1345 2961 redoleat;

79 2977 108 3036 30
124 2979 247 3057 quando
264 2997 302 3041 ex
319 2976 525 3041 inobedientia
544 2975 684 3058 sequitur
702 2993 793 3056 grave
808 2975 985 3038 scandalum
1000 2975 1146 3049 aliorum,
1164 2973 1228 3036 sive
1242 2972 1347 3036 subdi-

80 3069 191 3142 torum,
216 3066 280 3130 sive
299 3067 508 3141 secularium,
525 3071 580 3127 aut
598 3081 689 3144 greve
706 3064 939 3128 incommodum
955 3063 1019 3126 sire
1033 3082 1087 3144 pro
1101 3060 1345 3137 communitate,

80 3151 137 3217 sive
148 3173 206 3235 pro
219 3155 306 3232 aliis,
320 3175 350 3218 v.
371 3173 430 3236 gr,
441 3171 495 3234 pro
510 3153 607 3216 salute
619 3152 810 3227 animamm,
826 3161 884 3216 etc.

115 3244 147 3304 ln
162 3244 280 3308 ceteris
288 3243 409 3308 casibus
422 3239 629 3304 inobedientia
641 3247 799 3320 peecatum
809 3241 927 3304 veniale
937 3259 1001 3304 non
1015 3240 1131 3304 excedit
1141 3261 1148 3316 ;
1160 3257 1232 3304 cum
1242 3244 1346 3302 autem

80 3331 209 3408 predicti
223 3351 310 3396 casus
328 3330 440 3414 peccati
453 3327 592 3392 mortalis
610 3347 679 3391 raro
694 3327 848 3403 accidant,
864 3329 1069 3392 communiter
1082 3335 1202 3410 peccate
1216 3319 1347 3408 Religio

81 3433 176 3484 sorum
197 3430 303 3484 contra
323 3417 529 3485 obedientiam
550 3420 586 3478 ut
609 3415 742 3478 venialia
763 3419 932 3497 reputanda
958 3424 1043 3480 sunt.
1067 3453 1107 3463 -
1130 3417 1225 3482 Multo
1246 3415 1346 3478 rarius

81 3507 170 3573 adhuc
183 3517 307 3592 peccata
317 3511 352 3574 in
367 3510 462 3572 solam
477 3506 627 3569 virtutem
641 3503 804 3567 commissa
817 3505 957 3567 mortalia
972 3505 1111 3567 evadent.

116 3601 181 3662 tlt.
197 3602 355 3676 —Qurnn
371 3603 403 3662 50
419 3595 602 3673 Quibusnam
615 3591 812 3655 obediendum
826 3591 887 3654 sit?
1165 3581 1188 3628 θ

114 3685 201 3771 Resp.
217 3707 229 3750 .·
243 3689 283 3750 Vi
295 3687 374 3763 voti,
386 3685 590 3749 obediendum
608 3689 655 3746 est
670 3681 882 3764 Superioribus
894 3681 1024 3765 proprie
1036 3681 1138 3760 dictis,
1152 3681 1184 3744 id
1196 3687 1257 3753 est,
1273 3681 1343 3761 qui,

81 3774 121 3835 vel
137 3774 170 3838 in
191 3778 297 3852 domo,
314 3777 362 3839 vel
377 3775 412 3838 in
425 3772 597 3855 provincia,
614 3773 662 3835 vel
675 3771 710 3834 in
724 3770 868 3834 universa
887 3769 1005 3834 familia
1023 3769 1173 3851 Religiosa
1191 3787 1285 3849 quam
1298 3788 1345 3833 re

80 3866 340 3940 contaminem
358 3863 418 3927 sibi
437 3861 624 3943 superiorem
639 3861 765 3923 babent.
786 3859 810 3922 li
828 3867 903 3924 sunt
920 3861 1004 3923 enim
1022 3877 1155 3943 quorum
1169 3857 1345 3922 auctoritati

80 3951 242 4034 Religiosus
258 3952 438 4016 obedientie
451 3955 521 4015 voto
540 3969 572 4013 se
590 3948 772 4025 obstrinxit3
789 3967 844 4013 nec
864 3949 1028 4032 quisquam
1051 3953 1160 4029 preter
1177 3946 1273 4028 ipsos,
1289 3955 1345 4011 aut

81 4053 123 4101 cos
140 4041 215 4106 forte
233 4043 288 4124 qui
306 4042 407 4106 locmn
425 4039 564 4122 ipsorum
582 4039 620 4102 ad
635 4045 757 4119 tempus
776 4045 897 4113 tenent,
918 4037 982 4102 voti
1003 4035 1207 4101 obedientiam
1226 4037 1345 4117 exigere

80 4134 181 4204 potest.
197 4135 309 4195 Rectus
319 4138 425 4194 tamen
439 4129 526 4202 ordo,
540 4128 652 4208 regule
659 4127 882 4208 prescriptum,
892 4127 1026 4207 adeoque
1036 4125 1136 4188 virtus
1148 4125 1342 4202 obedientie,

81 4219 199 4282 omnino
218 4219 376 4301 postulant
396 4225 433 4281 ut
452 4215 643 4297 simplicibus
664 4213 857 4290 officialibus,
873 4214 907 4277 in
925 4212 1071 4277 omnibus
1091 4232 1161 4296 que
1178 4216 1216 4278 ad
1238 4232 1344 4279 eorum

83 4303 209 4370 officium
228 4308 397 4388 pertinent,
411 4305 539 4369 fideliter
552 4304 787 4385 obtemperetur.

115 4395 214 4470 Quen.
227 4401 259 4460 60
275 4395 434 4474 memorio
446 4391 643 4456 obediendum
656 4390 716 4454 sit?

116 4483 205 4568 Resp.
221 4505 234 4547 .·
247 4489 289 4550 Ut
301 4483 479 4549 obedientie
493 4501 549 4546 sua
562 4487 680 4546 constet
697 4481 784 4562 plena
803 4481 959 4564 perfetio,
975 4482 1178 4548 obediendum
1197 4489 1244 4544 est
1258 4487 1290 4545 1⁰
1302 4499 1341 4543 ec
