<?xml version="1.0" encoding="UTF-8"?>
<!DOCTYPE html PUBLIC "-//W3C//DTD XHTML 1.0 Transitional//EN"
    "http://www.w3.org/TR/xhtml1/DTD/xhtml1-transitional.dtd">
<html xmlns="http://www.w3.org/1999/xhtml" xml:lang="en" lang="en">
 <head>
  <title>
</title>
<meta http-equiv="Content-Type" content="text/html;charset=utf-8" />
  <meta name='ocr-system' content='tesseract 3.04.00' />
  <meta name='ocr-capabilities' content='ocr_page ocr_carea ocr_par ocr_line ocrx_word'/>
</head>
<body>
  <div class='ocr_page' id='page_1' title='image "./compendiumtheol03gurygoog_0031.png"; bbox 0 0 3198 5034; ppageno 0'>
   <div class='ocr_carea' id='block_1_1' title="bbox 213 204 950 264">
    <p class='ocr_par' dir='ltr' id='par_1_1' title="bbox 213 204 950 264">
     <span class='ocr_line' id='line_1_1' title="bbox 213 204 950 264; baseline 0.001 -3"><span class='ocrx_word' id='word_1_1' title='bbox 213 204 264 264; x_wconf 72' lang='lat' dir='ltr'><strong>la</strong></span> <span class='ocrx_word' id='word_1_2' title='bbox 366 239 367 242; x_wconf 59' lang='lat'><em>=</em></span> <span class='ocrx_word' id='word_1_3' title='bbox 743 215 950 262; x_wconf 76' lang='lat' dir='ltr'><strong>reserares</strong></span> 
     </span>
    </p>
   </div>
   <div class='ocr_carea' id='block_1_2' title="bbox 212 326 1486 766">
    <p class='ocr_par' dir='ltr' id='par_1_2' title="bbox 213 326 1483 495">
     <span class='ocr_line' id='line_1_2' title="bbox 254 326 1483 408; baseline 0.003 -18"><span class='ocrx_word' id='word_1_4' title='bbox 254 333 287 390; x_wconf 83' lang='lat'><strong>&#39;1⁰</strong></span> <span class='ocrx_word' id='word_1_5' title='bbox 301 326 426 406; x_wconf 71' lang='lat' dir='ltr'><strong>apiatas</strong></span> <span class='ocrx_word' id='word_1_6' title='bbox 443 331 634 406; x_wconf 72' lang='lat' dir='ltr'><strong>pacsanum,</strong></span> <span class='ocrx_word' id='word_1_7' title='bbox 651 326 705 406; x_wconf 90' lang='lat' dir='ltr'><strong>qui</strong></span> <span class='ocrx_word' id='word_1_8' title='bbox 720 333 838 406; x_wconf 83' lang='lat' dir='ltr'><strong>petascs</strong></span> <span class='ocrx_word' id='word_1_9' title='bbox 852 345 961 390; x_wconf 87' lang='lat' dir='ltr'><strong>rursus</strong></span> <span class='ocrx_word' id='word_1_10' title='bbox 974 327 1101 408; x_wconf 88' lang='lat' dir='ltr'><strong>stipatos</strong></span> <span class='ocrx_word' id='word_1_11' title='bbox 1116 331 1170 390; x_wconf 90' lang='lat' dir='ltr'><strong>aut</strong></span> <span class='ocrx_word' id='word_1_12' title='bbox 1183 327 1294 390; x_wconf 85' lang='lat' dir='ltr'><strong>tinctos</strong></span> <span class='ocrx_word' id='word_1_13' title='bbox 1307 346 1361 408; x_wconf 90' lang='lat' dir='ltr'><strong>pro</strong></span> <span class='ocrx_word' id='word_1_14' title='bbox 1378 332 1483 408; x_wconf 84' lang='lat' dir='ltr'><strong>noris,</strong></span> 
     </span>
     <span class='ocr_line' id='line_1_3' title="bbox 213 413 1199 495; baseline -0.007 -13"><span class='ocrx_word' id='word_1_15' title='bbox 213 421 268 482; x_wconf 82' lang='lat' dir='ltr'><strong>atri</strong></span> <span class='ocrx_word' id='word_1_16' title='bbox 279 414 368 495; x_wconf 89' lang='lat' dir='ltr'><strong>quasi</strong></span> <span class='ocrx_word' id='word_1_17' title='bbox 381 433 399 476; x_wconf 90' lang='lat' dir='ltr'><strong>a</strong></span> <span class='ocrx_word' id='word_1_18' title='bbox 412 413 541 494; x_wconf 74' lang='lat' dir='ltr'>longiori</span> <span class='ocrx_word' id='word_1_19' title='bbox 557 421 695 494; x_wconf 88' lang='lat' dir='ltr'><strong>tempore</strong></span> <span class='ocrx_word' id='word_1_20' title='bbox 709 413 742 476; x_wconf 90' lang='lat' dir='ltr'><strong>in</strong></span> <span class='ocrx_word' id='word_1_21' title='bbox 752 413 870 478; x_wconf 87' lang='lat' dir='ltr'><strong>officina</strong></span> <span class='ocrx_word' id='word_1_22' title='bbox 883 421 1038 480; x_wconf 83' lang='lat' dir='ltr'><strong>exstantes</strong></span> <span class='ocrx_word' id='word_1_23' title='bbox 1050 417 1199 480; x_wconf 86' lang='lat' dir='ltr'><strong>rendunt.</strong></span> 
     </span>
    </p>

    <p class='ocr_par' dir='ltr' id='par_1_3' title="bbox 212 502 1486 766">
     <span class='ocr_line' id='line_1_4' title="bbox 253 502 1485 586; baseline 0.004 -18"><span class='ocrx_word' id='word_1_24' title='bbox 253 508 286 568; x_wconf 79' lang='lat'><strong>8⁰</strong></span> <span class='ocrx_word' id='word_1_25' title='bbox 300 502 494 585; x_wconf 72' lang='lat' dir='ltr'><strong>Typograpbi</strong></span> <span class='ocrx_word' id='word_1_26' title='bbox 517 502 571 583; x_wconf 91' lang='lat' dir='ltr'><strong>qui</strong></span> <span class='ocrx_word' id='word_1_27' title='bbox 595 502 779 583; x_wconf 82' lang='lat' dir='ltr'><strong>exemplaria</strong></span> <span class='ocrx_word' id='word_1_28' title='bbox 799 505 955 568; x_wconf 78' lang='lat' dir='ltr'><strong>excudunt</strong></span> <span class='ocrx_word' id='word_1_29' title='bbox 970 504 1004 566; x_wconf 95' lang='lat' dir='ltr'><strong>in</strong></span> <span class='ocrx_word' id='word_1_30' title='bbox 1022 505 1130 584; x_wconf 74' lang='lat' dir='ltr'><strong>maiori</strong></span> <span class='ocrx_word' id='word_1_31' title='bbox 1148 521 1279 568; x_wconf 88' lang='lat' dir='ltr'><strong>numero</strong></span> <span class='ocrx_word' id='word_1_32' title='bbox 1298 524 1393 586; x_wconf 64' lang='lat' dir='ltr'><strong>mam</strong></span> <span class='ocrx_word' id='word_1_33' title='bbox 1411 527 1485 573; x_wconf 88' lang='lat' dir='ltr'><strong>eon-</strong></span> 
     </span>
     <span class='ocr_line' id='line_1_5' title="bbox 212 591 1483 675; baseline 0.003 -18"><span class='ocrx_word' id='word_1_34' title='bbox 212 599 408 667; x_wconf 68' lang='lat' dir='ltr'><strong>nontamen,</strong></span> <span class='ocrx_word' id='word_1_35' title='bbox 420 597 451 653; x_wconf 89' lang='lat' dir='ltr'><strong>et</strong></span> <span class='ocrx_word' id='word_1_36' title='bbox 465 591 525 654; x_wconf 90' lang='lat' dir='ltr'><strong>sibi</strong></span> <span class='ocrx_word' id='word_1_37' title='bbox 537 610 572 656; x_wconf 88' lang='lat' dir='ltr'><strong>es</strong></span> <span class='ocrx_word' id='word_1_38' title='bbox 583 591 734 667; x_wconf 86' lang='lat' dir='ltr'><strong>retinent;</strong></span> <span class='ocrx_word' id='word_1_39' title='bbox 747 592 800 673; x_wconf 90' lang='lat' dir='ltr'><strong>qui</strong></span> <span class='ocrx_word' id='word_1_40' title='bbox 813 592 1001 658; x_wconf 86' lang='lat' dir='ltr'><strong>adulterinas</strong></span> <span class='ocrx_word' id='word_1_41' title='bbox 1012 593 1159 656; x_wconf 88' lang='lat' dir='ltr'><strong>editiones</strong></span> <span class='ocrx_word' id='word_1_42' title='bbox 1165 601 1272 656; x_wconf 87' lang='lat' dir='ltr'><strong>eontra</strong></span> <span class='ocrx_word' id='word_1_43' title='bbox 1278 596 1331 675; x_wconf 87' lang='lat' dir='ltr'><strong>jus</strong></span> <span class='ocrx_word' id='word_1_44' title='bbox 1340 596 1483 661; x_wconf 87' lang='lat' dir='ltr'><strong>habentis</strong></span> 
     </span>
     <span class='ocr_line' id='line_1_6' title="bbox 212 679 1486 766; baseline 0.002 -18"><span class='ocrx_word' id='word_1_45' title='bbox 212 680 409 763; x_wconf 76' lang='lat' dir='ltr'><strong>priuilegium</strong></span> <span class='ocrx_word' id='word_1_46' title='bbox 427 679 559 756; x_wconf 77' lang='lat' dir='ltr'><strong>iaciunt3</strong></span> <span class='ocrx_word' id='word_1_47' title='bbox 573 680 628 761; x_wconf 89' lang='lat' dir='ltr'><strong>qui</strong></span> <span class='ocrx_word' id='word_1_48' title='bbox 640 681 849 746; x_wconf 76' lang='lat' dir='ltr'><strong>emendatores</strong></span> <span class='ocrx_word' id='word_1_49' title='bbox 862 681 977 744; x_wconf 85' lang='lat' dir='ltr'><strong>habent</strong></span> <span class='ocrx_word' id='word_1_50' title='bbox 994 681 1168 762; x_wconf 60' lang='lat' dir='ltr'><strong>imperitans</strong></span> <span class='ocrx_word' id='word_1_51' title='bbox 1186 682 1240 761; x_wconf 81' lang='lat' dir='ltr'><strong>qui</strong></span> <span class='ocrx_word' id='word_1_52' title='bbox 1253 701 1406 766; x_wconf 70' lang='lat' dir='ltr'><strong>papyrum</strong></span> <span class='ocrx_word' id='word_1_53' title='bbox 1421 705 1486 750; x_wconf 74' lang='lat' dir='ltr'><strong>raon</strong></span> 
     </span>
    </p>
   </div>
   <div class='ocr_carea' id='block_1_3' title="bbox 212 767 1591 870">
    <p class='ocr_par' dir='ltr' id='par_1_4' title="bbox 212 767 1591 870">
     <span class='ocr_line' id='line_1_7' title="bbox 212 767 1591 870; baseline 0.005 -38"><span class='ocrx_word' id='word_1_54' title='bbox 212 769 360 832; x_wconf 89' lang='lat' dir='ltr'><strong>adhibent</strong></span> <span class='ocrx_word' id='word_1_55' title='bbox 371 768 509 850; x_wconf 78' lang='lat' dir='ltr'><strong>eJ‘usdem</strong></span> <span class='ocrx_word' id='word_1_56' title='bbox 522 767 681 850; x_wconf 74' lang='lat' dir='ltr'><strong>qualitatis</strong></span> <span class='ocrx_word' id='word_1_57' title='bbox 698 787 731 831; x_wconf 87' lang='lat' dir='ltr'><strong>ao</strong></span> <span class='ocrx_word' id='word_1_58' title='bbox 747 769 780 831; x_wconf 96' lang='lat' dir='ltr'><strong>in</strong></span> <span class='ocrx_word' id='word_1_59' title='bbox 794 776 1018 850; x_wconf 67' lang='lat' dir='ltr'><strong>programmate</strong></span> <span class='ocrx_word' id='word_1_60' title='bbox 1031 771 1256 852; x_wconf 88' lang='lat' dir='ltr'><strong>promiserunt,</strong></span> <span class='ocrx_word' id='word_1_61' title='bbox 1271 778 1330 836; x_wconf 85' lang='lat' dir='ltr'><strong>ato.</strong></span> <span class='ocrx_word' id='word_1_62' title='bbox 1346 809 1385 818; x_wconf 85' lang='lat'><em>-</em></span> <span class='ocrx_word' id='word_1_63' title='bbox 1411 775 1486 838; x_wconf 76' lang='lat' dir='ltr'><strong>Vide</strong></span> <span class='ocrx_word' id='word_1_64' title='bbox 1590 867 1591 870; x_wconf 8' lang='grc' dir='ltr'><strong>Ἴ</strong></span> 
     </span>
    </p>
   </div>
   <div class='ocr_carea' id='block_1_4' title="bbox 214 858 483 940">
    <p class='ocr_par' dir='ltr' id='par_1_5' title="bbox 214 858 483 940">
     <span class='ocr_line' id='line_1_8' title="bbox 214 858 483 940; baseline -0.011 -20"><span class='ocrx_word' id='word_1_65' title='bbox 214 858 251 920; x_wconf 88' lang='lat' dir='ltr'><strong>S.</strong></span> <span class='ocrx_word' id='word_1_66' title='bbox 268 858 351 940; x_wconf 70' lang='lat' dir='ltr'><strong>tn„</strong></span> <span class='ocrx_word' id='word_1_67' title='bbox 368 878 399 920; x_wconf 87' lang='lat' dir='ltr'><strong>a.</strong></span> <span class='ocrx_word' id='word_1_68' title='bbox 412 861 483 924; x_wconf 64' lang='lat'><strong>292.</strong></span> 
     </span>
    </p>
   </div>
   <div class='ocr_carea' id='block_1_5' title="bbox 625 1069 1069 1160">
    <p class='ocr_par' dir='ltr' id='par_1_6' title="bbox 625 1069 1069 1160">
     <span class='ocr_line' id='line_1_9' title="bbox 625 1069 1069 1160; baseline 0.014 -6"><span class='ocrx_word' id='word_1_69' title='bbox 625 1069 773 1156; x_wconf 78' lang='lat' dir='ltr'><strong>PARS</strong></span> <span class='ocrx_word' id='word_1_70' title='bbox 807 1069 1069 1160; x_wconf 77' lang='lat' dir='ltr'><strong>SECUNDA</strong></span> 
     </span>
    </p>
   </div>
   <div class='ocr_carea' id='block_1_6' title="bbox 585 1262 1109 1324">
    <p class='ocr_par' dir='ltr' id='par_1_7' title="bbox 585 1262 1109 1324">
     <span class='ocr_line' id='line_1_10' title="bbox 585 1262 1109 1324; baseline 0.01 -6"><span class='ocrx_word' id='word_1_71' title='bbox 585 1262 638 1319; x_wconf 85' lang='lat' dir='ltr'><strong>DE</strong></span> <span class='ocrx_word' id='word_1_72' title='bbox 661 1263 802 1322; x_wconf 74' lang='lat' dir='ltr'><strong>stare</strong></span> <span class='ocrx_word' id='word_1_73' title='bbox 825 1263 1109 1324; x_wconf 75' lang='lat' dir='ltr'><strong>ctealcoabtt</strong></span> 
     </span>
    </p>
   </div>
   <div class='ocr_carea' id='block_1_7' title="bbox 248 1462 1482 1550">
    <p class='ocr_par' dir='ltr' id='par_1_8' title="bbox 248 1425 1591 1572">
     <span class='ocr_line' id='line_1_11' title="bbox 248 1462 1482 1550; baseline 0.007 -24"><span class='ocrx_word' id='word_1_74' title='bbox 248 1464 409 1547; x_wconf 73' lang='lat' dir='ltr'><strong>Apendam</strong></span> <span class='ocrx_word' id='word_1_75' title='bbox 425 1463 457 1524; x_wconf 85' lang='lat'><strong>1⁰</strong></span> <span class='ocrx_word' id='word_1_76' title='bbox 476 1464 513 1526; x_wconf 91' lang='lat' dir='ltr'><strong>de</strong></span> <span class='ocrx_word' id='word_1_77' title='bbox 530 1462 767 1544; x_wconf 71' lang='lat' dir='ltr'><strong>obligationibus</strong></span> <span class='ocrx_word' id='word_1_78' title='bbox 781 1463 998 1528; x_wconf 90' lang='lat' dir='ltr'><strong>communibus</strong></span> <span class='ocrx_word' id='word_1_79' title='bbox 1017 1464 1215 1542; x_wconf 85' lang='lat' dir='ltr'><strong>Clerioorunr;</strong></span> <span class='ocrx_word' id='word_1_80' title='bbox 1229 1471 1263 1532; x_wconf 81' lang='lat' dir='ltr'><strong>il⁰</strong></span> <span class='ocrx_word' id='word_1_81' title='bbox 1278 1468 1314 1530; x_wconf 91' lang='lat' dir='ltr'><strong>de</strong></span> <span class='ocrx_word' id='word_1_82' title='bbox 1333 1487 1482 1550; x_wconf 89' lang='lat' dir='ltr'><strong>quorum-</strong></span> 
     </span>
    </p>
   </div>
   <div class='ocr_carea' id='block_1_8' title="bbox 209 1551 757 1633">
    <p class='ocr_par' dir='ltr' id='par_1_9' title="bbox 209 1551 757 1633">
     <span class='ocr_line' id='line_1_12' title="bbox 209 1551 757 1633; baseline 0 -19"><span class='ocrx_word' id='word_1_83' title='bbox 209 1553 280 1615; x_wconf 90' lang='lat' dir='ltr'><strong>dam</strong></span> <span class='ocrx_word' id='word_1_84' title='bbox 292 1551 533 1632; x_wconf 84' lang='lat' dir='ltr'><strong>obligationibus</strong></span> <span class='ocrx_word' id='word_1_85' title='bbox 542 1552 757 1633; x_wconf 81' lang='lat' dir='ltr'><strong>peculiaribus,</strong></span> 
     </span>
    </p>
   </div>
   <div class='ocr_carea' id='block_1_9' title="bbox 730 1756 948 1832">
    <p class='ocr_par' dir='ltr' id='par_1_10' title="bbox 730 1756 948 1832">
     <span class='ocr_line' id='line_1_13' title="bbox 730 1756 948 1832; baseline 0 0"><span class='ocrx_word' id='word_1_86' title='bbox 730 1756 904 1832; x_wconf 81' lang='lat' dir='ltr'>CAPUT</span> <span class='ocrx_word' id='word_1_87' title='bbox 931 1757 948 1832; x_wconf 91' lang='grc' dir='ltr'>Ι</span> 
     </span>
    </p>
   </div>
   <div class='ocr_carea' id='block_1_10' title="bbox 405 1925 1277 2086">
    <p class='ocr_par' dir='ltr' id='par_1_11' title="bbox 405 1925 1277 2086">
     <span class='ocr_line' id='line_1_14' title="bbox 405 1925 1277 1979; baseline 0.003 -4"><span class='ocrx_word' id='word_1_88' title='bbox 405 1925 477 1976; x_wconf 83' lang='grc' dir='ltr'><strong>1)Εο</strong></span> <span class='ocrx_word' id='word_1_89' title='bbox 490 1925 765 1976; x_wconf 81' lang='lat' dir='ltr'><strong>BLlGATIONlBUS</strong></span> <span class='ocrx_word' id='word_1_90' title='bbox 792 1925 1024 1976; x_wconf 84' lang='lat' dir='ltr'>COMMUNIBUS</span> <span class='ocrx_word' id='word_1_91' title='bbox 1051 1928 1277 1979; x_wconf 82' lang='lat' dir='ltr'>CLERICORUM</span> 
     </span>
     <span class='ocr_line' id='line_1_15' title="bbox 550 2032 1132 2086; baseline 0.007 -5"><span class='ocrx_word' id='word_1_92' title='bbox 550 2032 624 2082; x_wconf 85' lang='lat' dir='ltr'><strong>TUM</strong></span> <span class='ocrx_word' id='word_1_93' title='bbox 651 2032 819 2084; x_wconf 74' lang='lat' dir='ltr'><strong>Postrtvls</strong></span> <span class='ocrx_word' id='word_1_94' title='bbox 845 2034 920 2082; x_wconf 85' lang='lat' dir='ltr'><strong>TUM</strong></span> <span class='ocrx_word' id='word_1_95' title='bbox 945 2034 1132 2086; x_wconf 71' lang='lat' dir='ltr'><strong>neaemias</strong></span> 
     </span>
    </p>
   </div>
   <div class='ocr_carea' id='block_1_11' title="bbox 499 2212 1182 2412">
    <p class='ocr_par' dir='ltr' id='par_1_12' title="bbox 499 2212 1182 2412">
     <span class='ocr_line' id='line_1_16' title="bbox 714 2212 969 2276; baseline -0.004 -2"><span class='ocrx_word' id='word_1_96' title='bbox 714 2212 929 2276; x_wconf 82' lang='lat' dir='ltr'>ARTIGULUS</span> <span class='ocrx_word' id='word_1_97' title='bbox 956 2214 969 2273; x_wconf 94' lang='lat'><em>1</em></span> 
     </span>
     <span class='ocr_line' id='line_1_17' title="bbox 499 2355 1182 2412; baseline 0.015 -10"><span class='ocrx_word' id='word_1_98' title='bbox 499 2357 541 2404; x_wconf 82' lang='lat' dir='ltr'><strong>na</strong></span> <span class='ocrx_word' id='word_1_99' title='bbox 559 2355 809 2406; x_wconf 78' lang='lat' dir='ltr'><strong>causarronaaas</strong></span> <span class='ocrx_word' id='word_1_100' title='bbox 830 2358 975 2404; x_wconf 80' lang='lat' dir='ltr'><strong>marsius</strong></span> <span class='ocrx_word' id='word_1_101' title='bbox 997 2359 1182 2412; x_wconf 65' lang='lat' dir='ltr'><strong>manicone!</strong></span> 
     </span>
    </p>
   </div>
   <div class='ocr_carea' id='block_1_12' title="bbox 246 2490 1591 2578">
    <p class='ocr_par' dir='ltr' id='par_1_13' title="bbox 246 2490 1591 2578">
     <span class='ocr_line' id='line_1_18' title="bbox 246 2490 1591 2578; baseline 0.007 -23"><span class='ocrx_word' id='word_1_102' title='bbox 246 2490 352 2555; x_wconf 78' lang='lat' dir='ltr'><strong>Clerici</strong></span> <span class='ocrx_word' id='word_1_103' title='bbox 370 2490 521 2574; x_wconf 75' lang='lat' dir='ltr'><strong>precipue</strong></span> <span class='ocrx_word' id='word_1_104' title='bbox 539 2491 733 2572; x_wconf 80' lang='lat' dir='ltr'><strong>obligantur:</strong></span> <span class='ocrx_word' id='word_1_105' title='bbox 749 2498 782 2555; x_wconf 77' lang='lat'><strong>1⁰</strong></span> <span class='ocrx_word' id='word_1_106' title='bbox 797 2494 836 2555; x_wconf 85' lang='lat' dir='ltr'><strong>nd</strong></span> <span class='ocrx_word' id='word_1_107' title='bbox 855 2493 927 2556; x_wconf 80' lang='lat' dir='ltr'><strong>vita</strong></span> <span class='ocrx_word' id='word_1_108' title='bbox 948 2493 1158 2572; x_wconf 86' lang='lat' dir='ltr'><strong>sanctitatsm;</strong></span> <span class='ocrx_word' id='word_1_109' title='bbox 1177 2501 1211 2559; x_wconf 69' lang='lat'><strong>2⁰</strong></span> <span class='ocrx_word' id='word_1_110' title='bbox 1230 2498 1269 2559; x_wconf 86' lang='lat' dir='ltr'><strong>ad</strong></span> <span class='ocrx_word' id='word_1_111' title='bbox 1286 2497 1478 2578; x_wconf 64' lang='lat' dir='ltr'><strong>delibatum</strong></span> <span class='ocrx_word' id='word_1_112' title='bbox 1590 2495 1591 2540; x_wconf 79' lang='lat' dir='ltr'><strong>t</strong></span> 
     </span>
    </p>
   </div>
   <div class='ocr_carea' id='block_1_13' title="bbox 207 2573 1327 2658">
    <p class='ocr_par' dir='ltr' id='par_1_14' title="bbox 207 2573 1327 2658">
     <span class='ocr_line' id='line_1_19' title="bbox 207 2573 1327 2658; baseline 0.001 -13"><span class='ocrx_word' id='word_1_113' title='bbox 207 2586 241 2645; x_wconf 78' lang='lat'><strong>3⁰</strong></span> <span class='ocrx_word' id='word_1_114' title='bbox 255 2581 293 2643; x_wconf 89' lang='lat' dir='ltr'><strong>ad</strong></span> <span class='ocrx_word' id='word_1_115' title='bbox 307 2573 452 2643; x_wconf 89' lang='lat' dir='ltr'><strong>habitum</strong></span> <span class='ocrx_word' id='word_1_116' title='bbox 464 2581 701 2644; x_wconf 87' lang='lat' dir='ltr'><strong>ecclesiasticum</strong></span> <span class='ocrx_word' id='word_1_117' title='bbox 715 2587 746 2643; x_wconf 90' lang='lat' dir='ltr'><strong>et</strong></span> <span class='ocrx_word' id='word_1_118' title='bbox 759 2589 933 2658; x_wconf 65' lang='lat' dir='ltr'><strong>tonsuram</strong></span> <span class='ocrx_word' id='word_1_119' title='bbox 948 2587 982 2646; x_wconf 81' lang='lat' dir='ltr'><strong>t⁰</strong></span> <span class='ocrx_word' id='word_1_120' title='bbox 996 2585 1035 2645; x_wconf 90' lang='lat' dir='ltr'><strong>ad</strong></span> <span class='ocrx_word' id='word_1_121' title='bbox 1049 2587 1144 2646; x_wconf 85' lang='lat' dir='ltr'><strong>Horas</strong></span> <span class='ocrx_word' id='word_1_122' title='bbox 1158 2585 1327 2651; x_wconf 75' lang='lat' dir='ltr'><strong>canonicae.</strong></span> 
     </span>
    </p>
   </div>
   <div class='ocr_carea' id='block_1_14' title="bbox 248 2757 1482 2972">
    <p class='ocr_par' dir='ltr' id='par_1_15' title="bbox 248 2757 1482 2972">
     <span class='ocr_line' id='line_1_20' title="bbox 625 2757 1060 2852; baseline 0.005 -26"><span class='ocrx_word' id='word_1_123' title='bbox 625 2757 643 2852; x_wconf 61' lang='grc' dir='ltr'>ᾗ</span> <span class='ocrx_word' id='word_1_124' title='bbox 662 2761 689 2827; x_wconf 90' lang='grc' dir='ltr'><strong>Ι.</strong></span> <span class='ocrx_word' id='word_1_125' title='bbox 711 2761 852 2828; x_wconf 72' lang='lat' dir='ltr'><strong>Deuites</strong></span> <span class='ocrx_word' id='word_1_126' title='bbox 870 2764 1060 2830; x_wconf 77' lang='lat' dir='ltr'><strong>sanctitate.</strong></span> 
     </span>
     <span class='ocr_line' id='line_1_21' title="bbox 248 2896 1482 2972; baseline 0.001 -8"><span class='ocrx_word' id='word_1_127' title='bbox 248 2901 297 2964; x_wconf 80' lang='lat'><strong>38.</strong></span> <span class='ocrx_word' id='word_1_128' title='bbox 314 2931 354 2946; x_wconf 91' lang='lat'><em>-</em></span> <span class='ocrx_word' id='word_1_129' title='bbox 368 2898 489 2972; x_wconf 78' lang='lat' dir='ltr'><strong>eamn</strong></span> <span class='ocrx_word' id='word_1_130' title='bbox 502 2896 610 2960; x_wconf 82' lang='lat' dir='ltr'><strong>debeat</strong></span> <span class='ocrx_word' id='word_1_131' title='bbox 623 2915 689 2960; x_wconf 79' lang='lat' dir='ltr'><strong>esse</strong></span> <span class='ocrx_word' id='word_1_132' title='bbox 703 2896 889 2960; x_wconf 75' lang='lat' dir='ltr'><strong>claranum</strong></span> <span class='ocrx_word' id='word_1_133' title='bbox 901 2897 1025 2961; x_wconf 88' lang='lat' dir='ltr'><strong>interna</strong></span> <span class='ocrx_word' id='word_1_134' title='bbox 1036 2899 1183 2962; x_wconf 77' lang='lat' dir='ltr'><strong>sanctitas</strong></span> <span class='ocrx_word' id='word_1_135' title='bbox 1196 2905 1227 2961; x_wconf 89' lang='lat' dir='ltr'><strong>et</strong></span> <span class='ocrx_word' id='word_1_136' title='bbox 1242 2899 1375 2963; x_wconf 67' lang='lat' dir='ltr'><strong>auarior</strong></span> <span class='ocrx_word' id='word_1_137' title='bbox 1386 2901 1482 2965; x_wconf 44' lang='lat' dir='ltr'><strong>redii*</strong></span> 
     </span>
    </p>
   </div>
   <div class='ocr_carea' id='block_1_15' title="bbox 207 2985 1591 3244">
    <p class='ocr_par' dir='ltr' id='par_1_16' title="bbox 207 2981 1591 3268">
     <span class='ocr_line' id='line_1_22' title="bbox 207 2985 1485 3071; baseline 0.003 -21"><span class='ocrx_word' id='word_1_138' title='bbox 207 2985 364 3062; x_wconf 57' lang='lat' dir='ltr'><strong>ceinture</strong></span> <span class='ocrx_word' id='word_1_139' title='bbox 375 2985 647 3060; x_wconf 85' lang='lat' dir='ltr'><strong>demonstratione,</strong></span> <span class='ocrx_word' id='word_1_140' title='bbox 656 3004 711 3048; x_wconf 89' lang='lat' dir='ltr'><strong>nec</strong></span> <span class='ocrx_word' id='word_1_141' title='bbox 723 2985 911 3066; x_wconf 75' lang='lat' dir='ltr'><strong>expositione</strong></span> <span class='ocrx_word' id='word_1_142' title='bbox 925 2986 1053 3068; x_wconf 84' lang='lat' dir='ltr'><strong>indiget.</strong></span> <span class='ocrx_word' id='word_1_143' title='bbox 1063 2989 1098 3051; x_wconf 96' lang='lat' dir='ltr'><strong>Id</strong></span> <span class='ocrx_word' id='word_1_144' title='bbox 1112 2987 1195 3050; x_wconf 89' lang='lat' dir='ltr'><strong>anim</strong></span> <span class='ocrx_word' id='word_1_145' title='bbox 1207 2988 1368 3052; x_wconf 66' lang='lat' dir='ltr'><strong>manifeste</strong></span> <span class='ocrx_word' id='word_1_146' title='bbox 1378 2991 1485 3071; x_wconf 77' lang='lat' dir='ltr'><strong>arguit</strong></span> 
     </span>
     <span class='ocr_line' id='line_1_23' title="bbox 207 3073 1591 3156; baseline 0.007 -21"><span class='ocrx_word' id='word_1_147' title='bbox 207 3074 274 3154; x_wconf 89' lang='lat' dir='ltr'><strong>ipsa</strong></span> <span class='ocrx_word' id='word_1_148' title='bbox 288 3074 351 3136; x_wconf 89' lang='lat' dir='ltr'><strong>sola</strong></span> <span class='ocrx_word' id='word_1_149' title='bbox 363 3074 530 3138; x_wconf 78' lang='lat' dir='ltr'><strong>clericatus</strong></span> <span class='ocrx_word' id='word_1_150' title='bbox 549 3079 580 3135; x_wconf 89' lang='lat' dir='ltr'><strong>et</strong></span> <span class='ocrx_word' id='word_1_151' title='bbox 597 3073 761 3136; x_wconf 81' lang='lat' dir='ltr'><strong>sacerdotii</strong></span> <span class='ocrx_word' id='word_1_152' title='bbox 777 3074 855 3136; x_wconf 88' lang='lat' dir='ltr'><strong>idea.</strong></span> <span class='ocrx_word' id='word_1_153' title='bbox 873 3075 1039 3154; x_wconf 83' lang='lat' dir='ltr'><strong>Perpaucis-</strong></span> <span class='ocrx_word' id='word_1_154' title='bbox 1046 3077 1143 3156; x_wconf 83' lang='lat' dir='ltr'><strong>igitur</strong></span> <span class='ocrx_word' id='word_1_155' title='bbox 1156 3077 1377 3142; x_wconf 84' lang='lat' dir='ltr'><strong>declarabimus</strong></span> <span class='ocrx_word' id='word_1_156' title='bbox 1390 3079 1482 3143; x_wconf 78' lang='lat' dir='ltr'><strong>Glari—</strong></span> <span class='ocrx_word' id='word_1_157' title='bbox 1590 3119 1591 3152; x_wconf 70' lang='grc'><strong>;</strong></span> 
     </span>
     <span class='ocr_line' id='line_1_24' title="bbox 208 3161 1483 3244; baseline 0.006 -22"><span class='ocrx_word' id='word_1_158' title='bbox 208 3162 344 3242; x_wconf 80' lang='lat' dir='ltr'><strong>caspios,</strong></span> <span class='ocrx_word' id='word_1_159' title='bbox 359 3169 480 3228; x_wconf 82' lang='lat' dir='ltr'><strong>sanctas</strong></span> <span class='ocrx_word' id='word_1_160' title='bbox 490 3163 687 3226; x_wconf 86' lang='lat' dir='ltr'><strong>etmedestos</strong></span> <span class='ocrx_word' id='word_1_161' title='bbox 699 3180 765 3226; x_wconf 86' lang='lat' dir='ltr'><strong>esse</strong></span> <span class='ocrx_word' id='word_1_162' title='bbox 775 3161 893 3238; x_wconf 85' lang='lat' dir='ltr'><strong>debere,</strong></span> <span class='ocrx_word' id='word_1_163' title='bbox 908 3170 978 3226; x_wconf 89' lang='lat' dir='ltr'><strong>tum</strong></span> <span class='ocrx_word' id='word_1_164' title='bbox 989 3183 1027 3230; x_wconf 85' lang='lat' dir='ltr'><strong>ex</strong></span> <span class='ocrx_word' id='word_1_165' title='bbox 1041 3183 1148 3230; x_wconf 88' lang='lat' dir='ltr'><strong>eorum</strong></span> <span class='ocrx_word' id='word_1_166' title='bbox 1162 3169 1261 3230; x_wconf 87' lang='lat' dir='ltr'><strong>status</strong></span> <span class='ocrx_word' id='word_1_167' title='bbox 1274 3174 1397 3244; x_wconf 88' lang='lat' dir='ltr'><strong>natura,</strong></span> <span class='ocrx_word' id='word_1_168' title='bbox 1411 3175 1483 3230; x_wconf 86' lang='lat' dir='ltr'><strong>turn</strong></span> 
     </span>
    </p>
   </div>
   <div class='ocr_carea' id='block_1_16' title="bbox 208 3249 800 3330">
    <p class='ocr_par' dir='ltr' id='par_1_17' title="bbox 208 3249 800 3330">
     <span class='ocr_line' id='line_1_25' title="bbox 208 3249 800 3330; baseline -0.015 -10"><span class='ocrx_word' id='word_1_169' title='bbox 208 3269 247 3320; x_wconf 69' lang='lat' dir='ltr'><strong>aa</strong></span> <span class='ocrx_word' id='word_1_170' title='bbox 257 3249 431 3330; x_wconf 78' lang='lat' dir='ltr'><strong>Scriptura,</strong></span> <span class='ocrx_word' id='word_1_171' title='bbox 447 3250 592 3314; x_wconf 87' lang='lat' dir='ltr'><strong>Patribus</strong></span> <span class='ocrx_word' id='word_1_172' title='bbox 603 3257 635 3314; x_wconf 87' lang='lat' dir='ltr'><strong>et</strong></span> <span class='ocrx_word' id='word_1_173' title='bbox 648 3249 800 3314; x_wconf 77' lang='lat' dir='ltr'><strong>Conciliia.</strong></span> 
     </span>
    </p>
   </div>
   <div class='ocr_carea' id='block_1_17' title="bbox 208 3339 1591 3508">
    <p class='ocr_par' dir='ltr' id='par_1_18' title="bbox 208 3323 1591 3508">
     <span class='ocr_line' id='line_1_26' title="bbox 249 3339 1481 3420; baseline 0.004 -19"><span class='ocrx_word' id='word_1_174' title='bbox 249 3339 343 3406; x_wconf 69' lang='lat' dir='ltr'><strong>aean</strong></span> <span class='ocrx_word' id='word_1_175' title='bbox 352 3348 464 3402; x_wconf 76' lang='lat' dir='ltr'><strong>namra</strong></span> <span class='ocrx_word' id='word_1_176' title='bbox 478 3347 572 3400; x_wconf 80' lang='lat' dir='ltr'><strong>statua</strong></span> <span class='ocrx_word' id='word_1_177' title='bbox 583 3339 987 3406; x_wconf 69' lang='lat' dir='ltr'><strong>concaleasanotissinun</strong></span> <span class='ocrx_word' id='word_1_178' title='bbox 1001 3349 1048 3406; x_wconf 88' lang='lat' dir='ltr'><strong>est</strong></span> <span class='ocrx_word' id='word_1_179' title='bbox 1058 3343 1242 3408; x_wconf 54' lang='lat' dir='ltr'><strong>Germanum</strong></span> <span class='ocrx_word' id='word_1_180' title='bbox 1256 3344 1481 3420; x_wconf 77' lang='lat' dir='ltr'><strong>ministerium,</strong></span> 
     </span>
     <span class='ocr_line' id='line_1_27' title="bbox 208 3429 1591 3508; baseline 0.004 -16"><span class='ocrx_word' id='word_1_181' title='bbox 208 3446 282 3498; x_wconf 71' lang='lat' dir='ltr'><strong>crini</strong></span> <span class='ocrx_word' id='word_1_182' title='bbox 300 3445 420 3508; x_wconf 87' lang='lat' dir='ltr'><strong>semper</strong></span> <span class='ocrx_word' id='word_1_183' title='bbox 437 3429 539 3492; x_wconf 86' lang='lat' dir='ltr'><strong>adres</strong></span> <span class='ocrx_word' id='word_1_184' title='bbox 554 3429 933 3502; x_wconf 84' lang='lat' dir='ltr'><strong>sacras‚adSacramenta</strong></span> <span class='ocrx_word' id='word_1_185' title='bbox 955 3431 1095 3494; x_wconf 82' lang='lat' dir='ltr'><strong>fidelibus</strong></span> <span class='ocrx_word' id='word_1_186' title='bbox 1108 3431 1301 3507; x_wconf 77' lang='lat' dir='ltr'><strong>mnbrenda,</strong></span> <span class='ocrx_word' id='word_1_187' title='bbox 1317 3432 1357 3494; x_wconf 90' lang='lat' dir='ltr'><strong>ad</strong></span> <span class='ocrx_word' id='word_1_188' title='bbox 1375 3433 1482 3496; x_wconf 89' lang='lat' dir='ltr'><strong>laudes</strong></span> <span class='ocrx_word' id='word_1_189' title='bbox 1590 3441 1591 3484; x_wconf 48' lang='grc' dir='ltr'>ὲ</span> 
     </span>
    </p>
   </div>
   <div class='ocr_carea' id='block_1_18' title="bbox 208 3517 1482 3601">
    <p class='ocr_par' dir='ltr' id='par_1_19' title="bbox 208 3517 1482 3601">
     <span class='ocr_line' id='line_1_28' title="bbox 208 3517 1482 3601; baseline 0.003 -21"><span class='ocrx_word' id='word_1_190' title='bbox 208 3517 330 3581; x_wconf 66' lang='lat' dir='ltr'><strong>dianas</strong></span> <span class='ocrx_word' id='word_1_191' title='bbox 345 3517 523 3580; x_wconf 81' lang='lat' dir='ltr'><strong>solemniter</strong></span> <span class='ocrx_word' id='word_1_192' title='bbox 537 3517 662 3580; x_wconf 90' lang='lat' dir='ltr'><strong>nomine</strong></span> <span class='ocrx_word' id='word_1_193' title='bbox 675 3517 812 3580; x_wconf 79' lang='lat' dir='ltr'><strong>Ecclesia</strong></span> <span class='ocrx_word' id='word_1_194' title='bbox 825 3519 1047 3598; x_wconf 74' lang='lat' dir='ltr'><strong>persolvendae,</strong></span> <span class='ocrx_word' id='word_1_195' title='bbox 1061 3520 1099 3581; x_wconf 87' lang='lat' dir='ltr'><strong>ad</strong></span> <span class='ocrx_word' id='word_1_196' title='bbox 1111 3517 1320 3582; x_wconf 85' lang='lat' dir='ltr'><strong>Christianum</strong></span> <span class='ocrx_word' id='word_1_197' title='bbox 1331 3521 1482 3601; x_wconf 87' lang='lat' dir='ltr'><strong>populum</strong></span> 
     </span>
    </p>
   </div>
   <div class='ocr_carea' id='block_1_19' title="bbox 207 3605 1591 4234">
    <p class='ocr_par' dir='ltr' id='par_1_20' title="bbox 207 3605 1591 4234">
     <span class='ocr_line' id='line_1_29' title="bbox 208 3605 1483 3682; baseline 0 -10"><span class='ocrx_word' id='word_1_198' title='bbox 208 3605 245 3672; x_wconf 81' lang='lat' dir='ltr'><strong>de</strong></span> <span class='ocrx_word' id='word_1_199' title='bbox 259 3605 311 3672; x_wconf 82' lang='lat' dir='ltr'><strong>ria</strong></span> <span class='ocrx_word' id='word_1_200' title='bbox 333 3605 442 3670; x_wconf 87' lang='lat' dir='ltr'><strong>salutis</strong></span> <span class='ocrx_word' id='word_1_201' title='bbox 460 3611 582 3670; x_wconf 78' lang='lat' dir='ltr'><strong>aeterna</strong></span> <span class='ocrx_word' id='word_1_202' title='bbox 601 3606 802 3682; x_wconf 89' lang='lat' dir='ltr'><strong>edocendum,</strong></span> <span class='ocrx_word' id='word_1_203' title='bbox 822 3625 939 3670; x_wconf 88' lang='lat' dir='ltr'><strong>necnon</strong></span> <span class='ocrx_word' id='word_1_204' title='bbox 956 3607 995 3670; x_wconf 86' lang='lat' dir='ltr'><strong>ad</strong></span> <span class='ocrx_word' id='word_1_205' title='bbox 1012 3613 1237 3674; x_wconf 69' lang='lat' dir='ltr'><strong>amoenorum</strong></span> <span class='ocrx_word' id='word_1_206' title='bbox 1251 3607 1351 3672; x_wconf 82' lang='lat' dir='ltr'><strong>Missa</strong></span> <span class='ocrx_word' id='word_1_207' title='bbox 1370 3609 1483 3672; x_wconf 72' lang='lat' dir='ltr'><strong>morifi-</strong></span> 
     </span>
     <span class='ocr_line' id='line_1_30' title="bbox 209 3693 1485 3775; baseline 0.001 -14"><span class='ocrx_word' id='word_1_208' title='bbox 209 3693 293 3761; x_wconf 67' lang='lat' dir='ltr'><strong>mam</strong></span> <span class='ocrx_word' id='word_1_209' title='bbox 310 3695 528 3760; x_wconf 87' lang='lat' dir='ltr'><strong>celebrandum</strong></span> <span class='ocrx_word' id='word_1_210' title='bbox 546 3695 684 3775; x_wconf 84' lang='lat' dir='ltr'><strong>proxime</strong></span> <span class='ocrx_word' id='word_1_211' title='bbox 695 3695 744 3758; x_wconf 85' lang='lat' dir='ltr'><strong>vel</strong></span> <span class='ocrx_word' id='word_1_212' title='bbox 764 3695 873 3759; x_wconf 85' lang='lat' dir='ltr'><strong>saltem</strong></span> <span class='ocrx_word' id='word_1_213' title='bbox 891 3701 1005 3758; x_wconf 88' lang='lat' dir='ltr'><strong>remote</strong></span> <span class='ocrx_word' id='word_1_214' title='bbox 1022 3694 1220 3775; x_wconf 88' lang='lat' dir='ltr'><strong>applicentur.</strong></span> <span class='ocrx_word' id='word_1_215' title='bbox 1234 3699 1296 3760; x_wconf 85' lang='lat' dir='ltr'><strong>Gur</strong></span> <span class='ocrx_word' id='word_1_216' title='bbox 1308 3697 1394 3759; x_wconf 88' lang='lat' dir='ltr'><strong>enim</strong></span> <span class='ocrx_word' id='word_1_217' title='bbox 1408 3707 1485 3762; x_wconf 85' lang='lat' dir='ltr'><strong>sunt</strong></span> 
     </span>
     <span class='ocr_line' id='line_1_31' title="bbox 208 3781 1591 3865; baseline 0 -15"><span class='ocrx_word' id='word_1_218' title='bbox 208 3781 315 3850; x_wconf 74' lang='lat' dir='ltr'><strong>abaci</strong></span> <span class='ocrx_word' id='word_1_219' title='bbox 333 3790 364 3847; x_wconf 89' lang='lat' dir='ltr'><strong>et</strong></span> <span class='ocrx_word' id='word_1_220' title='bbox 383 3785 558 3848; x_wconf 82' lang='lat' dir='ltr'><strong>Sacerdotes</strong></span> <span class='ocrx_word' id='word_1_221' title='bbox 577 3783 611 3846; x_wconf 89' lang='lat' dir='ltr'><strong>in</strong></span> <span class='ocrx_word' id='word_1_222' title='bbox 631 3782 762 3848; x_wconf 84' lang='lat' dir='ltr'><strong>Ecclesia</strong></span> <span class='ocrx_word' id='word_1_223' title='bbox 777 3783 960 3846; x_wconf 78' lang='lat' dir='ltr'><strong>constitutit</strong></span> <span class='ocrx_word' id='word_1_224' title='bbox 976 3787 1016 3847; x_wconf 85' lang='lat' dir='ltr'><strong>Ut</strong></span> <span class='ocrx_word' id='word_1_225' title='bbox 1032 3783 1111 3860; x_wconf 86' lang='lat' dir='ltr'><strong>sint,</strong></span> <span class='ocrx_word' id='word_1_226' title='bbox 1128 3789 1204 3847; x_wconf 87' lang='lat' dir='ltr'><strong>teste</strong></span> <span class='ocrx_word' id='word_1_227' title='bbox 1227 3785 1421 3865; x_wconf 82' lang='lat' dir='ltr'><strong>Evangelica,</strong></span> <span class='ocrx_word' id='word_1_228' title='bbox 1437 3787 1483 3850; x_wconf 88' lang='lat' dir='ltr'><strong>sal</strong></span> <span class='ocrx_word' id='word_1_229' title='bbox 1590 3819 1591 3854; x_wconf 65' lang='lat' dir='ltr'><strong>t</strong></span> 
     </span>
     <span class='ocr_line' id='line_1_32' title="bbox 208 3871 1591 3956; baseline -0.002 -19"><span class='ocrx_word' id='word_1_230' title='bbox 208 3876 299 3937; x_wconf 81' lang='lat' dir='ltr'><strong>terre</strong></span> <span class='ocrx_word' id='word_1_231' title='bbox 311 3876 343 3932; x_wconf 87' lang='lat' dir='ltr'><strong>et</strong></span> <span class='ocrx_word' id='word_1_232' title='bbox 359 3871 413 3934; x_wconf 81' lang='lat' dir='ltr'><strong>lun</strong></span> <span class='ocrx_word' id='word_1_233' title='bbox 426 3872 548 3936; x_wconf 84' lang='lat' dir='ltr'><strong>mundi.</strong></span> <span class='ocrx_word' id='word_1_234' title='bbox 562 3874 654 3936; x_wconf 88' lang='lat' dir='ltr'><strong>Porro</strong></span> <span class='ocrx_word' id='word_1_235' title='bbox 675 3873 749 3936; x_wconf 86' lang='lat' dir='ltr'><strong>tales</strong></span> <span class='ocrx_word' id='word_1_236' title='bbox 767 3889 830 3934; x_wconf 89' lang='lat' dir='ltr'><strong>non</strong></span> <span class='ocrx_word' id='word_1_237' title='bbox 848 3877 976 3952; x_wconf 89' lang='lat' dir='ltr'><strong>possunt</strong></span> <span class='ocrx_word' id='word_1_238' title='bbox 990 3889 1067 3947; x_wconf 88' lang='lat' dir='ltr'><strong>esse,</strong></span> <span class='ocrx_word' id='word_1_239' title='bbox 1084 3871 1147 3936; x_wconf 90' lang='lat' dir='ltr'><strong>nisi</strong></span> <span class='ocrx_word' id='word_1_240' title='bbox 1163 3871 1279 3954; x_wconf 86' lang='lat' dir='ltr'><strong>insigni</strong></span> <span class='ocrx_word' id='word_1_241' title='bbox 1295 3881 1326 3936; x_wconf 87' lang='lat' dir='ltr'><strong>et</strong></span> <span class='ocrx_word' id='word_1_242' title='bbox 1340 3876 1482 3956; x_wconf 73' lang='lat' dir='ltr'><strong>preclara</strong></span> <span class='ocrx_word' id='word_1_243' title='bbox 1590 3887 1591 3934; x_wconf 56' lang='lat'><em>4</em></span> 
     </span>
     <span class='ocr_line' id='line_1_33' title="bbox 209 3958 1591 4040; baseline 0.004 -19"><span class='ocrx_word' id='word_1_244' title='bbox 209 3975 334 4022; x_wconf 83' lang='lat' dir='ltr'><strong>mamm</strong></span> <span class='ocrx_word' id='word_1_245' title='bbox 348 3960 511 4024; x_wconf 86' lang='lat' dir='ltr'><strong>sanctitate</strong></span> <span class='ocrx_word' id='word_1_246' title='bbox 522 3958 730 4040; x_wconf 78' lang='lat' dir='ltr'><strong>prefulgeant.</strong></span> <span class='ocrx_word' id='word_1_247' title='bbox 741 3965 808 4024; x_wconf 88' lang='lat' dir='ltr'><strong>Non</strong></span> <span class='ocrx_word' id='word_1_248' title='bbox 818 3961 920 4023; x_wconf 87' lang='lat' dir='ltr'><strong>solum</strong></span> <span class='ocrx_word' id='word_1_249' title='bbox 929 3959 1196 4040; x_wconf 87' lang='lat' dir='ltr'><strong>adimplendorum</strong></span> <span class='ocrx_word' id='word_1_250' title='bbox 1207 3960 1375 4026; x_wconf 88' lang='lat' dir='ltr'><strong>officiorum</strong></span> <span class='ocrx_word' id='word_1_251' title='bbox 1385 3963 1482 4026; x_wconf 89' lang='lat' dir='ltr'><strong>subli-</strong></span> <span class='ocrx_word' id='word_1_252' title='bbox 1590 3969 1591 3984; x_wconf 65' lang='lat'>¹</span> 
     </span>
     <span class='ocr_line' id='line_1_34' title="bbox 208 4046 1591 4130; baseline 0.004 -22"><span class='ocrx_word' id='word_1_253' title='bbox 208 4046 317 4120; x_wconf 83' lang='lat' dir='ltr'><strong>mites,</strong></span> <span class='ocrx_word' id='word_1_254' title='bbox 334 4053 364 4109; x_wconf 88' lang='lat' dir='ltr'><strong>et</strong></span> <span class='ocrx_word' id='word_1_255' title='bbox 378 4048 568 4122; x_wconf 78' lang='lat' dir='ltr'><strong>excedentia,</strong></span> <span class='ocrx_word' id='word_1_256' title='bbox 585 4048 638 4110; x_wconf 90' lang='lat' dir='ltr'><strong>sed</strong></span> <span class='ocrx_word' id='word_1_257' title='bbox 657 4047 751 4110; x_wconf 88' lang='lat' dir='ltr'><strong>etiam</strong></span> <span class='ocrx_word' id='word_1_258' title='bbox 767 4056 881 4124; x_wconf 81' lang='lat' dir='ltr'><strong>restes,</strong></span> <span class='ocrx_word' id='word_1_259' title='bbox 895 4047 1009 4130; x_wconf 90' lang='lat' dir='ltr'><strong>quibus</strong></span> <span class='ocrx_word' id='word_1_260' title='bbox 1023 4048 1166 4112; x_wconf 87' lang='lat' dir='ltr'><strong>induitur</strong></span> <span class='ocrx_word' id='word_1_261' title='bbox 1184 4050 1332 4126; x_wconf 71' lang='lat' dir='ltr'><strong>clariana,</strong></span> <span class='ocrx_word' id='word_1_262' title='bbox 1347 4053 1482 4116; x_wconf 78' lang='lat' dir='ltr'><strong>clumam</strong></span> <span class='ocrx_word' id='word_1_263' title='bbox 1590 4093 1591 4096; x_wconf 20' lang='grc' dir='ltr'><strong>κ</strong></span> 
     </span>
     <span class='ocr_line' id='line_1_35' title="bbox 207 4135 1591 4234; baseline 0.001 -36"><span class='ocrx_word' id='word_1_264' title='bbox 207 4136 310 4216; x_wconf 54' lang='lat' dir='ltr'><strong>mum</strong></span> <span class='ocrx_word' id='word_1_265' title='bbox 327 4135 523 4200; x_wconf 85' lang='lat' dir='ltr'><strong>sanctitatem</strong></span> <span class='ocrx_word' id='word_1_266' title='bbox 536 4136 671 4218; x_wconf 88' lang='lat' dir='ltr'><strong>profiteri</strong></span> <span class='ocrx_word' id='word_1_267' title='bbox 685 4137 802 4202; x_wconf 86' lang='lat' dir='ltr'><strong>debere.</strong></span> <span class='ocrx_word' id='word_1_268' title='bbox 817 4135 896 4200; x_wconf 88' lang='lat' dir='ltr'><strong>ilinc</strong></span> <span class='ocrx_word' id='word_1_269' title='bbox 907 4137 953 4200; x_wconf 87' lang='lat' dir='ltr'><strong>ait</strong></span> <span class='ocrx_word' id='word_1_270' title='bbox 964 4139 995 4199; x_wconf 87' lang='lat' dir='ltr'><strong>S.</strong></span> <span class='ocrx_word' id='word_1_271' title='bbox 1008 4135 1225 4220; x_wconf 76' lang='lat' dir='ltr'><strong>Hieronymus,</strong></span> <span class='ocrx_word' id='word_1_272' title='bbox 1236 4139 1371 4220; x_wconf 82' lang='lat' dir='ltr'><strong>Epistola</strong></span> <span class='ocrx_word' id='word_1_273' title='bbox 1383 4157 1478 4204; x_wconf 80' lang='lat' dir='ltr'><strong>amu:</strong></span> <span class='ocrx_word' id='word_1_274' title='bbox 1590 4141 1591 4234; x_wconf 41' lang='grc' dir='ltr'>ζ</span> 
     </span>
    </p>
   </div>
   <div class='ocr_carea' id='block_1_20' title="bbox 211 4222 1312 4308">
    <p class='ocr_par' dir='ltr' id='par_1_21' title="bbox 211 4222 1312 4308">
     <span class='ocr_line' id='line_1_36' title="bbox 211 4222 1312 4308; baseline 0.005 -23"><span class='ocrx_word' id='word_1_275' title='bbox 211 4222 333 4286; x_wconf 84' lang='lat' dir='ltr'><strong>Clamat</strong></span> <span class='ocrx_word' id='word_1_276' title='bbox 347 4226 451 4297; x_wconf 85' lang='lat' dir='ltr'><strong>vestis,</strong></span> <span class='ocrx_word' id='word_1_277' title='bbox 467 4226 578 4287; x_wconf 84' lang='lat' dir='ltr'><strong>clamat</strong></span> <span class='ocrx_word' id='word_1_278' title='bbox 589 4235 684 4287; x_wconf 85' lang='lat' dir='ltr'><strong>statas</strong></span> <span class='ocrx_word' id='word_1_279' title='bbox 693 4265 706 4300; x_wconf 55' lang='lat' dir='ltr'><strong><em>f</em></strong></span> <span class='ocrx_word' id='word_1_280' title='bbox 715 4226 827 4287; x_wconf 85' lang='lat' dir='ltr'><strong>clamat</strong></span> <span class='ocrx_word' id='word_1_281' title='bbox 839 4225 990 4308; x_wconf 78' lang='lat' dir='ltr'><strong>professio</strong></span> <span class='ocrx_word' id='word_1_282' title='bbox 1001 4226 1098 4289; x_wconf 85' lang='lat' dir='ltr'><strong>animi</strong></span> <span class='ocrx_word' id='word_1_283' title='bbox 1110 4232 1312 4292; x_wconf 57' lang='lat' dir='ltr'><strong>succinctam.</strong></span> 
     </span>
    </p>
   </div>
   <div class='ocr_carea' id='block_1_21' title="bbox 208 4311 1591 4594">
    <p class='ocr_par' dir='ltr' id='par_1_22' title="bbox 208 4303 1591 4594">
     <span class='ocr_line' id='line_1_37' title="bbox 248 4311 1482 4397; baseline 0 -18"><span class='ocrx_word' id='word_1_284' title='bbox 248 4313 354 4379; x_wconf 60' lang='grc' dir='ltr'><strong>Μαι·</strong></span> <span class='ocrx_word' id='word_1_285' title='bbox 364 4311 539 4393; x_wconf 68' lang='lat' dir='ltr'><strong>Scriptura.</strong></span> <span class='ocrx_word' id='word_1_286' title='bbox 554 4314 603 4378; x_wconf 89' lang='lat' dir='ltr'><strong>Sic</strong></span> <span class='ocrx_word' id='word_1_287' title='bbox 615 4315 655 4377; x_wconf 88' lang='lat' dir='ltr'><strong>ds</strong></span> <span class='ocrx_word' id='word_1_288' title='bbox 666 4314 876 4378; x_wconf 85' lang='lat' dir='ltr'><strong>Sacerdotibus</strong></span> <span class='ocrx_word' id='word_1_289' title='bbox 892 4315 1028 4396; x_wconf 77' lang='lat' dir='ltr'><strong>antiqua</strong></span> <span class='ocrx_word' id='word_1_290' title='bbox 1041 4315 1117 4397; x_wconf 85' lang='lat' dir='ltr'><strong>legis-</strong></span> <span class='ocrx_word' id='word_1_291' title='bbox 1131 4317 1233 4382; x_wconf 86' lang='lat' dir='ltr'><strong>aiebat</strong></span> <span class='ocrx_word' id='word_1_292' title='bbox 1245 4319 1409 4393; x_wconf 63' lang='lat' dir='ltr'><strong>mnus,</strong></span> <span class='ocrx_word' id='word_1_293' title='bbox 1426 4319 1482 4380; x_wconf 84' lang='lat' dir='ltr'><strong>Le·</strong></span> 
     </span>
     <span class='ocr_line' id='line_1_38' title="bbox 209 4401 1591 4488; baseline 0.004 -22"><span class='ocrx_word' id='word_1_294' title='bbox 209 4402 266 4466; x_wconf 79' lang='lat' dir='ltr'><strong>vii.</strong></span> <span class='ocrx_word' id='word_1_295' title='bbox 283 4420 351 4478; x_wconf 77' lang='lat' dir='ltr'><strong>mit,</strong></span> <span class='ocrx_word' id='word_1_296' title='bbox 367 4405 388 4466; x_wconf 84' lang='lat' dir='ltr'><strong>e</strong></span> <span class='ocrx_word' id='word_1_297' title='bbox 403 4420 410 4464; x_wconf 76' lang='grc' dir='ltr'><em>τ</em></span> <span class='ocrx_word' id='word_1_298' title='bbox 428 4401 539 4464; x_wconf 86' lang='lat' dir='ltr'><strong>Sancti</strong></span> <span class='ocrx_word' id='word_1_299' title='bbox 554 4415 643 4466; x_wconf 73' lang='lat' dir='ltr'><strong>anat</strong></span> <span class='ocrx_word' id='word_1_300' title='bbox 662 4403 725 4466; x_wconf 82' lang='lat' dir='ltr'><strong>Deo</strong></span> <span class='ocrx_word' id='word_1_301' title='bbox 741 4423 809 4478; x_wconf 82' lang='lat' dir='ltr'><strong>aaa,</strong></span> <span class='ocrx_word' id='word_1_302' title='bbox 825 4412 855 4464; x_wconf 84' lang='lat' dir='ltr'><strong>et</strong></span> <span class='ocrx_word' id='word_1_303' title='bbox 871 4423 933 4466; x_wconf 84' lang='lat' dir='ltr'><strong>non</strong></span> <span class='ocrx_word' id='word_1_304' title='bbox 950 4404 1093 4486; x_wconf 67' lang='lat' dir='ltr'><strong>potans</strong></span> <span class='ocrx_word' id='word_1_305' title='bbox 1109 4427 1216 4469; x_wconf 81' lang='lat' dir='ltr'><strong>nomen</strong></span> <span class='ocrx_word' id='word_1_306' title='bbox 1230 4409 1294 4488; x_wconf 76' lang='lat' dir='ltr'><strong>ejas</strong></span> <span class='ocrx_word' id='word_1_307' title='bbox 1306 4427 1319 4469; x_wconf 91' lang='lat'><strong>.·</strong></span> <span class='ocrx_word' id='word_1_308' title='bbox 1333 4410 1483 4470; x_wconf 71' lang='lat' dir='ltr'><strong>incessam</strong></span> <span class='ocrx_word' id='word_1_309' title='bbox 1590 4447 1591 4486; x_wconf 84' lang='lat'>3</span> 
     </span>
     <span class='ocr_line' id='line_1_39' title="bbox 208 4491 1591 4594; baseline 0.002 -41"><span class='ocrx_word' id='word_1_310' title='bbox 208 4492 288 4553; x_wconf 87' lang='lat' dir='ltr'><strong>enim</strong></span> <span class='ocrx_word' id='word_1_311' title='bbox 302 4491 425 4554; x_wconf 83' lang='lat' dir='ltr'><strong>Domini</strong></span> <span class='ocrx_word' id='word_1_312' title='bbox 439 4500 469 4552; x_wconf 87' lang='lat' dir='ltr'><strong>et</strong></span> <span class='ocrx_word' id='word_1_313' title='bbox 479 4511 572 4572; x_wconf 86' lang='lat' dir='ltr'><strong>panes</strong></span> <span class='ocrx_word' id='word_1_314' title='bbox 587 4491 645 4553; x_wconf 82' lang='lat' dir='ltr'><strong>Dei</strong></span> <span class='ocrx_word' id='word_1_315' title='bbox 655 4495 702 4552; x_wconf 83' lang='lat' dir='ltr'><strong>sut</strong></span> <span class='ocrx_word' id='word_1_316' title='bbox 718 4492 860 4572; x_wconf 79' lang='lat' dir='ltr'><strong>offerunt,</strong></span> <span class='ocrx_word' id='word_1_317' title='bbox 874 4503 903 4554; x_wconf 84' lang='lat' dir='ltr'><strong>et</strong></span> <span class='ocrx_word' id='word_1_318' title='bbox 917 4491 985 4556; x_wconf 87' lang='lat' dir='ltr'><strong>ideo</strong></span> <span class='ocrx_word' id='word_1_319' title='bbox 1000 4499 1098 4557; x_wconf 83' lang='lat' dir='ltr'><strong>sancti</strong></span> <span class='ocrx_word' id='word_1_320' title='bbox 1110 4507 1210 4558; x_wconf 78' lang='lat' dir='ltr'><strong>erant.</strong></span> <span class='ocrx_word' id='word_1_321' title='bbox 1227 4498 1304 4558; x_wconf 79' lang='lat' dir='ltr'><strong>tarn</strong></span> <span class='ocrx_word' id='word_1_322' title='bbox 1318 4495 1400 4576; x_wconf 83' lang='lat' dir='ltr'><strong>apud</strong></span> <span class='ocrx_word' id='word_1_323' title='bbox 1416 4495 1478 4558; x_wconf 79' lang='lat' dir='ltr'><strong>Iac.</strong></span> <span class='ocrx_word' id='word_1_324' title='bbox 1590 4533 1591 4594; x_wconf 86' lang='lat'><em>]</em></span> 
     </span>
    </p>
   </div>
   <div class='ocr_carea' id='block_1_22' title="bbox 0 0 1605 5034">
    <p class='ocr_par' dir='ltr' id='par_1_23' title="bbox 0 0 1605 5034">
     <span class='ocr_line' id='line_1_40' title="bbox 0 0 1605 5034; baseline 0 0"><span class='ocrx_word' id='word_1_325' title='bbox 0 0 1605 5034; x_wconf 95' lang='lat' dir='ltr'><strong> </strong></span> 
     </span>
    </p>
   </div>
  </div>
 </body>
</html>
