3224 5044
747 149 958 206 ‘sauciares

727 337 941 400 ARTICULUS
961 335 987 396 Π

493 495 531 540 DE
553 491 751 537 osttcsrlon'n
773 491 809 535 ET
830 489 1007 535 Ennomus
1029 487 1213 534 snottsmffl

334 630 560 711 Principia.

254 781 323 842 726.
339 809 381 823 —
394 779 418 837 l.
435 773 591 858 Sponsalia
605 771 780 853 exjustitia
800 769 937 850 obligant
947 769 1007 832 sub
1025 769 1111 849 gravi
1130 771 1169 832 acl
1186 771 1424 834 Matrimonicun
1440 775 1495 836 in-

213 865 348 930 eundum
362 872 498 945 tempore
516 859 733 934 determinato,
748 859 775 921 si
794 859 874 940 quod
894 857 1135 922 determinatum
1148 855 1208 934 .sit,·
1228 857 1255 920 si
1274 877 1345 922 vcro
1364 861 1492 925 nullum

211 963 334 1036 tempus
349 953 441 1016 luerit
454 949 631 1033 praefixum,
643 947 875 1030 quamprimum
888 966 951 1010 una
963 965 1034 1027 pars
1046 946 1269 1010 rationabiliter
1280 947 1384 1028 exigit.
1397 951 1494 1015 Ratio

211 1050 271 1118 est,
288 1042 376 1124 quia,
393 1041 447 1103 ubi
463 1059 534 1102 vera
553 1044 626 1101 sunt
643 1037 809 1119 sponsalia,
825 1035 912 1098 adest
931 1054 1022 1099 verus
1040 1041 1212 1098 contractus
1231 1031 1266 1098 in
1284 1054 1317 1098 re
1336 1039 1440 1117 gravi,
1458 1049 1493 1101 et.

209 1131 282 1194 inde
294 1130 398 1211 gravis
412 1128 556 1210 obligatio
571 1127 721 1208 sequitur.
736 1162 776 1170 -—
788 1125 824 1186 S.
838 1125 908 1206 Lip.
926 1145 956 1186 n.
970 1125 1041 1187 8t5.

249 1221 287 1281 lI.
310 1216 466 1299 Sponsalia
478 1217 632 1279 inducunt
641 1213 903 1294 impedimentum
914 1213 1081 1295 impediens
1090 1211 1339 1288 Matrimonium,
1352 1233 1408 1277 seu
1419 1235 1489 1296 pro-

208 1308 334 1380 hibens,
354 1326 393 1369 ne
412 1305 645 1370 Matrimonium
668 1303 748 1364 licite
768 1320 839 1364 cum
855 1301 915 1364 alia
930 1319 1059 1383 persona
1079 1301 1286 1376 contrahatur,
1304 1302 1367 1364 nisi
1384 1305 1488 1385 priora

209 1395 360 1476 sponsalia
371 1393 487 1456 fuerint
500 1391 635 1472 legitime
648 1390 806 1454 dissoluta.
820 1390 909 1454 Ratio
925 1397 985 1464 ast,
1000 1389 1074 1471 quia
1088 1409 1125 1452 cx
1139 1388 1228 1452 (lictis
1243 1391 1396 1472 sponsalia
1408 1393 1485 1456 obli-

207 1484 361 1564 gationsm
372 1481 504 1563 justitiae
518 1480 654 1562 pariunt.
668 1515 709 1526 -
730 1479 803 1541 Vide
818 1477 945 1540 dicenda
959 1479 1060 1560 infra,
1076 1499 1108 1540 o.
1120 1480 1191 1542 mo.

246 1575 297 1633 Ill.
321 1569 477 1651 Sponsalia
493 1571 646 1632 inducunt
664 1570 757 1631 etiam
771 1567 1047 1648 impedimentum,
1065 1567 1146 1647 quod
1160 1567 1194 1629 in
1207 1571 1274 1648 jure
1288 1577 1415 1632 vocatur
1427 1593 1482 1653 pa-

207 1661 292 1723 blieoe
306 1661 485 1734 honestatis,
499 1677 560 1740 quo
575 1659 686 1720 scilicet
701 1674 881 1738 sponsorum
893 1657 970 1718 alter
984 1655 1130 1718 inhabilis
1143 1655 1176 1718 fit
1188 1658 1226 1719 ad
1238 1659 1478 1722 contrabendrun

204 1749 441 1814 Matrimonium
456 1767 527 1810 cunr
542 1747 775 1827 consanguineis
790 1745 916 1808 alterius
930 1746 963 1807 in
979 1745 1078 1825 primo
1092 1745 1199 1823 gradu.
1214 1782 1253 1790 -
1270 1745 1347 1809 Vide
1359 1747 1478 1810 dicenda

206 1839 305 1920 infra,
323 1860 355 1901 u.
370 1843 441 1902 stc.

328 1991 528 2069 Quaeslta.

244 2141 314 2200 ιιι.
332 2170 373 2184 -—
386 2141 490 2212 Quae.
507 2143 539 2198 ιθ
556 2136 595 2198 Si
611 2138 679 2217 qais
692 2157 762 2196 oum
780 2136 895 2196 dnobus
910 2137 1044 2215 feminis
1061 2135 1213 2216 sponsalia
1230 2141 1427 2214 emenderis,
1447 2149 1477 2198 et

203 2247 269 2287 eum
281 2226 416 2288 secundo
428 2229 610 2306 peccauerit,
624 2245 784 2306 menam
798 2226 907 2285 ducere
921 2224 1046 2286 debeat?

242 2315 335 2396 Recp.
350 2322 383 2376 ιο
398 2334 405 2375 :
425 2314 515 2376 Ceno
527 2313 760 2376 Mauimoaimn
771 2321 819 2374 est
830 2313 1074 2376 contrahendum
1087 2331 1159 2377 cam
1172 2312 1288 2394 minu,
1302 2314 1332 2375 si
1342 2313 1422 2377 dum
1430 2333 1477 2378 sa·

202 2403 302 2464 cunda
321 2403 517 2464 contrahebat
535 2401 673 2480 priorum
693 2401 880 2480 sponsalium
899 2409 964 2463 erat
982 2403 1110 2466 conscia.
1127 2402 1215 2466 Ratio
1231 2409 1293 2476 sst,
1309 2403 1385 2484 quia
1402 2411 1477 2466 tna

202 2491 333 2550 secunda
349 2491 470 2568 decepta
485 2508 546 2550 non
561 2487 636 2562 luit,
650 2489 703 2550 sed
719 2488 816 2568 decipi
830 2489 937 2551 voluit.

241 2577 333 2658 Hesp.
344 2579 392 2638 2⁰:
402 2577 597 2638 procacitas
610 2576 703 2638 etism
716 2593 789 2639 urm
802 2577 903 2657 prima
917 2580 1150 2644 Matrimonium
1158 2584 1208 2642 est
1216 2579 1458 2644 contrabendum
1468 2633 1477 2656 ,
1599 2585 1600 2588 ’

200 2667 270 2728 licet
288 2666 421 2728 secunda
435 2684 497 2728 non
516 2665 610 2728 fuerit
629 2667 747 2728 consus
762 2665 976 2747 promissionis
992 2669 1081 2730 alteri
1095 2667 1193 2731 factm.
1210 2666 1297 2732 aaut
1315 2674 1377 2740 est,
1397 2670 1475 2748 qasia

199 2755 363 2834 promisso
377 2753 456 2817 lacta
472 2756 611 2817 munda
628 2760 674 2818 est
690 2757 921 2836 sempernulla,
938 2765 1043 2837 utpote
1060 2759 1097 2819 (lc
1109 2775 1143 2819 re
1158 2756 1275 2828 illicita,
1289 2771 1347 2817 ncc
1359 2757 1476 2838 injuria

200 2843 288 2906 alteri
302 2845 388 2906 illata
397 2848 450 2926 jus
463 2844 560 2926 priori
570 2844 697 2922 adimit;
713 2852 743 2906 et
756 2845 813 2906 hoc
824 2845 905 2908 valet
920 2846 1044 2908 etiamsi
1062 2846 1193 2908 aecnnda
1205 2843 1369 2926 promissio
1381 2845 1477 2908 buerit

195 2934 372 3012 juramento
385 2934 518 2996 firmata.
531 2963 574 2980 -
587 2933 622 2994 S.
638 2933 706 3015 Ltp.
722 2955 755 2994 n.
768 2939 839 2998 8-t8.

239 3022 340 3095 Qum.
354 3025 390 3083 ιο
402 3025 453 3083 An
467 3033 539 3083 aene
549 3027 642 3105 peior
654 3043 764 3104 micam
778 3023 996 3086 cederedetede
1010 3024 1048 3085 de
1057 3025 1133 3104 jace
1145 3041 1212 3098 suo,
1228 3023 1366 3086 dudem
1376 3024 1474 3086 eade-

197 3109 357 3189 ltorotione
370 3131 463 3192 praue
478 3113 621 3174 domnum
634 3131 764 3193 passuro
776 3111 837 3171 sit?

238 3199 327 3281 llesp.
344 3199 423 3282 Nep.
437 3201 653 3262 Probcbr'ta'ter.
668 3201 757 3265 Ratio
769 3205 828 3274 est,
841 3201 916 3280 quia
930 3201 1063 3263 monada
1074 3217 1185 3281 mensa
1194 3200 1401 3263 imbecillitati
1412 3219 1476 3263 ma
1597 3203 1598 3216 ¹

196 3288 376 3368 hujusmodi
392 3291 542 3350 damnum
556 3289 711 3369 imputare
724 3290 823 3351 debet.
832 3323 874 3334 -—
886 3289 921 3351 S.
932 3287 1016 3370 Lip,
1033 3290 1107 3351 ibid.
1119 3325 1159 3335 —-
1173 3289 1271 3352 Pn'cri
1286 3297 1390 3351 tannen
1400 3304 1477 3352 sua-

197 3377 333 3439 dendamr
349 3378 440 3450 foret,
455 3385 491 3438 ut
499 3377 564 3458 juri
577 3396 631 3439 suo
645 3386 751 3458 sponte
762 3378 938 3454 renrintiet,
953 3379 1014 3439 nisi
1027 3377 1102 3440 torte
1113 3385 1148 3440 et
1159 3378 1228 3458 ipsa
1243 3377 1473 3440 amabilem-

196 3483 275 3528 num
289 3465 360 3527 inde
374 3465 524 3528 incurrat.
539 3501 579 3512 -
593 3465 627 3527 S.
643 3468 724 3547 Lip,
742 3467 816 3527 idid.

236 3557 307 3616 las.
318 3585 355 3600 -—
366 3558 473 3630 Quina.
490 3560 522 3618 3ο
538 3555 586 3614 Aa
600 3556 689 3616 licita
703 3559 766 3615 sint
779 3557 881 3618 orrboe
896 3558 926 3616 ia
942 3556 1151 3637 sponsalibus?

234 3643 327 3724 Hesp.
348 3643 473 3724 Aspim.
494 3644 583 3708 Ratio
599 3650 661 3718 cst,
680 3644 754 3724 quia
771 3663 826 3707 nec
844 3647 917 3706 tum
933 3645 1077 3707 ccnmico
1095 3643 1315 3725 prohibentur,
1333 3659 1391 3705 nso
1406 3643 1476 3724 turi·

193 3731 329 3793 naturali
343 3733 556 3796 adversantur.
571 3763 611 3778 «-
626 3733 661 3795 S.
674 3733 743 3814 Lip.
758 3753 789 3794 n.
802 3735 871 3796 ιιι.

234 3821 336 3894 Quas.
354 3826 387 3883 t·
405 3821 453 3880 Aa
470 3839 576 3901 sporus
595 3821 722 3883 reddere
735 3821 841 3883 &beot
858 3839 986 3882 munero
1004 3843 1024 3884 c
1038 3841 1146 3904 sponso
1161 3833 1300 3906 eccepto,
1316 3823 1344 3882 si
1359 3819 1474 3882 Matr-i-

193 3912 327 3969 monium
343 3930 404 3970 non
419 3909 635 3990 subsequatur?

233 3997 323 4077 Ilesp.
336 4004 368 4059 ιο
379 4000 472 4082 Nep„
487 3998 513 4061 si
525 4015 564 4061 ex
577 3999 665 4078 culpa
680 3999 783 4079 sponsi
798 3999 951 4079 sponsalia
959 3999 1189 4063 dissolvamur:
1204 4000 1278 4081 quia
1288 3999 1356 4072 itte,
1368 3999 1470 4077 subts-

192 4082 296 4145 biliter
316 4087 477 4150 resiliendo
494 4107 512 4149 a
530 4087 745 4168 promissione,
758 4091 913 4167 jacturam
932 4088 1045 4149 borum
1060 4106 1230 4151 munuum
1244 4088 1346 4150 sacam
1358 4084 1473 4148 merito
1594 4165 1595 4176 ἵ

192 4177 344 4236 censetur.
361 4175 410 4235 Sic
421 4177 528 4255 praxis
542 4175 726 4238 communis.

232 4261 322 4343 Ilesp.
338 4265 372 4324 2⁰
386 4265 527 4343 affirm„
542 4285 598 4346 per
610 4283 641 4326 se
656 4265 820 4346 loquendo,
833 4265 862 4327 si
874 4267 992 4346 meque
1001 4267 1094 4346 culpa
1106 4266 1210 4346 spond
1220 4273 1272 4340 ,ut
1290 4263 1468 4344 afenicn‘,

192 4349 218 4411 si
234 4367 272 4410 ex
287 4351 376 4431 culpa
392 4369 523 4431 sponsa,
538 4353 693 4432 sponsalia
706 4355 879 4431 salvanum
896 4369 1006 4434 sponsa
1025 4355 1108 4416 annu
1130 4356 1246 4434 absque
1264 4351 1471 4435 injusu't'naa
1593 4427 1594 4450 Χ

190 4437 322 4501 retinere
335 4457 396 4503 non
412 4446 526 4521 potest,
546 4461 616 4504 cum
632 4449 755 4505 tantum
771 4442 889 4506 intuitu
907 4442 1095 4508 Matrimonii
1113 4444 1219 4507 collata
1239 4441 1364 4506 luerint.
1380 4440 1469 4504 tidem
