3206 5042
631 619 940 702 rulcrlrus

509 833 611 944 DE
659 833 1061 948 CENSURIS

683 1075 889 1092 Μ

313 1257 454 1317 Censura
469 1253 638 1334 spectandae
653 1259 726 1316 sunt
741 1259 810 1314 tum
825 1254 858 1316 in
873 1271 995 1334 genere,
1013 1258 1081 1317 tum
1096 1255 1130 1318 in
1145 1256 1253 1338 specie.

666 1429 841 1506 CAPUT
873 1431 889 1504 1

511 1611 561 1659 DE
588 1609 788 1661 CENSURIS
814 1610 856 1660 IN
882 1610 1047 1661 GENERE

177 1781 341 1864 Apendom
357 1787 388 1842 l0
409 1781 446 1841 de
464 1785 576 1842 natura
595 1784 624 1841 et
642 1780 793 1842 divisione
812 1797 1025 1854 censurarum
1043 1816 1082 1825 —
1096 1784 1131 1842 2⁰
1151 1781 1187 1842 de
1201 1779 1350 1860 principio
1365 1801 1417 1844 seu

134 1877 264 1934 auctore
278 1885 493 1942 censurarum;
510 1901 549 1912 -
565 1872 597 1930 3⁰
613 1867 649 1928 de
664 1868 797 1948 subjecto
812 1885 1027 1944 censuramm;
1045 1903 1084 1912 -
1098 1872 1129 1930 4⁰
1144 1869 1181 1930 de
1197 1867 1418 1930 absolutiones

134 1957 290 2022 censuris.

650 2087 865 2152 ARTICULUS
891 2089 904 2148 l

325 2237 363 2280 nn
384 2233 524 2290 serunt,
547 2233 701 2278 mvrsroun
720 2233 758 2277 nr
780 2233 1009 2278 coumrromnus
1031 2233 1229 2279 crusomuuu

531 2395 619 2461 1.-
637 2396 684 2462 De
702 2402 835 2462 notare
853 2413 1019 2462 censurae.

173 2571 248 2632 932.
264 2570 453 2630 —Censura
472 2566 514 2627 sic
533 2565 739 2628 communiter
758 2564 879 2628 definiri
900 2565 998 2628 solet:
1016 2567 1072 2627 Est
1085 2583 1176 2646 prena
1195 2565 1366 2646 spiritualis
1383 2573 1415 2628 et

129 2656 342 2728 medicinalis,
360 2675 421 2737 qua
434 2655 526 2718 homo
544 2654 717 2735 baptizatus
737 2654 918 2733 delinquens
933 2659 964 2714 et
978 2658 1144 2716 contumax
1164 2673 1216 2733 per
1235 2659 1414 2736 potestatem

130 2745 369 2808 ecclesiasticam
384 2743 588 2822 quorumdam
602 2743 755 2803 honorum
768 2741 980 2820 spiritualium
995 2759 1056 2803 usu
1070 2741 1221 2819 privatur.

174 2830 295 2893 Dicitur
310 2835 342 2888 1⁰
353 2848 461 2908 prena,
479 2828 552 2906 quia
570 2829 690 2906 culpam
710 2827 869 2905 supponit;
885 2831 919 2887 2⁰
939 2828 1124 2904 spiritualis,
1141 2833 1210 2888 tum
1226 2828 1300 2906 quia
1318 2829 1415 2892 fertur

132 2921 314 3000 apotestate
332 2914 484 2994 spirituali
506 2915 544 2974 ad
565 2914 756 2994 spiritualem
777 2912 1024 2976 Christianorum
1044 2915 1230 2990 utilitatem,
1252 2921 1322 2978 tum
1341 2917 1415 2996 (pria

133 3009 217 3072 hona
232 3003 405 3085 spiritualia
419 3002 565 3082 primario
586 3006 616 3062 et
637 3001 814 3063 immediate
829 3001 942 3074 aufert,
959 3004 1139 3084 temporalia
1153 3004 1331 3068 secundario
1346 3011 1413 3066 tan-

132 3105 205 3160 tum
229 3100 259 3156 et
282 3092 428 3166 mediato;
446 3097 477 3155 3⁰
501 3089 705 3168 uredicinalis,
724 3090 799 3170 quia
816 3091 997 3170 regulariter
1015 3092 1114 3156 fertur
1135 3112 1169 3155 ac
1187 3093 1260 3156 ferri
1278 3093 1367 3156 debet
1379 3111 1414 3156 eo

132 3185 210 3258 fine,
232 3190 268 3245 ut
288 3181 393 3244 anime
417 3181 455 3243 ad
480 3179 635 3241 meliorem
658 3179 777 3260 frugem
803 3198 866 3242 sese
888 3179 1028 3259 recipiat;
1052 3199 1106 3261 per
1129 3183 1267 3244 accidens
1290 3188 1411 3257 tamen,

132 3272 257 3354 quando
274 3271 306 3334 id
325 3269 461 3350 expedit,
482 3267 580 3329 fertur
595 3267 689 3328 etiam
703 3267 737 3328 in
753 3287 825 3330 emu
840 3269 876 3330 de
896 3270 984 3348 cujus
999 3269 1194 3332 conversione
1213 3271 1410 3349 desperatur:

131 3361 278 3442 quamuis
299 3359 382 3422 enim
406 3355 558 3419 medicina
578 3355 632 3430 sit,
648 3374 740 3436 perna
762 3357 856 3420 etiam
876 3365 939 3431 est,
957 3358 1091 3438 adeoque
1111 3363 1248 3420 cessante
1266 3357 1412 3438 primario

132 3449 328 3512 correctionis
343 3448 417 3522 fine,
432 3445 531 3508 adhuc
550 3445 732 3507 obtinentur
752 3446 923 3507 secundarii
942 3445 1033 3520 fines,
1051 3463 1160 3526 nempe
1179 3451 1214 3509 ut
1235 3465 1307 3508 reus
1322 3445 1412 3508 oesti-

131 3543 232 3616 getur,
249 3544 280 3597 et
294 3535 409 3598 caeteris
425 3543 521 3598 terror
539 3534 724 3609 incutiatur;
741 3537 775 3597 4⁰
788 3535 876 3596 domo
894 3534 1083 3615 baptizetur,
1100 3534 1175 3613 quia
1191 3534 1246 3615 qui
1265 3533 1412 3614 baptizati

131 3641 193 3686 non
210 3631 299 3700 sunt,
314 3625 451 3688 Ecclesia
465 3623 611 3705 potestati
631 3642 694 3686 non
715 3623 906 3698 subduntur;
930 3629 1062 3704 potestas
1081 3627 1185 3686 autem
1207 3627 1364 3686 exercetur
1377 3622 1412 3684 in

130 3711 286 3789 subditos;
301 3719 336 3778 5⁰
350 3713 530 3795 delinquens
547 3719 578 3776 et
593 3723 771 3790 contumax,
788 3712 863 3793 quia
878 3731 966 3791 penna
981 3711 1106 3776 nonnisi
1122 3711 1314 3793 delinquenti
1328 3710 1411 3774 inlli-

129 3800 224 3880 gitur,
243 3802 394 3865 medicina
407 3821 479 3866 vero
493 3802 607 3884 porrigi
626 3820 688 3866 non
704 3801 808 3874 debet,
825 3800 887 3864 nisi
906 3801 946 3864 iis
959 3820 1093 3882 quorum
1107 3800 1302 3866 contumacia
1321 3804 1409 3862 tanto

129 3889 268 3968 indigeat
294 3892 440 3966 remedio;
468 3897 501 3954 6⁰
527 3911 581 3953 rou
612 3893 812 3972 quommdom
837 3889 982 3951 horrorum
1008 3889 1224 3972 spiritualium
1245 3889 1407 3972 privator,

130 3996 241 4059 nempe
255 3979 406 4044 bonorum
425 3999 495 4061 qun
509 3981 644 4042 srrbsunt
662 3979 804 4058 potestati
826 3979 981 4056 Ecclesia,
998 3986 1034 4042 ut
1052 3984 1126 4044 sunt
1141 3997 1242 4060 preces
1263 3977 1406 4060 publica,

127 4071 339 4143 Sacramenta,
355 4073 410 4132 ete.

171 4155 249 4218 Hinc
263 4175 391 4220 censura
404 4157 508 4220 differt
522 4163 553 4220 l⁰
567 4176 585 4220 o
601 4157 792 4238 depositione
806 4168 836 4220 et
848 4158 1082 4240 depredatione,
1097 4177 1168 4240 qua
1186 4177 1248 4222 non
1263 4162 1335 4222 sunt
1349 4177 1408 4220 ure-

127 4244 291 4322 «aecanos,
309 4264 364 4308 nec
378 4246 421 4306 ad
434 4254 565 4326 tempus,
581 4245 680 4310 sedin
695 4263 818 4326 poenam
831 4253 954 4310 tantum
966 4253 997 4309 et
1009 4251 1175 4328 perpetuae;
1191 4253 1223 4312 2⁰
1235 4249 1274 4310 ob
1290 4250 1408 4328 irrepo-

129 4332 267 4408 loritate,
286 4353 354 4414 quae
379 4335 417 4396 ob
439 4335 537 4396 solum
557 4350 680 4416 quoque
702 4335 852 4398 defectum
873 4335 971 4398 animi
994 4336 1041 4400 vel
1061 4337 1193 4418 corporis
1212 4337 1327 4416 absque
1345 4337 1408 4400 ulle

126 4423 215 4503 culpa
226 4421 369 4486 contrahi
389 4429 504 4504 potest,
520 4431 552 4486 et
568 4423 694 4504 proinde
712 4443 766 4504 per
783 4444 815 4488 se
833 4443 897 4488 non
915 4431 962 4487 est
981 4443 1086 4506 prena,
1102 4427 1156 4488 sed
1170 4430 1294 4490 tantum
1308 4425 1405 4506 impo-

125 4510 300 4576 dimentnm
323 4513 521 4589 canonicum,
537 4513 608 4578 licet
627 4513 666 4578 ob
686 4515 827 4595 quadam
845 4514 976 4578 crimina
995 4514 1149 4580 indictum
1169 4533 1267 4596 poenae
1282 4533 1403 4598 quoque

125 4601 276 4667 rationem
289 4603 401 4668 habere
416 4603 523 4684 possit.
