3198 5034
169 198 213 258 60
702 213 908 258 rnncraros

168 327 289 404 tempus
311 320 370 403 piis
389 315 547 386 desideriis
565 323 700 387 filiorum
715 325 878 406 juniorum
898 324 937 387 ad
958 321 1165 386 mustantiam
1183 341 1290 386 eoram
1311 325 1440 405 proban-

169 413 256 486 dam,
273 412 320 474 sel
334 411 371 474 ob
386 410 479 476 aliam
489 415 609 494 justam
622 432 758 476 oausam.
777 415 923 475 Attamen
937 412 994 474 hac
1010 411 1044 473 in
1057 429 1090 472 rc
1106 412 1145 474 ad
1161 410 1302 474 vitandas
1315 413 1441 476 halluci-

170 500 310 562 nationes
324 499 459 563 consiliis
473 501 656 564 confessarii
669 507 725 564 aut
738 502 797 565 viri
811 500 900 583 probi
914 519 947 563 ac
961 499 1042 563 docti
1057 507 1138 562 stare
1152 499 1274 564 debent.

210 591 312 664 Onna.
333 593 367 652 4⁰
385 589 436 651 An
458 601 582 672 peccent
604 590 669 673 filii
688 591 874 672 Religionem
902 588 1103 672 ingredientes
1129 589 1234 651 inuitis
1258 599 1314 651 aut
1338 594 1442 653 insciis

166 676 365 759 parentibus?

209 765 297 848 Hesp.
316 767 393 848 Nep.
405 787 465 850 pec
483 787 513 830 se
532 769 693 851 loquendo,
714 769 783 831 licet
805 768 840 831 in
853 767 941 849 praxi
958 768 1015 830 boo
1032 766 1184 830 ordinarie
1205 785 1267 832 non
1285 769 1439 848 expediat,

169 854 232 916 nisi
250 854 401 936 injustam
418 857 612 920 vexationem
630 864 686 921 ant
703 857 961 938 impedimentum
981 855 1091 918 merito
1110 856 1251 919 timeant.
1271 857 1359 922 Ratio
1377 864 1441 932 est,

171 943 259 1023 quia,
275 942 337 1006 nisi
351 951 490 1025 parentes
503 949 589 1028 justa
602 949 639 1010 de
657 965 747 1010 causa
764 946 930 1022 obsistant,
948 944 1004 1007 filii
1024 945 1150 1008 omnino
1168 944 1257 1008 liberi
1276 950 1350 1009 sunt
1362 947 1442 1009 circa

171 1035 269 1094 status
284 1031 355 1096 vita
369 1035 554 1098 electionem.
570 1069 611 1082 -
624 1035 732 1098 Recole
747 1035 828 1097 dicta
843 1033 878 1096 de
893 1043 1002 1116 quarto
1018 1053 1123 1115 praec,
1142 1043 1164 1094 t.
1178 1036 1206 1108 1,
1220 1054 1252 1095 n.
1268 1036 1339 1098 369.

211 1124 281 1184 lte.
298 1158 337 1167 —
351 1125 452 1198 Quina.
469 1127 501 1188 5⁰
518 1123 661 1200 Quanam
674 1128 735 1187 rint
748 1125 837 1206 eipno
852 1121 1018 1186 vocationis
1035 1121 1209 1204 religiosae?

210 1210 301 1292 Hesp.
313 1229 326 1272 .·
340 1210 515 1274 Generatim
532 1212 691 1295 loquendo,
703 1232 757 1276 seu
764 1217 856 1295 juxta
867 1211 1092 1293 providentiam
1104 1211 1306 1288 ordinariam,
1320 1214 1381 1276 duo
1396 1232 1443 1276 re-

171 1297 341 1379 quiruntur
354 1305 386 1360 et
403 1299 560 1364 sufficiunt
574 1303 613 1365 ad
630 1302 819 1365 vocationem
836 1300 975 1364 divinam
988 1299 1192 1380 probandam,
1210 1300 1323 1364 scilicet
1341 1301 1443 1365 debita

172 1386 309 1467 aptitudo
323 1393 354 1448 et
369 1389 538 1454 voluntatis
552 1391 721 1471 propensio.

212 1477 245 1536 1ο
263 1474 410 1558 Aptitadc
428 1477 610 1558 intelligitur
626 1479 775 1543 idoneitas
793 1480 832 1542 ad
851 1482 969 1542 statum
990 1477 1167 1559 religiosum
1187 1482 1220 1540 in
1237 1498 1344 1562 aeneae
1362 1486 1393 1542 et
1408 1480 1444 1543 in

172 1562 346 1643 particulari
358 1566 398 1628 ad
409 1567 720 1630 observantiamcalis
730 1568 853 1632 Ordinis
865 1569 1030 1649 propriam.
1043 1566 1189 1630 Consistit
1198 1575 1303 1632 autem
1314 1567 1349 1630 in
1360 1575 1441 1631 recto

171 1651 342 1732 prasertim
351 1653 482 1736 judicio,
499 1655 533 1717 in
549 1656 650 1720 indole
664 1658 758 1731 bona,
775 1656 809 1720 in
826 1656 930 1720 animo
945 1655 1098 1720 submisso
1113 1654 1293 1720 obedientia
1305 1659 1394 1737 jugo,
1407 1656 1444 1718 in

172 1739 300 1803 scientia
313 1743 438 1806 relative
455 1743 632 1820 sufficienti,
649 1752 680 1808 et
695 1745 729 1808 in
744 1745 879 1809 carentia
897 1744 1070 1808 defectuum
1087 1744 1218 1825 corporis
1232 1752 1263 1807 et
1277 1745 1374 1808 animi
1388 1743 1444 1826 qui

173 1829 285 1892 rationi
304 1830 398 1913 hujus
413 1832 485 1897 vitae
498 1839 680 1915 repugnant.

213 1923 246 1982 2⁰
267 1917 431 1984 inclinatio
446 1934 584 1984 constane
599 1929 629 1986 et
642 1933 742 1994 recta,
761 1943 828 2006 qua
845 1924 971 2004 proinde
986 1924 1103 1986 nonsit
1120 1922 1329 2004 frequentibus
1343 1925 1445 1986 muta-

173 2007 312 2071 tionibus
326 2009 471 2086 obnoxia,
490 2031 552 2074 non
566 2012 708 2076 obstante
721 2013 858 2094 alioquin
872 2013 1018 2094 quapiam
1031 2011 1185 2094 preterita
1197 2010 1444 2092 tergiversatione

173 2113 211 2157 ex
224 2096 372 2161 damonia
386 2099 610 2163 tentationibus
627 2108 732 2164 exorta
747 2100 794 2162 vel
811 2119 848 2163 ex
865 2102 999 2182 quadam
1013 2105 1131 2164 naturae
1149 2099 1363 2182 repugnantia.
1377 2104 1446 2164 Non

173 2191 279 2248 nmen
302 2187 481 2269 requiritur,
503 2193 540 2250 ut
562 2188 721 2252 inclinatio
739 2208 777 2252 ex
795 2189 1018 2270 spontaneitate
1037 2209 1091 2252 seu
1111 2189 1308 2270 propensione
1329 2189 1443 2269 magia,

174 2291 268 2356 quam
281 2289 319 2336 ex
330 2274 444 2337 intima
457 2275 556 2338 animi
570 2277 764 2357 persuasione
777 2279 929 2359 procedat.
944 2281 1034 2341 Porro
1048 2275 1207 2340 inclinatio
1221 2277 1273 2340 illa
1287 2287 1368 2339 meta
1381 2295 1445 2340 esse

174 2361 277 2438 debet,
291 2364 448 2443 procedere
463 2364 576 2428 scilicet
587 2384 625 2428 ex
638 2365 810 2429 intentione
822 2385 914 2446 pura,
928 2386 966 2430 ex
977 2385 1061 2430 mero
1071 2365 1220 2430 desiderio
1232 2366 1364 2429 salutem
1375 2365 1446 2429 faci-

174 2449 235 2512 lius
247 2452 464 2533 consequendi,
479 2457 625 2536 majorem
638 2454 691 2517 Dei
703 2455 831 2536 gloriam
843 2456 890 2518 vel
903 2454 998 2518 etiam
1010 2456 1186 2518 animarum
1197 2455 1328 2518 salutem
1339 2473 1448 2536 procu-

173 2538 278 2614 randi,
295 2545 350 2602 etc.

214 2627 283 2690 Dixi
297 2635 464 2710 generatim
480 2632 627 2714 loquendo
645 2653 698 2696 seu
713 2634 747 2696 in
763 2633 955 2715 providentia
973 2633 1142 2710 ordinaria;
1159 2633 1233 2714 quia
1251 2635 1364 2698 adsunt
1380 2631 1444 2694 evi·

174 2716 312 2780 dentiora
322 2717 485 2782 vocationis
500 2721 601 2802 signa,
616 2741 724 2803 nempe
736 2727 768 2785 1ο
780 2721 887 2786 diviua
897 2722 1056 2796 revelatio,
1069 2729 1105 2784 ut
1119 2729 1243 2786 vocatus
1254 2728 1300 2785 est
1313 2722 1351 2785 S.
1361 2720 1444 2783 Paa-

176 2808 231 2888 lns,
243 2808 422 2873 Salonius
433 2811 586 2895 Gcnznpa,
599 2815 635 2878 S.
643 2814 818 2878 Stanislone
826 2815 954 2893 Kostlca,
963 2821 1036 2890 eto.;
1050 2819 1084 2879 2⁰
1094 2814 1255 2895 inspiratio
1267 2811 1442 2895 singularis,

173 2917 242 2980 quae
256 2899 394 2963 consistit
407 2901 442 2963 in
456 2902 578 2966 intemo
589 2908 690 2978 motu,
707 2922 768 2985 qno
781 2903 851 2986 quis
863 2903 1059 2966 vehementer
1073 2903 1110 2966 ad
1125 2903 1223 2967 vitam
1235 2901 1443 2985 perfectiorem

172 2987 353 3068 impellitur,
368 2995 398 3051 et
412 2991 499 3071 quasi
514 2992 693 3056 attrabitur.

673 3235 847 3314 CAPUT
878 3235 941 3312 111

482 3431 532 3482 DE
559 3432 914 3484 OBLIGATIONIBUS
940 3431 1137 3483 VOTORUM

687 3653 903 3717 ARTIGULUS
922 3653 935 3714 1

630 3807 667 3851 DE
687 3807 764 3852 VOTO
785 3806 986 3852 nanenn‘rnms

216 3951 284 4013 lta.
304 3981 343 3998 -
367 3953 391 4013 l.
413 3951 581 4033 Religiosus
606 3956 676 4014 voto
698 3950 826 4012 scamni
850 3948 1038 4032 paupertatis
1063 3946 1244 4022 obstrictus,
1271 3944 1444 4026 Religiosus

175 4037 288 4100 seibcet
304 4037 338 4100 in
352 4039 463 4103 Ordine
480 4059 498 4103 a
514 4041 544 4103 S.
559 4039 634 4103 Sede
649 4039 812 4119 approbato
831 4038 1000 4114 somanites
1013 4035 1181 4119 professae,
1197 4033 1230 4096 vi
1244 4034 1354 4097 saltem
1371 4033 1444 4115 legis

175 4125 395 4202 ecclesiastica,
411 4145 446 4190 aa
461 4127 586 4210 proinde
600 4127 715 4192 seclusa
735 4125 892 4189 Pontificio
911 4125 1154 4209 dispensatione,
1170 4121 1296 4186 omnino
1314 4121 1445 4203 incapax

175 4220 222 4279 est
238 4215 271 4276 in
288 4215 472 4297 particulari
486 4235 541 4280 seu
553 4215 760 4299 personaliter
773 4214 934 4296 cujuslibet
948 4213 1079 4279 dominii
1092 4211 1137 4276 rei
1156 4210 1332 4293 temporalis
1346 4209 1444 4292 pretio

176 4303 382 4379 aestimabilis,
403 4302 498 4367 etiam
523 4305 559 4368 cle
587 4304 711 4367 licentia
734 4303 915 4386 Superioris.
940 4307 1066 4368 Constat
1090 4321 1128 4365 ax
1152 4299 1267 4362 Cancil.
1293 4297 1443 4377 Trident,

176 4413 245 4456 sess.
265 4397 357 4470 XXV,
372 4413 398 4456 e.
415 4411 450 4456 u.
467 4427 506 4438 -
523 4393 736 4458 communitas
753 4409 824 4456 vero
842 4391 921 4455 bona
939 4391 1094 4474 aaqirime
1112 4395 1142 4453 ct
1161 4387 1312 4470 possidere
1326 4391 1442 4468 potest,

176 4482 240 4546 sive
258 4501 311 4564 per
327 4501 377 4565 se,
393 4482 458 4547 sive
476 4500 528 4564 per
541 4482 693 4558 subditae,
711 4481 773 4546 nisi
792 4481 913 4544 obstent
933 4483 1005 4564 ejus¹
1014 4477 1260 4544 constitutiones.
1280 4474 1358 4539 Hinc
1377 4493 1445 4556 per-
