3220 5042
452 197 495 239 nr
521 194 759 240 saenaunnro
784 163 1024 240 rmnrrasrrn
1304 182 1369 242 261

103 314 291 390 perpetuum,
308 305 458 370 absolutio
470 306 582 369 directe
595 307 688 369 datur
700 306 766 368 sine
780 307 843 368 ullo
860 325 949 369 onere
959 294 1064 368 eoram
1079 307 1237 386 Superiora
1254 325 1372 389 compa·

103 396 199 460 rendi.
216 429 255 443 -
270 398 344 472 Qua
358 401 462 457 autem
478 395 515 458 de
529 394 735 458 reservatione
748 394 902 458 Pontificis
917 396 1073 469 dicuntur,
1089 413 1151 456 non
1165 397 1374 459 extenduntur

103 487 140 550 ad
163 489 315 548 reservata
339 483 543 564 Episcopalia,
560 486 651 565 juxta
674 501 869 546 communem
895 483 1080 546 sententiam
1104 485 1184 563 apud
1207 483 1242 544 S.
1264 485 1370 566 Alpa„

104 597 132 634 n.
150 578 220 646 585,
237 582 267 634 et
288 571 842 650 1111,η.901.-8αανει,ι.ο.,η.
860 577 909 635 te.
921 572 1077 652 —Lupo,
1091 571 1111 631 l.
1129 592 1169 645 e.‚
1181 593 1211 632 n.
1229 576 1299 648 225,
1315 579 1372 634 etc.

140 668 173 726 2⁰
188 663 221 724 Si
234 660 389 743 ptenitens
403 679 463 724 non
478 662 589 724 habeat
602 661 663 723 nisi
677 669 797 742 peccata
809 667 972 736 reservata,
987 679 1050 722 nou
1062 667 1161 740 potest
1173 660 1299 736 absolvi,
1314 661 1375 723 nisi

103 750 266 814 submittat
285 750 421 812 clavibus
442 750 526 813 aliud
547 757 704 832 peccatum
726 750 835 812 saltem
854 749 971 812 veniale
990 749 1063 812 vitae
1083 749 1246 830 preteritae
1266 749 1375 812 directe

23 856 27 865 ·
103 841 334 903 remittendum.
351 841 442 902 Secus
454 839 538 902 enim
556 839 641 902 nulla
656 839 780 902 daretur
795 837 983 901 Sacramenti
997 837 1136 902 materia.

140 933 235 992 Casus
259 936 363 990 autem
386 927 419 990 in
445 928 559 1008 quibus
580 927 706 990 interior
727 927 770 990 sic
796 927 949 990 absolvere
973 931 1087 1007 potest,
1111 934 1185 990 sunt
1206 929 1376 1008 presertim

103 1017 328 1098 t⁰pe1iculum
353 1016 507 1092 infamia,
531 1017 578 1079 vel
604 1015 755 1092 scandali,
778 1035 809 1078 v.
836 1034 894 1096 gn,
920 1035 957 1078 ex
983 1015 1147 1078 omissione
1168 1017 1376 1080 celebrationis

103 1107 218 1182 Missam
233 1109 267 1168 10
282 1104 446 1168 necessitas
459 1104 648 1185 adimplendi
662 1110 846 1186 preceptum
861 1103 1057 1167 confessionis
1066 1104 1114 1168 vel
1125 1105 1373 1180 Communionis;

103 1200 134 1258 30
143 1194 237 1257 timor
246 1213 284 1258 ne
294 1192 445 1275 paenitens
457 1201 613 1257 remaneat
623 1193 678 1256 diu
687 1193 721 1256 in
735 1200 817 1256 statu
827 1193 940 1274 peccati
951 1193 1189 1256 mortalis-S.
1201 1195 1284 1275 Lip,
1297 1194 1372 1256 ibid.

142 1288 212 1347 576.
227 1319 265 1328 -
280 1287 382 1360 van.
398 1287 431 1346 2⁰
444 1285 495 1346 An
515 1281 669 1344 absolutus
688 1303 707 1342 a
728 1284 890 1344 reservatis
911 1284 943 1342 in
962 1283 1092 1344 articulo
1113 1283 1218 1344 mortis
1239 1283 1278 1344 ab
1299 1283 1377 1364 inse·

104 1373 197 1447 riore,
214 1381 354 1434 teneatur
368 1393 399 1433 se
413 1373 517 1433 sistere
532 1371 711 1453 Superiori,
727 1373 753 1431 si
768 1371 976 1434 convalescat?

143 1462 232 1543 Hesp.
249 1468 282 1524 10
297 1459 388 1542 Nep,
406 1462 506 1542 quoad
519 1460 685 1542 simplicem
702 1461 943 1522 reservationem.
960 1462 1049 1525 Ratio
1063 1467 1124 1536 est,
1141 1461 1214 1543 quia
1232 1479 1268 1523 cx
1289 1459 1375 1522 Trici.

102 1549 135 1611 in
156 1550 285 1612 articulo
303 1549 412 1612 mortis
434 1550 522 1611 nulla
545 1560 589 1610 est
612 1552 791 1610 reservatio.
812 1553 890 1629 Ergo
909 1549 1004 1612 etiam
1023 1551 1145 1612 nullum
1163 1548 1377 1612 reservationis

102 1657 198 1714 onus,
214 1637 275 1700 nisi
288 1637 411 1700 aliunde
425 1640 580 1720 probetur.

141 1728 236 1808 Resp.
253 1731 305 1787 1οι
321 1727 492 1807 Affirmant
507 1727 713 1789 communiter
727 1729 873 1789 Auctores
895 1727 995 1807 quoad
1013 1747 1157 1788 censuras
1179 1727 1377 1790 reservationi

101 1816 251 1888 maenas,
272 1831 309 1875 ex
330 1834 397 1896 cop.
412 1815 478 1876 Eos
495 1817 548 1896 qui
562 1819 617 1891 ii,
634 1815 670 1876 de
684 1815 847 1877 Sententia
862 1815 1093 1891 excommunic,
1107 1815 1141 1876 in
1155 1818 1197 1888 60,
1214 1814 1269 1876 ubi
1288 1833 1378 1876 nemo

102 1902 135 1962 in
148 1900 277 1963 articulo
294 1902 404 1964 mortis
417 1921 435 1966 a
449 1919 576 1965 censura
592 1909 745 1966 reservata
759 1902 936 1975 absolvitur,
954 1902 1015 1965 nisi
1033 1921 1069 1964 ea
1086 1903 1149 1981 lege
1167 1909 1219 1978 ut,
1233 1921 1304 1964 cum
1318 1903 1377 1964 cita

102 1990 259 2052 commode
278 1989 409 2070 poterit,
426 1991 787 2076 conspectuifiuperioris
802 2009 832 2053 se
849 1997 1032 2072 presentare
1051 1997 1152 2064 curet,
1168 1992 1234 2071 ejus
1253 1991 1379 2052 manda-

101 2080 171 2140 tum
194 2077 355 2141 bmniliter
377 2076 586 2160 susceptarus.
604 2080 682 2143 Hinc
703 2079 729 2141 si
748 2079 950 2154 convalescat,
968 2079 1005 2141 ad
1020 2078 1212 2160 Superiorem
1226 2097 1377 2141 recurrere

103 2167 207 2240 debet,
223 2173 253 2228 et
263 2167 392 2247 'quidem
406 2169 464 2231 sub
484 2187 574 2248 pcena
587 2168 701 2231 iterum
717 2167 874 2231 incidendi
889 2167 922 2231 in
938 2186 1095 2243 censuras,
1114 2167 1174 2230 nlsi
1189 2185 1264 2230 usus
1278 2166 1377 2247 legiti-

102 2273 173 2318 mus
188 2255 225 2318 ab
240 2255 297 2318 hac
309 2256 492 2336 obligatione
504 2257 632 2319 eximat.

142 2349 212 2408 577.
229 2379 269 2390 —
282 2347 384 2420 vaa.
401 2349 435 2428 3⁸⁰
448 2347 499 2408 An
514 2348 716 2407 reservatione
738 2346 868 2427 lipatvs,
889 2347 921 2406 in
945 2348 1121 2407 necessitate
1135 2345 1377 2407 communicandi

102 2444 154 2494 eat
173 2433 360 2512 celebrandi,
379 2443 517 2496 teneatur
530 2435 670 2517 confiteri
685 2434 880 2517 Confessaria
897 2436 1045 2518 simplici,
1062 2434 1123 2496 alio
1142 2434 1321 2517 deficiente?

141 2523 230 2604 Hesp.
249 2528 280 2586 1⁰
297 2543 304 2584 :
320 2523 511 2586 Probabilius
532 2543 593 2586 non
613 2531 736 2588 tenetur
755 2523 907 2600 confiteri,
924 2525 951 2587 si
973 2524 1095 2586 nullum
1116 2523 1201 2586 aliud
1215 2519 1377 2603 'peccatum

102 2611 228 2674 mortale
246 2611 371 2686 habeat,
388 2611 451 2674 nisi
469 2619 675 2688 reservatvm3
691 2613 784 2688 ratio,
799 2613 874 2694 quia
890 2613 929 2676 ad
948 2611 1166 2676 confessionem
1181 2630 1279 2692 neque
1292 2617 1375 2674 tene-

103 2705 153 2760 tur
178 2699 293 2762 ratione
313 2701 426 2780 pcccati
449 2702 612 2777 reservati,
629 2703 709 2782 quod
731 2702 843 2764 directe
864 2701 983 2764 remitti
1005 2701 1127 2782 nequit,
1142 2718 1240 2781 neque
1259 2701 1376 2762 ratione

103 2786 270 2848 venialium
285 2793 339 2849 aut
356 2788 535 2850 mortalium
546 2791 612 2869 jam
627 2789 844 2864 remissorum,
861 2789 972 2872 quippe
992 2808 1060 2870 qua
1077 2808 1137 2870 non
1159 2795 1233 2850 sunt
1246 2788 1375 2849 materia

103 2872 270 2935 vreccssaria
284 2873 493 2937 confessionis.
510 2911 550 2922 —
563 2877 597 2936 S.
614 2878 683 2958 Lip.
699 2898 731 2937 n.
747 2881 817 2940 165.
835 2913 874 2923 -
886 2879 987 2960 Lapa,
1002 2911 1043 2924 —
1056 2877 1162 2950 Elbcl,
1177 2883 1233 2938 etc.
1292 2907 1294 2912 v

141 2962 285 3042 nepe:
298 2963 328 3024 Si
344 2969 446 3024 tamen
463 2964 613 3038 advertat,
622 2983 653 3026 se
668 2983 730 3028 non
744 2964 854 3027 habere
872 2966 1098 3041 contritionem,
1110 2966 1161 3027 sed
1176 2965 1272 3027 solam
1286 2963 1375 3026 attri-

104 3052 235 3124 tionem,
251 3049 405 3112 tenebitur
419 3051 556 3113 confiteri
572 3053 680 3114 saltem
694 3053 810 3116 veniale
823 3054 870 3116 vel
886 3055 1012 3116 mortale
1023 3057 1089 3134 jam
1103 3053 1178 3116 alias
1196 3052 1372 3124 remissum,

102 3147 138 3202 ut
158 3138 202 3202 sic
220 3137 366 3202 indirecte
381 3157 399 3200 a
414 3140 576 3202 reservatis
595 3140 781 3215 absolvatur,
797 3149 829 3204 et
842 3141 873 3203 in
889 3149 972 3204 statu
986 3142 1091 3222 gratiae
1105 3141 1320 3205 communicet.
1334 3174 1375 3188 -

101 3228 150 3289 lta
165 3229 375 3290 communiter.
387 3262 427 3273 -
441 3229 477 3290 S.
495 3229 564 3310 Lip.
581 3249 611 3289 n.
628 3233 703 3304 165,
721 3233 791 3293 585.

141 3316 233 3399 Resp.
250 3321 282 3380 30
299 3336 305 3376 ;
323 3318 449 3397 Insuper
473 3323 596 3379 tenetur
615 3317 767 3394 confiteri,
784 3318 811 3380 si
833 3319 944 3381 habeat
958 3320 1100 3382 mortalia
1116 3327 1186 3382 tum
1204 3325 1371 3392 reservata,

106 3413 172 3467 tum
187 3424 249 3468 non
262 3409 424 3470 reservata.
438 3405 527 3470 Ratio
545 3413 604 3481 est,
621 3405 695 3487 quia
708 3413 796 3486 urget
809 3413 993 3487 praeceptum
1008 3407 1152 3470 divinum
1166 3406 1374 3489 praemittendi

104 3493 320 3558 covrlessionem
340 3493 571 3568 communioni,
589 3501 619 3558 et
638 3495 723 3558 nulla
744 3495 836 3558 datur
853 3496 1007 3558 excusatio
1021 3515 1039 3558 a
1052 3501 1199 3577 praecepto
1214 3493 1373 3557 contessio-

105 3581 161 3644 nis.
176 3619 216 3628 -
230 3583 249 3644 1
251 3595 281 3644 ta
293 3584 541 3659 communissime,
554 3583 658 3665 inquit
675 3583 711 3645 S.
723 3585 792 3666 Ltp.
806 3590 910 3646 contra
924 3583 1041 3664 aliquos
1056 3583 1123 3646 ideo
1138 3582 1374 3664 negantesque

104 3671 326 3756 ConfessariuS,
343 3673 531 3747 malebant,
545 3672 758 3753 jurisdictione
773 3679 854 3735 caret
872 3673 905 3734 in
926 3674 1018 3736 talem
1032 3671 1243 3754 penitentem.

142 3765 211 3824 ata.
228 3795 267 3807 —-
281 3764 384 3837 Quen.
401 3765 434 3824 10
447 3763 498 3823 An
517 3761 629 3822 iabores
639 3771 766 3844 peecata
780 3773 936 3824 reservata
951 3771 978 3822 et
993 3783 1054 3824 reon
1069 3771 1223 3824 reservate
1236 3769 1374 3822 teneatur

103 3849 133 3908 in
149 3849 335 3932 consessione
351 3870 495 3912 accusare
509 3853 600 3911 etiarn
617 3851 794 3912 reservata?

142 3938 233 4021 Hesp.
250 3937 326 4019 Nep.
343 3939 547 4021 probabilius.
561 3938 649 4004 Ratio
667 3947 729 4014 est,
750 3939 825 4021 quia
844 3941 918 4004 alias
940 3941 1094 4005 teneretur
1114 3940 1161 4003 bis
1182 3945 1302 4020 peccata
1322 3939 1375 4002 illa

103 4025 248 4102 conbmri,
264 4026 377 4090 scilicet
391 4026 528 4090 inferiori
543 4035 572 4090 et
587 4027 751 4108 Superiori.
769 4063 809 4074 -
823 4029 859 4091 S.
882 4031 966 4114 atq,
982 4052 1013 4092 n.
1027 4033 1097 4104 265,
1114 4032 1149 4105 Q.
1163 4033 1193 4092 2.
1209 4063 1250 4076 -
1263 4027 1374 4090 Recole

104 4113 299 4190 (linteones.
314 4135 421 4197 praa,
437 4115 530 4197 Hesp.
548 4121 590 4178 10.

142 4205 244 4278 Quaen.
261 4205 355 4268 5⁰An
370 4203 471 4265 aalide
491 4203 678 4284 absolvatur,
698 4208 750 4288 qai
765 4207 843 4268 borea
866 4207 924 4283 fide
948 4216 1071 4270 accusat
1093 4215 1280 4268 reservatam
1297 4209 1373 4266 sim-

101 4289 177 4372 plici
196 4292 409 4374 confessario,
427 4302 480 4352 unt
499 4291 658 4383 illiussine
671 4293 764 4377 calpa
777 4295 984 4357 obliviscitur?

144 4381 234 4464 Hesp.
259 4381 399 4464 Aspera,
426 4379 453 4441 si
476 4379 560 4442 aliud
582 4385 738 4462 peccatum
760 4403 821 4447 non
844 4389 1033 4447 reservatum
1054 4385 1191 4449 clavibus
1214 4383 1371 4466 subjiciat;

105 4468 196 4545 ratio,
220 4470 292 4552 quia
316 4467 521 4533 confessarius
551 4487 611 4532 non
636 4477 716 4534 caret
741 4479 889 4552 potestate
917 4473 950 4536 in
973 4481 1093 4554 peccata
1116 4494 1178 4539 non
1202 4475 1372 4544 reservata,
