3198 5034
194 195 240 254 tt
724 204 931 252 reserares

193 323 379 382 excusantur
391 315 487 397 igitur
500 315 537 379 ob
551 315 847 397 impossibilitatem,
864 315 954 379 modo
973 315 1006 379 id
1023 315 1103 396 quod
1115 315 1267 396 possunt,
1288 313 1417 389 faciant,
1438 321 1470 379 et
1582 357 1583 394 ,

196 423 340 488 magnam
355 405 514 468 dioeeeseos
528 409 646 487 partem
663 403 817 480 invisent,
832 403 941 468 saltem
958 422 1013 485 per
1030 403 1167 466 vicarios
1181 403 1348 483 generales,
1363 403 1389 464 si
1403 421 1470 484 per·
1582 423 1583 428 ¹

195 495 338 558 sonaliter
348 492 569 574 impediantur.

234 586 271 646 In
287 582 432 646 omnibus
447 601 514 664 quae
529 583 567 644 ad
581 581 791 645 eisitationem
806 585 836 644 et
849 600 973 646 morum
986 581 1203 645 correctionem
1216 580 1383 662 pertinent,
1398 581 1470 663 Epi-

196 671 277 753 scopi
285 674 338 753 jus
350 671 466 734 habent
479 689 513 733 ea
524 670 698 744 ordinandi,
715 670 910 746 moderandi,
926 669 1092 752 puniendi,
1107 668 1306 750 exsequendi,
1316 673 1409 752 juxta
1421 673 1473 734 Ga·

195 779 314 824 nonum
333 759 517 834 sanctiones,
534 778 602 840 quae
623 778 677 841 pro
696 777 802 822 eorum
825 758 989 840 prudentia
1010 759 1048 821 ad
1069 758 1315 822 emendationem
1333 757 1473 822 subdito-

195 866 283 924 rum,
299 853 329 912 et
347 850 506 912 diaeceseos
524 847 692 910 utilitatem
711 849 879 912 necessaria
893 847 1068 912 videantur.
1081 883 1123 894 -
1138 847 1193 910 Sic
1206 867 1244 910 aa
1258 846 1349 910 Coae.
1370 846 1472 929 Trid,

196 958 263 1002 sess.
281 940 386 1013 XXIV,
400 956 426 999 c.
440 955 474 1012 x,
491 937 527 999 de
540 937 677 1019 Referta.

706 1101 917 1164 luulcuuus
936 1102 962 1161 ll

568 1248 606 1292 na
632 1246 879 1292 onnoanoumus
903 1245 1102 1291 ranocnoauu

239 1388 309 1447 llo.
324 1418 365 1428 —
377 1383 544 1458 ParoohuS,
561 1383 652 1445 semel
667 1381 809 1444 canonice
827 1380 1030 1455 constitutus,
1047 1379 1201 1444 ordinaria
1220 1381 1330 1460 gaudet
1344 1379 1476 1460 jurisdi-

199 1471 298 1536 ctione
312 1471 346 1534 in
360 1471 509 1552 populum
526 1470 585 1533 sibi
605 1471 839 1546 demandatum,
861 1476 891 1532 et
912 1469 977 1533 sine
996 1487 1076 1532 nova
1098 1467 1238 1550 Episcopi
1257 1467 1477 1549 approbatione

196 1564 249 1642 jus
258 1560 349 1623 habet
361 1561 398 1621 ad
411 1557 517 1621 omnia
526 1557 635 1621 munia
645 1557 829 1640 parochialia
837 1558 987 1621 obeunda.
999 1558 1108 1622 Nullus
1116 1575 1186 1637 ergo
1195 1555 1326 1620 Clericus
1334 1603 1341 1630 ,
1350 1554 1477 1635 dempto

200 1649 365 1730 Episcopo,
386 1653 417 1711 et
431 1650 484 1729 jus
499 1646 619 1710 Vicario
641 1647 787 1728 generali,
810 1664 978 1727 cenamque
999 1645 1157 1726 delegatis,
1179 1644 1272 1708 sacris
1286 1643 1479 1724 quibuslibet

201 1737 288 1818 fungi
299 1737 334 1800 in
348 1739 414 1818 ejus
426 1735 549 1800 ecclesia
562 1743 617 1799 aut
628 1736 784 1817 parochia,
801 1736 867 1798 sine
883 1735 981 1817 ipsius
999 1753 1148 1798 consensu
1162 1751 1301 1815 expresso
1319 1735 1372 1795 aut
1384 1731 1480 1796 ratio-
1585 1759 1586 1778 2

202 1825 347 1890 nobiliter
357 1831 559 1907 praesumpte,
573 1825 635 1887 ulla
649 1824 767 1888 ratione
780 1823 862 1887 licite
876 1828 982 1906 polest.

241 1913 381 1990 Parochi,
398 1913 446 1977 uti
465 1913 620 1995 Episcopi,
637 1918 782 1976 tenentur
797 1913 948 1994 praeoipue
965 1933 971 1974 :
991 1918 1023 1975 l⁰
1035 1913 1074 1976 ad
1087 1912 1300 1988 residentiam
1316 1915 1348 1974 2⁰
1361 1911 1399 1974 ad
1412 1928 1482 1973 ora-

204 2004 336 2080 tionem;
360 2007 392 2066 3ο
415 2003 453 2065 ad
473 2002 734 2083 pradicationem
754 2007 788 2064 t⁰
812 2002 852 2065 ad
874 2001 1174 2065 amministrationem
1194 2003 1479 2077 Sacramenlomm3

203 2097 235 2158 5ο
248 2092 288 2153 ad
302 2091 519 2154 correctionem
534 2091 654 2166 orium,
671 2095 704 2154 6⁰
718 2091 756 2152 ad
771 2090 980 2154 visitationem
995 2097 1179 2170 aegrotorum
1193 2096 1223 2153 et
1237 2088 1395 2170 parochiae.
1586 2147 1587 2158 ,

243 2186 313 2244 lll.
338 2215 378 2226 -
399 2182 422 2241 Ι.
450 2179 557 2254 Quoad
575 2178 783 2240 residentiam.
809 2179 960 2240 Paroohus
981 2179 1019 2241 ad
1040 2178 1237 2241 residentiam
1258 2177 1480 2258 obstringitur3
1586 2185 1587 2268 }

203 2269 291 2352 quia,
307 2286 376 2331 cunr
392 2266 691 2329 administrationem
704 2265 854 2346 parochie
871 2267 1050 2347 susceperit,
1064 2285 1128 2329 sese
1144 2266 1291 2347 obligarit
1304 2267 1342 2330 ad
1355 2265 1483 2328 anima-

202 2375 274 2420 rum
289 2355 382 2418 saluti
399 2354 635 2430 consulendum,
650 2372 779 2435 eamque
798 2372 851 2434 pro
870 2354 954 2417 virili
975 2360 1060 2435 parte
1081 2356 1313 2436 procurandam.
1328 2389 1370 2402 ·—
1382 2353 1483 2422 Cone·

206 2444 307 2517 Tria,
320 2462 387 2505 sess.
405 2445 514 2518 XXIII,
530 2463 557 2503 a.
574 2463 599 2519 1,
617 2444 653 2506 de
665 2443 799 2525 Reform.
814 2479 854 2488 —
869 2443 906 2506 S.
922 2443 993 2525 La'q.
1009 2463 1041 2505 a.
1058 2447 1127 2507 lid.

243 2531 336 2594 Debet
348 2531 501 2594 Paroohus
513 2531 546 2594 in
560 2531 713 2595 domicilio
727 2531 927 2614 presbyterali
939 2532 1136 2608 commorari,
1152 2534 1215 2608 rel,
1232 2533 1259 2595 si
1267 2532 1324 2596 hoc
1335 2532 1428 2608 desit,
1444 2533 1485 2596 in

203 2619 341 2702 propiore
353 2619 442 2684 domo
454 2621 694 2702 intraparoohiae
705 2621 797 2695 fines,
812 2625 848 2683 ut
861 2619 945 2684 facile
959 2620 1039 2683 adiri
1053 2621 1165 2702 possit,
1181 2627 1212 2682 et
1223 2621 1288 2703 ipse
1300 2621 1333 2684 in
1345 2619 1486 2684 residen-
1587 2611 1588 2636 ¹

112 2709 115 2716 ⁴
204 2709 256 2773 tia
267 2726 395 2772 munere
407 2709 546 2772 obeundo
559 2727 623 2773 non
636 2709 835 2791 impediatur.
852 2711 893 2773 Ut
912 2728 982 2772 vero
1001 2709 1176 2773 residentia
1194 2711 1317 2773 muneri
1333 2708 1484 2786 satisfiat,

204 2817 267 2862 non
285 2804 410 2861 tantum
428 2798 517 2862 debet
534 2817 598 2861 esse
618 2816 751 2879 presens
767 2816 905 2879 corpore,
922 2798 975 2860 sed
992 2799 1088 2860 etiam
1100 2818 1160 2881 per
1177 2819 1207 2862 se
1221 2799 1286 2881 ipse
1297 2801 1384 2862 debet
1394 2815 1487 2879 paro-

204 2887 280 2950 chiae
294 2887 417 2950 servire.
430 2923 469 2934 -
482 2887 518 2950 S.
534 2887 605 2968 Lip.
622 2907 653 2950 a.
668 2891 743 2961 lut,
757 2889 826 2950 lat.

245 2979 391 3039 Attamen
420 2980 564 3056 possunt,
588 2975 614 3038 si
640 2976 764 3038 veniam
787 2976 824 3037 ab
848 2975 1008 3040 ordinario
1028 2975 1202 3053 obtineant,
1222 2980 1309 3058 justa
1330 2978 1368 3038 de
1390 2994 1487 3040 eausa

205 3066 309 3128 abesse
329 3064 495 3146 quotannis
512 3081 566 3146 per
585 3064 747 3136 bimestre,
767 3065 857 3127 modo
876 3062 1034 3126 vicarium
1055 3065 1200 3128 idoneum
1223 3084 1277 3147 per
1296 3065 1485 3146 Episcopum

206 3153 267 3215 sibi
285 3153 488 3216 substituant.
509 3151 606 3217 Venia
619 3151 774 3216 Ordinarii
786 3153 955 3216 necessaria
968 3159 1030 3229 est,
1046 3153 1169 3218 etiamsi
1189 3173 1241 3236 per
1257 3152 1486 3217 hebdomadam

205 3241 309 3304 abesse
319 3241 426 3305 velint.
442 3247 499 3306 Per
512 3260 611 3304 unum
625 3259 695 3304 vero
709 3242 758 3305 vel
771 3241 902 3304 alterum
916 3241 999 3304 diem
1016 3250 1147 3323 possunt
1160 3243 1263 3306 abesse
1277 3242 1344 3306 sine
1360 3241 1488 3322 speciali

207 3330 345 3407 licentia,
361 3349 399 3394 ex
416 3350 507 3394 causa
521 3349 589 3412 quaa
607 3329 684 3412 ipsis
705 3329 845 3394 rideatur
858 3329 1014 3410 legitima,
1029 3332 1119 3394 modo
1138 3331 1257 3394 Vieario
1272 3331 1380 3394 idoneo
1394 3347 1488 3409 paro-

207 3418 309 3484 chiam
323 3420 547 3485 commendent.

245 3513 282 3572 ll.
302 3546 344 3556 -
358 3509 466 3586 Quoad
479 3513 656 3573 orationem.
677 3513 813 3574 Tenetur
832 3509 999 3584 ParochuS,
1020 3514 1057 3571 ut
1080 3506 1260 3588 Episcopus,
1282 3509 1408 3569 Sacrum
1427 3525 1488 3588 pro

207 3600 347 3680 parochia
366 3598 462 3664 lacere
481 3598 565 3662 festis
579 3618 614 3662 ac
628 3599 737 3662 diebus
753 3597 931 3672 dominicis,
949 3601 985 3659 ut
1002 3595 1118 3678 patebit
1131 3614 1169 3657 en
1183 3593 1317 3660 dicendis
1333 3593 1368 3656 iu
1391 3604 1485 3659 tract.

208 3689 355 3753 deliaci.
370 3694 447 3755 ltem
461 3695 581 3754 tenetur
594 3709 680 3755 orare
694 3690 869 3772 frequenter
882 3706 936 3768 pro
951 3687 1015 3752 suis
1029 3687 1154 3763 ovibus,
1171 3693 1207 3750 ut
1224 3685 1283 3750 sibi
1300 3705 1334 3748 ac
1348 3686 1486 3751 subditis

209 3779 321 3856 gratias
333 3781 371 3842 ad
385 3781 516 3844 salutem
527 3779 727 3855 necessarias,
744 3785 775 3841 et
788 3777 922 3840 caelestes
934 3775 1159 3840 benedictiones
1173 3773 1327 3856 imploret.

249 3868 396 3930 Praeterea
411 3885 515 3933 curare
529 3867 617 3930 debet
628 3865 789 3942 Paroohus,
807 3871 842 3928 ut
855 3883 960 3928 omnes
974 3863 1132 3928 addiscant
1143 3882 1237 3940 orare,
1250 3871 1287 3928 ut
1296 3865 1374 3928 bene
1383 3869 1481 3939 orent,

210 3971 340 4033 suosque
354 3955 479 4020 doceant
489 3973 589 4032 orare;
607 3953 715 4018 adhoc
729 3955 875 4018 conducet
889 3953 1038 4028 maxime,
1055 3952 1081 4016 si
1095 3952 1295 4034 quandoque,
1311 3952 1484 4034 praesertim

209 4041 295 4104 lestis
318 4042 426 4107 diebus
444 4049 475 4108 et
496 4043 679 4118 Dominicis,
698 4060 815 4106 necnon
833 4047 968 4124 tempore
988 4043 1150 4105 Adventus
1169 4047 1199 4104 et
1222 4041 1483 4123 Quadragesimae,

212 4130 382 4193 matutinas
405 4133 555 4196 orationes
573 4151 607 4195 ac
628 4130 776 4195 serotinas
796 4131 916 4212 publice
934 4131 1036 4194 lideles
1054 4135 1157 4211 agant.
1174 4165 1213 4176 -
1234 4129 1269 4192 S.
1286 4130 1370 4213 Lip„
1388 4129 1484 4192 Hom.

211 4218 328 4303 Apost,
343 4227 431 4282 tract.
447 4223 516 4298 Vll,
529 4241 561 4284 a.
577 4225 616 4286 35
628 4229 731 4304 etseq.

251 4309 438 4372 lla—111.
457 4309 564 4384 Quod
571 4309 833 4394 praedicationem.
849 4307 975 4371 Parochi
993 4315 1137 4374 tenentur
1155 4308 1268 4391 saepius
1280 4310 1319 4373 ad
1337 4308 1486 4390 populum

213 4397 305 4462 verba
318 4397 427 4476 iacere,
441 4415 514 4461 eum
526 4397 712 4462 adularibus
723 4394 845 4480 pabulis
856 4397 1068 4473 alere,saltem
1080 4397 1189 4462 diebus
1200 4397 1367 4461 Dominicis
1381 4395 1487 4477 singu-

215 4486 272 4562 lis,
285 4491 316 4551 et
329 4485 460 4569 singulis
473 4486 560 4550 festis
572 4487 751 4569 majoribus.
767 4521 807 4532 -
821 4485 913 4551 Coae.
931 4485 1029 4563 Trid,
1050 4507 1118 4550 sess.
1135 4489 1174 4561 V,
1190 4507 1215 4548 a.
1230 4505 1268 4562 ιι,
1282 4485 1318 4549 de
1329 4485 1465 4568 Reform.
