3224 5044
181 170 246 229 314
716 179 923 228 merenas

181 294 215 354 S.
234 293 306 370 ιιι.
319 293 407 358 Ealio
421 301 482 367 esl,
495 299 528 355 ι0
538 293 611 372 quia
622 299 695 356 lunc
707 291 847 372 lanffl'lur
858 290 960 353 hostia
970 290 1125 354 medianis
1138 297 1264 370 paleam
1275 309 1338 353 non
1349 295 1456 354 uilem

181 381 389 462 prescribilur
405 381 442 443 ab
458 382 588 444 Ecclesia
602 388 701 443 locius
716 381 917 442 immediatus
930 380 1053 449 hosliae.
1065 379 1118 442 sed
1132 385 1257 441 tantiam
1269 385 1406 458 palene,
1418 386 1461 442 uk

181 475 262 550 palei
277 489 312 532 ex
327 469 509 546 Ponlificali;
525 476 558 533 2⁰
570 470 643 550 quia
657 469 769 532 vinum
783 470 815 531 in
831 468 920 531 calice
935 486 1097 550 nunquam
1112 467 1451 546 ungiturimmediale:

181 577 250 640 ergo
267 577 320 620 nec
332 559 511 638 requiritur,
529 566 565 621 ιιι
578 557 681 620 hostia
694 558 873 620 immediate
887 563 1042 637 tangatur.
1058 559 1209 620 Gaelerum
1223 556 1393 619 meandum
1407 563 1457 620 el·

182 648 367 721 ordinando,
382 654 420 710 ιιι
437 654 544 727 tangat
561 647 700 721 calicem,
717 653 861 726 polenum
879 651 910 708 el
926 646 1021 708 simul
1034 645 1185 719 hosliam,
1200 649 1231 706 et
1247 644 1294 706 sic
1310 645 1349 706 ub
1370 645 1453 706 orum

182 735 502 816 scrupulomeximet.
521 736 608 797 ——S.
624 737 738 817 Lipn.
756 739 826 798 ιιι.
1434 773 1440 784 ·

684 963 861 1039 CAPUT
891 961 954 1037 ΙΙΙ

484 1146 530 1194 DE
555 1145 725 1194 MINISTRO
752 1143 975 1193 SACRAIIENTI
1002 1141 1143 1190 onnlrns

305 1298 528 1380 Principia.

224 1440 295 1498 Ἴθι.
316 1471 357 1482 —
374 1439 397 1498 1.
423 1439 511 1501 Solus
526 1438 692 1520 Episcopus
708 1444 756 1501 εει
772 1437 947 1500 ordinarius
964 1433 1152 1501 sacramenti
1168 1432 1292 1496 Ordinis
1305 1433 1458 1498 mmm.

181 1528 307 1587 Constat
321 1530 352 1584 ιο
364 1544 400 1586 cx
416 1526 586 1606 scripturn
604 1546 672 1607 qum
687 1545 748 1589 non
765 1525 834 1588 aliis
848 1545 942 1606 quam
956 1524 1123 1604 apostolis,
1140 1531 1171 1586 el
1183 1523 1338 1604 Episcopis
1353 1541 1459 1586 corum

182 1613 419 1688 successoribus
432 1618 485 1696 jus
500 1615 612 1677 tribuni
625 1615 751 1678 Ordines
765 1613 1071 1676 conferendi-Act.
1090 1614 1196 1695 Apost.
1210 1631 1260 1688 rr,
1277 1615 1313 1687 6,
1328 1632 1391 1686 ιιι,
1404 1617 1455 1674 22.

182 1703 260 1762 -11
275 1700 405 1763 Timorh.
423 1722 444 1777 1,
460 1709 490 1766 6.

223 1793 256 1851 ιο
271 1793 317 1852 Ex
332 1799 476 1872 perpetua
490 1793 670 1868 traditione,
691 1813 785 1876 quam
804 1794 969 1856 innumera
981 1791 1128 1856 evincunt
1143 1790 1291 1864 Concilio,
1315 1793 1368 1854 sed
1385 1807 1456 1870 pra·

182 1879 291 1940 serlim
305 1881 514 1942 Florentinum
528 1890 559 1944 el
577 1883 797 1944 Tridentinum.
814 1883 862 1945 Sic
873 1883 958 1944 enim
971 1883 1117 1955 Florem„
1133 1880 1168 1942 in
1181 1883 1304 1943 Deorelo
1318 1879 1455 1942 unioms:

187 1966 368 2030 Ordinnrins
381 1971 521 2032 Minister
532 1972 624 2052 lorp'us
634 1971 828 2034 Sacramenli
840 1971 1000 2052 (Ordinis)
1011 1980 1052 2032 ιιι
1063 1969 1245 2050 Episcopus.
1258 1969 1457 2040 Echdeoc,

184 2075 256 2118 sess.
274 2061 384 2133 XXIII,
400 2077 466 2122 can.
483 2066 500 2122 7
519 2081 526 2121 :
544 2061 584 2123 Si
603 2062 669 2143 quis
682 2061 807 2138 dr'rcrit,
826 2063 991 2142 Episcopus
1009 2080 1069 2121 non
1090 2077 1149 2120 esse
1167 2058 1356 2138 Presbyloris
1372 2074 1459 2136 supe-

184 2147 291 2222 riores,
309 2148 356 2206 vel
369 2167 427 2208 non
441 2149 548 2210 lubere
561 2161 734 2230 potestatem
745 2151 962 2231 confimandi,
979 2159 1007 2210 ot
1020 2147 1200 2224 ordinandi,
1215 2147 1262 2209 oei
1276 2167 1355 2224 cam,
1366 2164 1460 2227 qam

184 2233 308 2308 lacent,
325 2235 390 2296 illis
402 2257 460 2297 esse
473 2258 539 2298 cum
547 2239 736 2318 Presbyteris
751 2259 984 2316 cornmunem...,
1000 2237 1162 2299 anathema
1175 2239 1226 2297 sit.

223 2323 259 2383 II.
276 2323 411 2402 Simplex
426 2327 576 2399 Sacerdos,
589 2333 619 2390 S.
632 2327 776 2389 Poolifice
788 2327 1012 2401 commiscente,
1024 2333 1123 2408 polosl
1136 2330 1268 2388 lonsurm
1283 2332 1315 2387 ol
1329 2330 1460 2406 qualum

184 2409 342 2470 minorum
354 2412 504 2473 ordinum
519 2414 779 2476 exlraordinarius
792 2434 856 2476 esse
870 2415 1019 2479 Minisler.

224 2497 375 2558 Probatur
385 2502 568 2563 exconciliis
578 2551 584 2574 ,
594 2503 762 2582 praeserIIm
772 2523 810 2564 ex
826 2504 919 2581 Irim,
931 2524 1003 2565 sess.
1015 2507 1124 2578 XXIII,
1135 2524 1200 2581 cop.
1211 2523 1244 2577 ιι,
1258 2503 1295 2563 de
1308 2503 1459 2582 Reform,

186 2583 239 2644 uhi
255 2583 387 2647 dicilur:
404 2589 575 2650 dolatione
595 2601 623 2650 el
639 2594 708 2652 aliis
723 2592 953 2673 quibuscamque
968 2595 1161 2674 quantumvis
1176 2591 1331 2672 excerptis,
1348 2601 1377 2650 el
1391 2591 1460 2671 pri·

187 2673 351 2753 sollemniis,
365 2697 423 2737 non
438 2677 526 2739 liceo!
539 2681 770 2761 inposterum...
782 2685 934 2763 cuiqnam,
946 2684 1000 2764 qui
1012 2683 1164 2764 repuleris
1176 2682 1310 2742 subditus
1323 2679 1383 2740 sios·
1395 2699 1460 2740 non

187 2764 244 2838 sit,
262 2774 414 2827 tonsuram
427 2769 475 2829 vel
486 2770 614 2830 minores
627 2770 752 2832 Ordines
763 2775 910 2852 conferre.
922 2775 999 2851 Ergo
1012 2771 1156 2852 supponil
1168 2770 1303 2832 Tridenl.
1319 2768 1388 2832 illos
1397 2767 1463 2831 suis

187 2851 345 2930 Religiosis
358 2856 484 2919 Ordines
499 2857 630 2922 conferre
645 2851 740 2939 posse.
756 2895 799 2906 -—
817 2862 867 2922 Im
881 2865 1125 2922 conemlnissme.
1141 2896 1180 2906 —
1195 2859 1228 2921 S.
1249 2859 1319 2940 Lr'p.
1340 2880 1373 2919 n.
1391 2863 1460 2920 762.

229 2945 297 3004 705.
309 2977 344 2988 —
361 2947 411 3005 III.
426 2946 590 3026 Episcopus
605 2949 681 3010 solos
694 2949 753 3011 sibi
766 2949 905 3012 subdilos
920 2949 1001 3011 licilc
1011 2950 1151 3012 ordinare
1163 2955 1262 3029 polcsl
1278 2968 1285 3009 :
1303 2948 1378 3010 allos
1392 2964 1461 3010 vero

185 3028 268 3090 IIcile
283 3032 422 3095 ordinare
436 3035 544 3114 nequii
558 3037 671 3116 absque
680 3038 818 3118 ipsorum
834 3038 970 3118 Episcopi
986 3039 1136 3100 facultate.
1475 3113 1478 3122 ι

229 3121 358 3184 Ειιιίιιιι
373 3141 409 3184 ex
426 3127 514 3186 Cone.
538 3126 620 3188 Trid.
647 3146 720 3188 sess.
742 3130 853 3202 XXIII,
869 3147 895 3189 c.
920 3147 992 3201 vin,
1008 3129 1044 3190 de
1065 3127 1195 3190 Reform.
1220 3146 1227 3188 :
1252 3127 1465 3209 Unusquisque

189 3220 288 3270 antem
304 3231 322 3271 a
334 3214 462 3292 proprio
477 3215 633 3296 Episcopo
647 3217 826 3277 ordinemr:
838 3217 918 3297 qood
929 3219 1034 3297 siquis
1049 3219 1087 3278 ab
1102 3216 1162 3276 olr‘o
1174 3222 1348 3295 promereri
1357 3226 1462 3297 petat,

189 3300 359 3360 nullalenus
381 3302 414 3362 id
435 3303 499 3364 oi...
526 3309 720 3379 permittetur
745 3308 804 3365 nisi
822 3307 889 3384 ejus
909 3307 1046 3385 probitas
1068 3326 1103 3367 oc
1122 3326 1218 3366 merres
1238 3304 1387 3367 Ordinarii
1409 3304 1461 3366 sni

189 3393 354 3450 testimonio
370 3393 623 3454 commendentur.
641 3394 679 3455 Si
695 3415 773 3454 secus
791 3395 864 3475 (iot,
878 3396 1021 3456 ordinans
1035 3417 1054 3455 o
1071 3395 1229 3456 collatione
1244 3393 1390 3456 ominum
1401 3409 1462 3472 per

189 3497 316 3553 arenam,
337 3489 365 3539 el
380 3482 536 3543 ordinatas
552 3495 785 3566 osusceptorom
800 3484 947 3544 Ordr'num
962 3485 1159 3562 exsecutione,
1176 3483 1319 3564 quamdin
1333 3483 1462 3562 proprio

191 3566 256 3627 ord
264 3571 356 3629 'nario
369 3571 521 3631 uidebitur
535 3573 690 3652 expedire,
707 3575 746 3633 sil
762 3593 928 3654 suspensus.
942 3609 982 3618 -
996 3573 1068 3635 Pius
1082 3576 1137 3649 IX,
1158 3578 1261 3636 Consi.
1277 3561 1466 3653 Apostolicae

191 3655 217 3717 S
218 3657 294 3734 edis,
312 3660 449 3721 eamdem
464 3678 587 3739 poenam
603 3661 637 3722 In
651 3661 844 3723 ordinantem
858 3680 919 3724 non
933 3661 1092 3724 subditum
1107 3662 1232 3737 slaluil;
1246 3679 1375 3740 eamque
1389 3676 1466 3740 pre·

190 3751 285 3820 lorea,
303 3755 370 3827 posl
386 3750 598 3810 Innoconlium
613 3753 681 3823 XII,
698 3755 799 3813 Consl.
822 3751 1046 3833 Speculatores,
1063 3751 1200 3814 exlendit
1215 3752 1250 3812 ad
1267 3749 1465 3812 ordinantem

189 3835 283 3897 eliam
297 3836 458 3899 subditum
475 3838 649 3917 proprium,
666 3839 720 3918 qui
739 3839 812 3900 alibi
835 3847 922 3902 lanlo
940 3847 1074 3920 {empore
1088 3847 1225 3903 moralus
1247 3839 1302 3912 sil,
1322 3845 1359 3901 ιιι
1377 3857 1466 3901 carro

190 3921 296 3984 nisum
310 3925 567 4004 impedImenlum
582 3927 758 3989 conlrahere
776 3927 820 3989 ibi
835 3928 983 4007 polueril,
1005 3947 1104 4009 neque
1122 3929 1211 3991 alleri
1225 3927 1380 3991 Ordinarii
1397 3929 1465 4008 eius

190 4008 246 4070 loci
260 4011 375 4074 lilleras
387 4015 607 4077 leslimonieles
617 4015 779 4097 (Serpens.
796 4022 826 4090 3,
845 4018 930 4078 Rom.
946 4017 1037 4080 Ponl.
1054 4019 1180 4098 resero.)

312 4139 508 4215 Quoesila.

231 4270 299 4332 706.
316 4302 357 4312 -
370 4272 471 4344 Qum.
490 4278 522 4334 l⁰
538 4273 681 4348 Our'snom
692 4287 853 4336 censemur
862 4276 1011 4356 proprius
1026 4275 1193 4336 ordinandi
1204 4275 1401 4357 Episcopus?

230 4355 324 4438 Ilesp.
341 4377 354 4419 .·
370 4359 493 4438 Triplici
516 4361 606 4425 tilulo
626 4363 766 4443 proprius
785 4363 950 4444 Episcopus
970 4383 1034 4426 esse
1054 4369 1168 4444 polest,
1183 4364 1298 4428 scilieet
1319 4371 1351 4426 ιο
1371 4363 1463 4428 ιίιιιιο
1501 4369 1504 4375 ’
1610 4329 1611 4352 ¹

190 4446 361 4508 wionem
373 4447 551 4523 ordimem,
573 4469 628 4512 seu
645 4469 718 4514 mm
735 4452 925 4514 ordiormdus
942 4452 975 4514 in
990 4456 1058 4533 ejm
1076 4451 1198 4517 dimccsi
1211 4461 1305 4518 naurs
1322 4459 1383 4528 esi,
1398 4469 1463 4516 non
