3198 5036
603 200 645 243 or
666 197 916 245 sacnnnrsrrs
1327 188 1391 247 ost

121 307 216 374 efficit
236 305 324 389 'pium
342 311 560 390 cujuscumque
579 307 706 371 virtutis
729 309 931 384 desiderium,
953 315 1068 390 quanto
1089 309 1187 389 magis
1208 310 1394 374 desidorium

119 396 291 480 ipsummet
303 396 491 478 possidendi!
509 397 747 461 Adoniessoriis
766 396 862 477 igitur
876 397 1016 460 fidelibus
1031 397 1096 460 suis
1114 397 1334 478 poenitentibus
1348 419 1395 464 so-

120 487 193 550 dnlo
216 485 417 560 insinuanda,
436 490 467 547 et
482 485 750 549 vehementissime
771 486 1012 548 commendanda
1030 493 1087 548 est.
1103 487 1286 550 communio
1306 488 1394 568 spiri-

120 575 213 639 tualis
239 573 323 636 omni
345 579 481 654 ternpore
500 580 531 637 et
548 574 583 637 in
605 574 691 636 omni
705 576 768 638 loco
786 574 853 636 fiori
872 580 987 655 potest,
1011 581 1073 637 tem
1092 593 1182 638 mane
1200 594 1294 656 qnam
1315 595 1391 638 sero.

119 668 254 746 Tempus
275 669 378 726 tomen
397 663 597 743 opportunius
613 669 659 725 est
678 663 776 744 ipsius
789 663 888 726 Missos
901 669 1024 744 tempus
1042 681 1104 743 qno
1121 663 1235 727 scilicet
1248 665 1390 728 Sacerdos

119 751 434 825 communicantem
455 752 642 824 enimcum
660 752 917 832 augustissimum
938 754 1170 816 Sacramentum
1193 753 1289 816 oculis
1310 753 1394 816 exhi-

117 842 229 905 bentur
242 846 273 903 el
288 839 425 904 vividius
439 841 538 903 menti
551 846 795 921 representetun
816 839 979 904 ardentius
993 841 1082 904 oorda
1098 841 1202 906 divino
1221 859 1324 905 amore
1341 841 1390 905 in-

22 971 24 986 .
118 929 303 994 flammabit.
320 965 360 975 -
376 928 517 1008 Scaoini,
534 935 589 992 etc.

530 1175 676 1262 PARS
721 1176 981 1262 SECUNDA

327 1381 332 1392 ·
410 1371 468 1442 ‚os
485 1348 768 1427 sucnnnrsrrs
787 1371 838 1428 nr
857 1371 1093 1428 sncnrrrcro

159 1544 228 1605 346.
247 1575 285 1586 -
300 1538 491 1604 Eucharistia
509 1556 571 1602 non
591 1539 691 1602 solum
710 1537 917 1616 Sacramenti,
933 1540 986 1602 sed
1003 1539 1098 1602 etiam
1119 1540 1278 1622 Sacrificii
1299 1541 1389 1606 ratio

115 1645 191 1692 nem
210 1628 394 1702 hebetitate
412 1627 449 1689 de
464 1645 497 1690 re
516 1627 723 1690 catechismus
742 1631 914 1701 Romanus,
931 1626 966 1688 de
982 1627 1084 1689 Eucl.
1106 1648 1138 1688 n.
1160 1633 1220 1694 78:
1238 1628 1392 1710 Differunt

114 1726 218 1778 autem
231 1715 396 1794 plurimum
408 1718 493 1776 inter
502 1734 532 1776 se
546 1715 592 1776 lroe
606 1714 672 1777 duce
681 1715 825 1783 rationes.
834 1713 1066 1776 Sacramentum
1081 1719 1160 1776 enim
1173 1721 1390 1779 coruematione

112 1803 277 1886 perficitur
289 1822 301 1862 :
315 1803 408 1864 omnis
428 1821 499 1865 uero
519 1802 678 1882 Sacrificii
696 1802 741 1863 uis
761 1806 794 1862 in
816 1821 850 1862 eo
873 1811 929 1870 est,
953 1811 988 1862 ut
1006 1804 1164 1880 offeratur.
1187 1803 1286 1878 Quare
1303 1824 1390 1868 sacra

113 1889 247 1964 Hostia,
264 1891 335 1952 dum
349 1891 382 1952 in
398 1890 516 1972 pyxide
528 1891 711 1968 sonituum,
730 1889 779 1951 uel
799 1889 839 1952 od
857 1899 999 1970 aeprotum
1017 1891 1163 1973 defertur,
1181 1892 1387 1971 Sacramenti,

113 1997 179 2041 non
194 1979 351 2060 Sacrificii
363 1980 509 2040 rationem
525 1978 623 2040 labet.

156 2068 274 2130 Deinde
286 2073 388 2146 etium,
404 2076 440 2130 ut
452 2067 684 2130 Sacramentum
698 2077 752 2141 est,
770 2068 808 2127 iis
822 2067 874 2148 qui
892 2067 1028 2130 diuinam
1043 2067 1183 2130 Hostiam
1199 2079 1320 2132 sumunt
1333 2091 1390 2134 me·

113 2158 173 2220 riti
186 2175 305 2218 causam
320 2158 425 2237 affert,
442 2165 471 2217 ct
484 2175 582 2218 omnes
600 2155 668 2218 illas
683 2155 846 2234 utilitates,
863 2174 930 2238 qum
949 2175 1040 2237 supro
1056 2169 1289 2222 commemorata
1307 2170 1386 2223 sunt.

117 2245 158 2309 tlt
172 2254 272 2308 aulem
286 2244 480 2326 Sacrificium
491 2253 548 2318 est,
563 2264 625 2306 non
638 2244 774 2306 merendi
784 2246 896 2320 solum,
913 2245 966 2306 sed
976 2245 1184 2326 satisfaciendi
1198 2267 1315 2330 quoque
1328 2250 1389 2330 effi·

115 2335 258 2398 cientium
279 2338 441 2396 continet:
455 2353 524 2395 nom
544 2345 579 2394 ut
603 2331 740 2396 Christus
759 2333 906 2394 Dominus
932 2333 966 2394 in
992 2334 1135 2398 Passioni
1154 2356 1282 2418 utapro
1304 2337 1388 2400 nolu

114 2427 234 2500 mouit,
250 2442 285 2484 ac
298 2423 453 2504 satisfecit,
469 2422 511 2484 sic
525 2425 578 2503 qui
591 2421 643 2483 doc
655 2420 850 2501 Sacrificium
865 2423 1007 2502 offerunt,
1019 2443 1078 2504 quo
1093 2425 1245 2488 nobiscum
1259 2445 1386 2490 commu-

113 2515 233 2591 nicant,
248 2513 416 2576 Dominicoe
431 2511 588 2574 Passionis
604 2512 723 2591 fructus
739 2521 903 2590 merentur,
918 2532 953 2574 ac
965 2512 1171 2593 sansfociunl.

155 2601 358 2676 Eucharistio,
368 2607 405 2664 ut
416 2599 615 2672 mendcium,
625 2599 722 2660 Missa
731 2595 956 2682 nuncupaturi
967 2601 1059 2664 verbo
1070 2605 1198 2678 mittere,
1214 2603 1288 2683 quia
1298 2605 1385 2670 onn-

117 2694 183 2753 stus
198 2689 243 2752 ibi
257 2698 303 2753 est
316 2689 422 2752 Hostia
436 2709 454 2751 e
470 2693 529 2751 Deo
543 2687 655 2764 missen
672 2689 720 2750 vel
729 2691 821 2769 juxta
835 2689 910 2752 alios
924 2689 998 2770 quia
1011 2690 1045 2752 in
1059 2690 1119 2753 fine
1133 2691 1278 2755 Sacrifioii
1292 2711 1385 2773 popu-

113 2777 162 2840 lus
176 2779 357 2853 dimittitur,
374 2778 492 2842 dicento
505 2777 664 2842 Sacerdote
678 2778 724 2839 vel
742 2776 870 2840 Diacono
882 2797 889 2839 :
902 2778 964 2852 Ite,
982 2781 1074 2840 missa
1091 2788 1143 2846 est.

157 2867 314 2948 Apendum
334 2873 366 2930 1⁰
383 2869 420 2930 de
439 2871 551 2930 notura
570 2872 602 2928 et
615 2864 732 2928 virtute
745 2865 889 2928 sacrificii
906 2867 1022 2944 Missae;
1037 2873 1078 2916 '—
1089 2872 1123 2930 20
1138 2869 1174 2931 de
1188 2870 1385 2954 applicatione

114 2956 258 3020 Somifioii
272 2956 386 3031 Missae3
403 2992 442 3002 -
457 2958 489 3018 3⁰
503 2955 540 3016 de
553 2953 735 3034 obligatione
755 2955 880 3018 Missum
898 2954 1084 3033 celebrantis
1100 2993 1141 3004 -
1151 2962 1185 3020 4⁰
1200 2959 1236 3021 de
1250 2963 1384 3038 tempore

113 3051 143 3107 et
154 3046 217 3108 loco
231 3043 456 3119 celebrationis;
473 3078 512 3088 -
526 3047 559 3106 5⁰
572 3043 608 3105 de
620 3041 710 3104 modo
725 3041 904 3106 celebrandi.

638 3243 812 3318 CAPUT
838 3243 853 3318 Ι

340 3435 386 3486 DE
412 3433 555 3484 NATURA
580 3431 625 3482 ET
649 3431 803 3482 VIRTUTE
829 3431 1013 3481 sncslrlon
1038 3431 1151 3484 MISSAE

153 3582 343 3647 montinum
361 3581 529 3662 generatim
549 3585 710 3660 sumptum
728 3577 772 3642 sio
790 3575 996 3640 communiter
1013 3577 1178 3642 definitur:
1197 3579 1317 3644 Oblctio
1331 3601 1381 3645 ec-

112 3680 198 3736 terno
208 3675 256 3734 rei
269 3669 416 3734 sensibilis
427 3689 493 3734 cum
504 3671 570 3752 ejus
584 3669 782 3731 destructione
795 3667 844 3728 uel
855 3666 1067 3746 immutatione,
1081 3667 1138 3730 soli
1154 3669 1216 3731 llco
1225 3670 1311 3751 facta
1324 3691 1382 3753 per

114 3759 281 3844 lepitimum
295 3760 472 3823 Ministrum
487 3761 520 3821 in
533 3758 665 3842 supremi
676 3757 739 3838 ejus
753 3755 884 3823 dominii
893 3757 1155 3836 protestationem.

235 3889 459 3970 Principia.

133 4031 138 4050 ··
150 4023 221 4081 347.
236 4054 276 4063 —
289 4017 313 4080 Ι.
328 4018 419 4082 Missa
438 4024 610 4080 ostiorum
629 4031 715 4078 nove
738 4013 812 4094 legis
834 4012 1032 4076 Sacrificium.
1050 4015 1105 4075 Est
1122 4013 1206 4076 enim
1229 4013 1340 4078 oblatio
1361 4035 1379 4082 a

111 4105 232 4172 Christo
246 4107 392 4170 instituta
404 4105 438 4168 in
449 4123 511 4186 quc
524 4102 653 4185 mystice
666 4109 821 4165 mactatur
835 4101 899 4182 ipse
912 4101 1068 4176 Christus,
1082 4109 1113 4164 et
1127 4101 1252 4166 offertur
1266 4111 1302 4167 nt
1316 4105 1378 4168 rio-

109 4195 188 4258 timc
208 4199 267 4258 Deo
288 4193 371 4258 Petri
391 4194 425 4257 in
446 4192 683 4273 recognitionem
700 4194 766 4272 ejus
781 4190 917 4271 supremi
930 4188 1071 4266 dominii.
1088 4193 1212 4254 Constat
1228 4191 1323 4256 ctiam
1340 4211 1377 4258 ex

108 4281 287 4348 nefimticne
309 4282 447 4346 Ecclesiae
464 4281 497 4344 in
519 4280 618 4357 Trici,
631 4299 701 4342 sess.
716 4281 812 4352 XXII,
832 4297 897 4340 can.
915 4283 930 4340 i
946 4297 953 4338 :
971 4277 1011 4339 Si
1031 4281 1098 4359 quir
1113 4278 1227 4342 draem't
1241 4282 1272 4342 in
1284 4280 1377 4344 Mism

108 4393 169 4434 non
187 4373 297 4454 offerri
311 4373 374 4436 Deo
394 4391 497 4434 oerum
518 4379 548 4432 et
567 4372 726 4451 proprium
746 4366 954 4448 Sacrificium,
971 4367 1126 4448 met'quod
1143 4370 1251 4449 offerri
1264 4390 1323 4432 non
1335 4371 1377 4432 sit

108 4459 194 4525 deind
205 4481 292 4544 piram
311 4461 464 4526 corutum
480 4457 565 4522 nolis
579 4456 620 4519 ad
632 4454 871 4520 manducandum
881 4454 967 4530 dari,
981 4455 1142 4533 anathema
1154 4461 1203 4520 cit.
