3198 5036
155 153 223 214 {56
687 163 895 210 raaararns

195 281 297 353 Quna.
315 281 348 340 3⁰
362 275 410 336 Aa
425 276 554 337 intentio
569 275 743 338 celebrantia
756 274 862 337 deleat
874 295 934 337 ecee
948 273 1090 358 explicite
1103 275 1330 338 determinata?

195 367 287 446 Resp.
312 363 391 447 Nep.
407 363 625 439 Sufficitenim,
638 371 674 427 ut
687 363 910 428 determinetur
920 363 1078 445 implicite.
1094 363 1143 428 Sic
1156 365 1237 428 valet
1248 365 1425 447 applicatio,

157 455 184 517 si
197 454 279 517 dicas
294 474 301 515 :
317 453 415 518 offero
431 452 487 516 hoc
505 452 695 517 Sacrifidum
712 471 766 534 pro
784 471 833 528 eo,
849 452 904 534 qui
922 453 1008 515 dedit
1025 451 1226 534 stipendium,
1242 490 1284 500 -
1296 473 1350 534 pro
1366 473 1426 536 quc

157 542 300 624 Superior
314 543 382 605 vult
393 545 520 606 Sacrum
535 541 615 617 fieri,
627 579 666 588 -
680 560 735 623 pro
749 560 809 623 quo
821 542 916 622 exigit
929 539 1078 616 fundatio,
1091 560 1195 622 -pro
1209 542 1346 606 maximo
1359 561 1426 624 pec·

158 639 271 706 catore,
287 647 342 710 pro
356 629 461 692 anima
474 630 607 710 graviori
625 630 793 694 tentatione
806 629 932 706 afflicta,
948 647 1057 711 -pro
1073 629 1178 693 anima
1195 637 1347 712 purgante
1362 650 1427 695 nra-

154 719 214 803 jori
229 717 343 782 auxilio
357 717 525 799 indigente,
539 725 594 782 aut
607 719 706 800 magis
719 723 779 782 Deo
793 724 889 799 grata,
902 753 943 764 —
955 736 1008 799 pro
1018 718 1162 782 omnibus
1177 719 1341 782 animabus
1352 725 1427 784 Pur-

157 807 278 888 gatorii,
290 843 329 852 —
343 825 398 888 pro
411 825 446 869 eo
458 808 508 870 cui
525 808 673 888 applicare
687 815 802 882 teneor,
813 826 916 888 -pro
929 825 1057 889 persona
1072 807 1121 870 vel
1131 806 1302 870 intentione
1317 808 1428 889 scripto

157 897 205 959 vel
221 899 324 958 mente
346 895 551 958 determinata
571 895 605 959 in
625 895 775 978 principio
794 895 1007 972 hebdomada,
1029 902 1085 959 etc.
1101 899 1183 957 -E
1201 897 1353 960 contrario
1367 913 1427 959 non

156 985 238 1047 valet
259 983 320 1047 ista
333 983 513 1065 applicatio:
529 983 636 1060 Odere,
658 990 695 1047 ut
708 988 787 1048 Deus
801 988 928 1049 Sacrum
948 985 1032 1048 istud
1053 984 1192 1067 applicet.
1208 1019 1248 1032 -
1266 985 1300 1047 V.
1320 983 1426 1064 Caeca,

158 1083 181 1136 t.
193 1075 231 1147 Π,
242 1093 274 1134 a.
290 1077 349 1136 325
364 1082 394 1134 et
406 1092 437 1134 se
461 1120 468 1134 .

195 1165 264 1225 356.
282 1198 321 1207 -
335 1094 486 1236 Quaaqi⁰
498 1160 536 1222 Si
549 1160 698 1224 Sacerdos
712 1166 861 1244 acceperit
872 1162 1023 1244 stipendia
1037 1183 1056 1222 a
1072 1167 1110 1226 to
1121 1163 1270 1245 personia
1288 1181 1329 1222 aa
1341 1167 1430 1224 satia·

155 1250 255 1332 saciat
264 1249 440 1312 celebrando
454 1269 521 1312 cum
534 1253 705 1312 intentione
716 1251 843 1332 confusa
857 1261 886 1314 et
901 1249 1154 1313 indeterminata?

198 1339 287 1419 Resp.
303 1338 382 1420 Nep.
400 1338 541 1414 omnium
558 1339 632 1419 quia
648 1339 816 1422 requiritur
832 1339 964 1403 intentio
977 1340 1182 1403 determinata
1194 1340 1303 1402 saltem
1316 1341 1356 1402 ad
1368 1357 1429 1402 cer·

158 1431 223 1489 iam
237 1444 412 1507 personam;
438 1426 578 1507 alioquin
591 1427 676 1489 nulla
691 1434 737 1490 est
750 1427 844 1502 ratio,
861 1447 915 1491 cur
934 1428 990 1490 uni
1003 1429 1106 1510 potius
1120 1446 1215 1509 quam
1227 1427 1317 1490 alteri
1339 1428 1432 1493 Missa

160 1513 341 1596 applicetur,
363 1521 393 1577 et
419 1515 462 1577 sic
487 1515 565 1578 nulli
585 1516 797 1597 applicaretur.
818 1553 857 1562 -
878 1515 913 1578 S.
935 1517 1003 1598 Lip.
1028 1539 1059 1578 a.
1083 1521 1152 1582 335.
1174 1553 1213 1604 .··
1236 1519 1381 1580 Attamen
1403 1515 1432 1579 si

158 1603 330 1685 quamlibet
342 1603 468 1666 Missam
482 1603 655 1667 intenderet
668 1604 816 1687 applicare
836 1606 939 1668 decem
965 1605 1026 1669 illis
1042 1605 1190 1687 personis,
1208 1604 1338 1686 singulis
1352 1604 1431 1668 deoi-

159 1709 245 1754 mam
267 1699 387 1774 partem
409 1691 571 1774 cujuslibet
597 1693 697 1758 Missa
719 1693 911 1774 applicando,
937 1693 1113 1774 obligationi
1135 1694 1333 1769 satisfacerem
1357 1692 1432 1776 quia

158 1781 276 1844 tructus
290 1781 434 1844 sacrificii
456 1787 503 1844 est
523 1781 703 1856 divisibilis,
719 1788 750 1845 et
763 1783 930 1863 unicuique
945 1783 1104 1858 tribuitur,
1128 1784 1210 1866 quod
1229 1783 1257 1846 ei
1277 1782 1431 1845 debetur:

160 1870 374 1952 unusquisque
388 1869 473 1933 enim
486 1868 522 1934 in
536 1869 666 1952 singulis
687 1872 792 1935 decem
810 1871 910 1937 Missis
934 1872 1083 1934 decimam
1097 1871 1215 1934 fructus
1234 1875 1350 1952 partem
1363 1888 1432 1951 per-

160 1957 290 2040 cipiens,
304 1959 382 2022 facto
396 1957 513 2022 decimo
528 1963 632 2034 Sacro,
647 1961 713 2041 jam
727 1960 905 2026 totumasibi
919 1961 1058 2024 debiturn
1076 1961 1213 2024 fructum
1231 1967 1278 2022 est
1291 1960 1430 2040 adeptus.

159 2083 199 2094 -
214 2048 250 2111 S.
269 2047 352 2130 Ligu,
366 2069 397 2109 a.
412 2052 482 2125 335,
498 2067 565 2110 cum
581 2049 653 2110 aliia
664 2049 778 2114 matta.

200 2141 269 2201 35¹1.
287 2173 326 2182 -
345 2139 447 2211 Qasr.
470 2141 502 2200 5⁰
525 2137 677 2212 Quonaodo
695 2137 923 2200 determinanda
935 2143 978 2200 sit
989 2139 1168 2223 applicatio,
1182 2138 1303 2221 quando
1317 2141 1436 2221 stipen-

162 2224 214 2287 dia
225 2247 243 2286 a
254 2225 357 2286 mellic
372 2225 486 2304 r'qaotic
500 2224 627 2300 dantur,
643 2235 678 2286 at
692 2227 725 2287 ia
737 2227 804 2310 piis
816 2227 1113 2309 peregrinationibus
1125 2227 1243 2290 euenire
1256 2225 1356 2289 solet?

201 2315 293 2395 Rerp.
307 2332 320 2372 .·
333 2311 466 2374 Intentio
481 2311 616 2375 facienda
631 2319 678 2376 est
698 2332 750 2394 pro
769 2314 808 2377 iis
823 2315 877 2396 qui
899 2314 1002 2396 priora
1021 2317 1172 2380 dederunt
1194 2315 1357 2397 stipendia.
1375 2319 1437 2379 Hoc

161 2401 246 2464 facile
260 2399 403 2473 succedit,
418 2400 540 2480 quando
553 2398 637 2462 idem
646 2402 786 2465 Sacerdos
796 2403 940 2466 omnibus
957 2404 1194 2485 obligationibus
1205 2403 1435 2468 estsatisiaotu-

161 2507 215 2552 rus
224 2509 230 2563 ;
240 2505 295 2550 nec
307 2487 401 2561 obest,
413 2488 494 2569 quod
504 2487 569 2568 ipse
579 2495 698 2570 partem
710 2490 959 2555 celebrandarum
967 2493 1130 2558 Missarum
1140 2493 1208 2556 aliis
1221 2493 1435 2557 Sacerdotibus

160 2576 237 2639 forte
250 2574 439 2638 distribuat:
459 2575 532 2658 quia
550 2575 617 2640 illas
630 2579 737 2641 codem
750 2579 871 2657 ordine,
893 2599 953 2662 quo
970 2583 1097 2664 accepit,
1113 2582 1296 2645 distribuere
1315 2585 1431 2662 potest;

162 2663 250 2728 etsie
275 2661 458 2728 sufficienter
472 2665 633 2746 applicatio
654 2668 857 2732 determinata
869 2669 1001 2734 videtur.
1021 2669 1185 2734 Difficultas
1200 2673 1297 2751 major
1310 2668 1435 2732 videtur

162 2754 281 2828 adesse,
303 2752 330 2816 si
345 2752 477 2818 Sacrista
491 2754 539 2817 vel
553 2753 631 2818 alius
648 2757 747 2819 multa
768 2756 919 2838 stipendia
940 2779 958 2822 a
978 2759 1107 2822 diversis
1121 2759 1288 2840 collegerit,
1302 2761 1332 2820 et
1344 2776 1436 2840 pecu-

162 2843 248 2905 niam
260 2841 416 2906 confusam
437 2842 577 2924 pluribus
589 2845 801 2908 Sacerdotibus
822 2846 1003 2925 distribuat;
1029 2848 1085 2930 qui
1103 2867 1190 2912 casus
1205 2847 1315 2911 obvius
1328 2854 1360 2911 et
1376 2846 1437 2910 fre-

163 2949 260 3011 quens
271 2937 329 2994 est.
345 2933 499 3008 Quomodo
513 2931 597 2994 enim
613 2940 687 2996 tunc
697 2933 835 2998 facienda
849 2935 908 2998 erit
919 2936 1019 3000 Missae
1034 2937 1220 3018 applicatio?
1233 2937 1410 3017 Respondeo
1424 2955 1434 2998 τ

164 3019 247 3084 Nibr'l
265 3019 349 3082 aliud
365 3019 539 3082 faciendum
552 3028 614 3096 est,
635 3041 733 3103 neque
751 3023 836 3086 aliud
849 3025 1005 3088 moraliter
1019 3025 1085 3089 fieri
1100 3029 1207 3106 potest,
1222 3043 1316 3107 quam
1330 3032 1369 3088 ut
1384 3043 1437 3106 ap-

163 3107 285 3189 plicatio
301 3108 355 3171 fiat
362 3111 454 3189 juxta
468 3108 606 3172 ordinem
621 3110 776 3192 temporis,
791 3131 851 3194 quo
866 3112 1018 3194 stipendia
1031 3133 1049 3176 a
1063 3113 1202 3177 fidelibus
1216 3120 1338 3194 erogata
1347 3120 1434 3190 sunt,

159 3199 250 3279 juxta
272 3197 410 3272 axioma,
434 3199 516 3280 quod
539 3198 702 3280 aliquando
720 3200 754 3263 in
769 3201 901 3283 justitia
922 3203 1052 3266 materia
1064 3209 1254 3284 usurpatur:
1280 3203 1339 3278 Qui
1347 3203 1437 3285 prior

163 3295 308 3368 tempore,
322 3286 589 3368 potiorjare.1mo
603 3307 658 3351 nec
671 3289 877 3353 necessarium
891 3297 952 3366 est,
968 3298 1006 3354 ut
1018 3292 1160 3354 Sacerdos
1171 3293 1210 3354 ad
1224 3290 1280 3354 hoc
1294 3291 1437 3372 explicite

163 3375 318 3451 attendat;
338 3374 490 3456 siquidem
511 3375 554 3437 sic
572 3377 648 3440 velle
669 3396 757 3458 agere
775 3384 929 3455 censetur,
949 3398 1020 3443 cum
1038 3379 1071 3443 id
1092 3381 1260 3461 expostulet
1281 3379 1432 3443 naturalis

163 3464 303 3545 aequitas.
317 3463 395 3527 Hinc
407 3463 434 3526 si
448 3483 485 3526 ex
499 3466 621 3529 cumulo
633 3467 848 3542 communi,v.
860 3487 918 3548 gn,
931 3487 969 3532 er
982 3487 1050 3532 arca
1069 3468 1103 3531 in
1121 3468 1243 3531 ecclesia
1256 3468 1370 3549 posita,
1386 3468 1436 3532 vel

165 3571 184 3614 a
196 3552 362 3616 Missurum
376 3551 589 3630 distributore,
602 3555 755 3636 stipendia
768 3574 821 3636 pro
842 3561 882 3621 20
894 3557 994 3622 Missis
1012 3557 1174 3638 acceperisl,
1191 3557 1276 3619 nulla
1289 3555 1350 3620 alia
1363 3573 1437 3620 cura

164 3639 223 3703 tibi
236 3641 413 3705 incumbere
424 3641 524 3717 debet,
538 3642 600 3705 nisi
614 3650 651 3706 ut
665 3645 791 3708 Sacrum
805 3644 936 3724 vigesies¹
946 3645 1039 3709 facias
1052 3645 1094 3709 ad
1107 3645 1207 3708 dantis
1222 3645 1436 3708 intentionem.

164 3729 352 3794 Distributor
366 3731 432 3811 ipse
446 3731 584 3794 eamdem
598 3731 779 3813 implicitam
797 3731 1002 3797 intentionem
1022 3735 1133 3798 habere
1150 3741 1302 3809 censetur,
1330 3741 1368 3797 ut
1381 3733 1437 3797 sti-

165 3819 275 3896 pendia
284 3822 375 3900 Juxta
394 3817 539 3899 temporis
553 3819 773 3900 antiquitatem
789 3821 956 3885 successive
969 3830 1081 3904 eroget.
1097 3827 1198 3887 Potest
1216 3827 1320 3886 tamen
1334 3827 1438 3888 Sacer·

165 3904 219 3966 dos
239 3907 402 3984 pralatmn
421 3906 561 3971 ordinem
581 3906 753 3971 intentione
773 3927 914 3990 expressa
929 3909 1153 3993 interrumpere
1172 3911 1259 3994 gravi
1279 3911 1383 3994 aliqua
1401 3913 1439 3976 de

165 4008 270 4066 causa,
287 4013 317 4057 v.
336 4013 394 4075 gr,
409 3995 435 4058 si
450 4013 511 4078 qua
525 3994 586 4058 alia
598 3995 691 4062 Missa
704 4003 825 4080 urgeat,
843 3999 890 4062 vel
905 4003 1005 4082 majus
1020 4001 1210 4082 stipendium
1223 4000 1387 4082 acceperit,
1404 4003 1438 4063 ut

166 4082 293 4142 Sacrum
303 4100 366 4145 non
377 4083 511 4160 differat,
527 4091 585 4148 etc.

206 4171 275 4232 358.
291 4201 332 4217 -
347 4173 447 4246 Quina.
464 4177 496 4237 6·
510 4175 561 4236 Aa
575 4174 675 4237 vadat
688 4173 856 4258 applicatio
869 4177 953 4258 facta
970 4183 1037 4242 vivo
1050 4197 1136 4262 quem
1150 4178 1249 4241 credis
1266 4188 1435 4258 mortuam,

164 4256 192 4314 ai
207 4263 322 4320 tantam
333 4279 390 4340 pro
403 4279 437 4322 eo
446 4261 515 4342 jam
530 4273 646 4327 mortuo
660 4264 809 4328 celebrare
821 4264 990 4331 &budecal

205 4343 294 4426 Ilecp.
318 4345 397 4430 Nea.
418 4367 554 4430 prorsus.
571 4352 659 4418 Ratio
673 4360 734 4429 est,
753 4353 827 4436 quia
841 4353 985 4436 obligatio
998 4357 1081 4420 cadit
1091 4356 1126 4420 in
1139 4357 1373 4438 applicationem
1388 4357 1438 4418 de·

164 4426 268 4497 functo
281 4435 466 4514 faciendam,
484 4438 522 4500 ad
535 4442 601 4522 ejus
615 4441 753 4506 animam
771 4461 789 4504 a
808 4443 907 4524 pmnia
925 4445 1097 4527 rurgaarii
1112 4446 1346 4523 sublevandam
1362 4443 1435 4508 finis
