3198 5036
160 244 227 304 {96
688 255 895 300 ralorsaos

198 370 287 448 Resp.
302 373 353 430 2⁰:
371 371 436 431 Non
454 373 583 448 possunt
605 371 709 428 autern
725 366 950 429 Eucharistiam
965 366 1142 428 ministrare
1158 373 1189 429 t⁰
1204 369 1239 430 ln
1259 367 1323 430 suis
1340 371 1429 432 eccle-

159 457 214 520 siis
227 457 276 519 die
296 455 465 530 paschatis,
480 460 516 518 ut
532 455 621 517 modo
636 454 753 516 dictum
774 460 830 516 est.
846 455 896 516 Int
884 454 1001 533 tellige‚
1019 454 1046 517 si
1062 471 1163 517 sermo
1178 455 1220 517 sit
1239 455 1275 517 de
1293 458 1429 535 personis

158 545 369 620 saeerdarihuS,
385 543 567 608 Monastcrio
585 548 709 605 actuet
726 543 810 604 intre
828 549 913 622 septa
930 561 992 606 non
1011 542 1270 618 inservientibus,
1292 545 1374 606 etsi
1363 563 1429 628 Jam

157 641 245 698 antea
259 639 405 714 praecepto
419 651 531 695 annum
544 630 800 695 Communionis'
792 650 825 692 rn
843 631 964 712 propria
980 631 1122 711 parochia
1139 631 1200 696 illae
1218 631 1431 698 satisfecerint.

157 725 204 786 Ita
224 722 387 804 sepiusS.
408 719 444 784 C
463 719 498 784 C.
516 719 722 803 apedBened.
739 719 829 782 XIV
846 719 882 781 de
899 719 977 800 Syn.
996 718 1016 780 l.
1033 719 1092 783 IX.
1108 739 1134 781 e
1151 739 1215 784 ιιι.
1233 741 1265 782 ιι.
1281 723 1311 784 3.
1325 721 1436 804 Aliqui

157 818 262 874 tamen
279 816 435 885 asserrmt,
407 809 510 873 tsed
525 809 631 873 minos
651 814 745 884 recte,
764 815 800 870 ut
816 808 899 870 videt
886 812 947 882 t,ur
968 807 1071 870 adesse
1091 813 1283 872 constantem
1306 827 1435 873 consuc-

155 899 328 964 tudinem
320 919 353 962 ιιι
373 897 577 973 contrarium,
599 917 668 980 quae
690 900 742 978 jus
763 897 913 960 adstruat
930 896 1019 958 -S.
1036 897 1105 979 Lip.
1125 919 1157 958 n.
1172 901 1243 962 elo
1259 901 1293 960 2⁰
1307 899 1343 960 In
1361 897 1432 961 aliis

157 987 570 1064 ecclesiis,nis1delicentia
589 987 647 1049 salt
634 993 696 1049 tem
716 991 904 1066 presumpta
922 986 1135 1062 Parachorum,
1150 992 1204 1048 aut
1216 987 1418 1088 superiorum

157 1081 190 1141 3⁰
200 1081 268 1152 Nec,
285 1081 408 1157 excepto
421 1075 610 1139 necessitatis
625 1093 707 1149 casu,
723 1082 809 1136 extra
821 1073 982 1137 ecclesias
974 1091 1007 1136 ιιι
1020 1035 1153 1154 periculo
1170 1074 1296 1150 mortis,
1313 1075 1375 1138 nisi
1394 1075 1432 1138 de

155 1165 277 1228 lieentia
295 1183 438 1246 expressa
458 1165 673 1227 Parochorum.
694 1163 726 1228 Si
744 1169 849 1226 autem
870 1162 965 1225 facere
983 1163 1016 1226 id
1032 1171 1237 1243 presumant,
1253 1181 1433 1228 excommu-

156 1254 342 1318 nicationem
356 1254 424 1318 late
439 1253 599 1316 sententie
618 1256 654 1316 R.
671 1251 810 1314 Pontifici
825 1251 1005 1332 simpliciter
1019 1259 1178 1315 reservata
1200 1251 1375 1316 incurrunt.
1390 1287 1433 1302 -

156 1342 259 1404 Conse.
287 1341 464 1424 Apostolicee
484 1341 584 1416 Sedis
605 1341 734 1404 Eccum.
764 1344 853 1423 simp.
876 1361 932 1403 res.
964 1361 994 1401 u.
1017 1346 1067 1404 lt.
1084 1377 1123 1385 -
1138 1341 1242 1416 Ettet,
1269 1361 1299 1402 n.
1325 1345 1375 1404 57.
1391 1379 1431 1388 —

156 1431 256 1512 Lupo,
271 1436 326 1494 etc.
344 1466 382 1478 -
398 1431 435 1493 S.
452 1431 521 1511 Lip.
537 1452 567 1491 η.
582 1434 654 1494 ato.

661 1603 877 1664 ARTICULUS
897 1603 923 1661 ΙΙ

433 1749 470 1792 DE
491 1747 687 1792 OBLIGATIONE
708 1747 930 1791 llUCHdeSTIAll
952 1747 1148 1791 ulerunsnuul

276 1857 501 1938 Principia.

195 1993 264 2052 aet.
278 2024 318 2034 -
332 1991 355 2050 l.
373 1987 533 2061 Parochus,
550 2005 603 2048 seu
617 1986 720 2066 quivis
733 1987 874 2050 Sacerdos
885 1985 1003 2048 hahens
1017 2003 1123 2048 euram
1137 1985 1331 2060 animarum,
1345 1991 1427 2048 ‘teue-

154 2083 206 2141 tur
216 2097 254 2141 ex
264 2077 387 2159 Justitia
406 2075 633 2138 Eucharistiam
648 2075 781 2136 subditis
802 2074 979 2136 ministrare
993 2092 1054 2136 non
1074 2075 1174 2137 solum
1190 2074 1225 2138 in
1239 2073 1382 2138 Paschate
1396 2079 1427 2136 et

154 2167 188 2230 in
206 2173 319 2241 morte,
337 2164 495 2229 sedetiam
514 2163 633 2244 quoties
653 2162 877 2224 rationabiliter
890 2169 1017 2242 potunt,
1033 2164 1149 2226 seclusa
1171 2167 1274 2226 tamen
1295 2162 1427 2243 legitimi

153 2253 369 2336 impedimenti
380 2271 481 2314 causa.
495 2251 584 2315 Ratio
599 2257 655 2324 est,
670 2250 744 2330 quia
757 2251 795 2312 ad
806 2250 976 2313 Parochum
988 2258 1104 2332 spectat
1115 2270 1153 2314 ex
1164 2252 1428 2333 quasiaontractu

154 2344 327 2424 providere,
341 2359 404 2404 non
415 2341 517 2402 solum
529 2346 568 2401 ut
578 2338 679 2401 fideles
691 2339 880 2418 adimpleant
897 2346 1060 2420 precepta,
1077 2341 1174 2403 sedt
1143 2360 1160 2403 e
1161 2340 1238 2404 tiam
1252 2343 1363 2403 utnon
1378 2358 1426 2402 ca-

155 2437 242 2496 reant
256 2428 408 2511 presidiis
427 2446 495 2509 que
516 2426 664 2509 profectui
688 2426 842 2507 spirituali
861 2427 948 2490 valde
966 2432 1160 2508 prosunt—
1121 2427 1212 2490 -—.S
1233 2429 1315 2510 lig,
1332 2425 1423 2492 Hom.

154 2529 253 2670 ‘spii‘
256 2521 398 2670 sinaitas
417 2605 561 2686 quilibet,
585 2605 650 2668 sive
670 2605 868 2669 saecularis
844 2625 908 2670 srva
928 2607 1093 2686 regularis,
1114 2613 1247 2682 tenetur,
1268 2607 1425 2670 deficiente

153 2696 301 2771 parocho,
320 2693 547 2758 Eucharistiam
563 2693 715 2757 morituro
729 2695 922 2772 ministrare,
942 2713 1027 2758 secus
1041 2695 1076 2756 in
1089 2694 1158 2757 aliis
1179 2693 1312 2758 casibus.
1336 2694 1425 2760 Ratio

150 2786 248 2868 pruina·
261 2791 325 2859 est,
338 2783 414 2865 quia
430 2782 558 2864 quilibet
578 2801 615 2845 ex
635 2783 768 2846 Carimte
791 2790 914 2846 tenetur
931 2783 1071 2864 proximo
1091 2803 1146 2846 suo
1165 2784 1200 2846 iu
1219 2790 1307 2847 tanta
1324 2789 1425 2847 extre-

151 2874 261 2937 mitate
274 2873 441 2936 constituto
458 2891 510 2952 per
524 2872 581 2934 hoc
597 2873 774 2935 salutemet
790 2871 1033 2934 efficacissimum
1050 2871 1221 2936 remedium
1236 2891 1422 2935 succurrere.

152 2963 241 3027 Ratio
252 2963 375 3025 secundi
386 2967 481 3042 patet.
500 2961 589 3024 Nulla
602 2961 687 3023 enim
707 2961 874 3024 intervenit
888 2961 1047 3041 obligatio,
1065 2961 1129 3023 sive
1143 2979 1180 3023 ex
1194 2960 1335 3042 justitia,
1351 2979 1424 3024 cum

151 3051 256 3114 nudus
273 3052 316 3116 sit
331 3055 518 3125 contractus,
535 3049 599 3112 sive
617 3069 655 3112 ex
670 3049 816 3126 Caritate,
833 3067 905 3111 oum
925 3068 986 3112 non
1010 3054 1198 3130 supponatur
1214 3049 1318 3112 adesse
1334 3067 1423 3112 casus

151 3140 351 3204 necessitatis.

273 3269 467 3346 Quaeslte.

190 3403 259 3462 Μ
275 3433 316 3444 -
334 3401 435 3474 Quum
454 3403 486 3459 l⁰
500 3397 548 3457 Aa
562 3397 717 3458 Paroedus
737 3407 877 3458 teneatur
890 3401 980 3458 etiam
998 3399 1180 3478 inuestigare
1195 3397 1333 3479 infimos
1351 3393 1423 3458 En·

151 3488 327 3550 choristiam
337 3507 396 3548 noo
406 3496 558 3568 petentes,
573 3495 606 3546 ut
618 3505 684 3547 eam
698 3487 772 3566 ipsis
783 3487 952 3548 ministret?

191 3577 282 3659 Hesp.
299 3571 437 3658 ilsfirm„
456 3575 564 3638 sultam
583 3574 609 3636 si
629 3575 693 3637 sint
713 3573 747 3636 in
762 3575 847 3655 gravi
866 3575 975 3636 mortis
998 3575 1142 3654 periodo.
1161 3576 1249 3640 Ratio
1270 3583 1316 3638 est
1328 3623 1336 3648 ,
1350 3575 1424 3656 quia

153 3663 285 3728 officium
299 3671 345 3727 est
364 3663 436 3728 honi
457 3663 589 3726 Pastoris
606 3681 726 3738 curare,
744 3662 903 3725 uteribus
923 3662 1037 3725 suisio
1055 3669 1142 3726 tanto
1158 3664 1290 3745 periculo
1309 3662 1423 3728 comd-

150 3753 228 3815 tutis
249 3759 315 3816 tam
339 3753 472 3816 salutare
492 3751 663 3814 remedium
688 3751 908 3832 suppeditetur.
932 3749 1092 3830 Colligitur
1116 3759 1260 3834 preterca
1282 3771 1320 3815 ex
1349 3755 1423 3816 lure

150 3843 308 3917 oenomao,
328 3846 376 3902 tit.
394 3841 430 3904 de
444 3841 644 3903 delibatione
658 3841 836 3903 Mamm.

189 3933 292 4005 Quian.
308 3933 342 3992 2⁰
357 3933 408 3992 An
423 3929 580 3992 Porcellus
600 3939 736 3991 teneatur
746 3947 802 4009 per
821 3947 849 3990 se
869 3929 966 4009 ipsum
981 3927 1211 3992 cucharistiam
1225 3929 1350 3993 suediae
1363 3931 1421 3994 mi·

149 4017 303 4080 ambare?

191 4107 279 4187 Hesp.
295 4105 373 4187 Nep.
390 4107 506 4170 Sufficit
525 4107 626 4182 enim,
643 4106 669 4169 si
683 4105 854 4187 provideat,
871 4113 908 4168 nt
921 4105 1063 4187 quisquis
1076 4118 1248 4189 opportune
1260 4107 1355 4189 petit,
1368 4111 1423 4170 aul

148 4194 281 4276 indiget,
301 4195 407 4258 eadem
428 4213 489 4258 non
511 4195 680 4258 fraudetur.
700 4199 803 4258 Potest
820 4193 925 4274 igitur·
935 4194 1151 4275 obligationem
1166 4196 1261 4259 mam
1279 4215 1333 4276 per
1347 4194 1422 4258 alios

148 4284 323 4364 adimplere.
342 4285 487 4345 Attamen
501 4303 668 4364 precavere
685 4284 791 4357 debet,
811 4301 850 4344 ne
863 4282 1003 4346 videatur
1016 4283 1132 4346 otiosus
1145 4293 1177 4347 et
1189 4283 1421 4359 incuriosussi

148 4373 258 4435 munia
273 4387 329 4435 sua
342 4370 543 4435 habitualiter
558 4374 701 4454 peratiae
717 4372 890 4452 adimpleat.

187 4463 288 4536 Quen.
307 4465 339 4526 30
355 4461 405 4522 An
426 4465 562 4542 praviter
581 4473 681 4544 peccet
704 4461 877 4538 Perocdus,
898 4462 1013 4544 quoties
1037 4463 1271 4526 Eaedurutiom
1297 4463 1422 4546 demeat

147 4550 373 4614 rationabiliter
385 4548 522 4635 petenti?
