3180 5040
552 265 592 310 nn
612 263 992 312 tnnuautnurrffleus

180 381 249 442 liae
262 375 413 442 versiculo
427 375 566 456 mausoli
577 377 767 440 saisientur
778 396 788 440 τ

335 489 424 546 Fonte
437 503 519 559 rous,
535 491 637 561 sacris,
650 505 787 561 censura,
801 489 936 563 crimine,
950 490 1037 550 letho.

348 636 375 703 1.
392 673 437 686 -
454 633 629 724 Baptismi
644 637 782 704 iteratio
801 645 903 726 atque
920 639 1018 706 mala
1035 640 1211 727 susceptio.

181 783 270 845 taso.
287 815 327 828 -
336 781 414 844 Hinc
423 781 599 862 irregularis
609 787 670 858 est,
684 792 714 852 1⁰
728 781 783 866 qui
797 782 832 845 in
844 782 949 847 adulta
962 787 1051 848 atate
1065 783 1259 867 Baptismum
1270 785 1307 847 ab
1321 783 1415 849 haere-

142 871 199 932 tico
214 871 361 972 deaurato
381 871 512 951 suscepit
529 877 615 934 extra
630 889 736 936 casum
749 871 953 948 necessitatis,
970 873 1044 955 quie
1058 875 1123 956 ejus
1137 873 1231 938 erro1i
1243 873 1415 938 communi-

140 959 427 1128 oessvtiilritgirblice
443 1048 474 1110 et
495 1045 671 1112 solemniter
684 1047 866 1130 rebaptizat,
882 1049 958 1112 item
977 1050 1032 1133 qui
1052 1052 1181 1116 scienter
1195 1050 1412 1134 rebaptizatum

139 1135 216 1200 item
228 1135 361 1239 Olericus
371 1137 520 1240 asustens
535 1137 691 1218 Baptismo
705 1137 821 1200 iterum
835 1139 952 1201 collato.
969 1143 1014 1203 lta
1028 1159 1066 1203 ea
1075 1140 1220 1222 pluribus
1236 1139 1305 1203 locis
1316 1140 1413 1204 luris.

139 1225 275 1375 'bibi
284 1225 561 1389 Ειὲθξὲἵῑῖἷήῗὸῗιὲ
576 1314 654 1398 spa
676 1315 697 1376 ι.
720 1316 1235 1399 vu‚e.;v1‚arrregnar1s‚qui
1252 1317 1417 1398 rebaptizas

139 1400 235 1463 etiam
250 1401 307 1464 snb
320 1402 493 1467 conditione
507 1404 706 1485 culpabiliter,
728 1424 783 1468 seu
804 1406 870 1468 sine
888 1425 979 1469 causa
996 1409 1091 1488 justa.
1111 1407 1170 1470 Sed
1188 1407 1245 1469 hoc
1258 1406 1323 1487 ipse
1333 1411 1416 1469 tenet

139 1495 177 1551 ut
187 1490 292 1552 doctor
306 1491 515 1570 particularis,
527 1497 631 1555 contra
640 1494 756 1556 multos
770 1493 855 1557 alios.
872 1498 963 1558 Porro
975 1496 1014 1557 ad
1026 1494 1284 1576 irregularitatem
1298 1500 1416 1558 contra-

139 1576 274 1640 hendam
287 1579 459 1659 requiritur
470 1579 630 1644 umbrida.

265 1707 461 1782 Quaesitae.

180 1837 285 1910 Quae.
302 1840 333 1896 l⁰
342 1834 391 1894 Aa
403 1836 460 1916 fiat
472 1835 671 1918 impuleris,
686 1838 744 1918 qui
755 1837 870 1900 occulte
882 1837 1074 1920 rebeptirati

181 1921 272 2004 Resp.
284 1943 297 1984 .·
307 1923 437 1986 Videtur
448 1925 624 2004 negandum
635 1925 820 2006 probabilius
824 1945 837 2005 ,·
847 1927 921 2009 quia
934 1927 969 1989 in
980 1930 1053 1990 Jurc
1068 1941 1134 1990 amr.
1149 1926 1272 1990 videtu
1285 1926 1335 2006 agi
1348 1931 1417 1989 ten-

139 2016 208 2073 tum
224 2012 261 2073 de
273 2030 308 2074 eo
323 2011 375 2093 qui
389 2012 509 2092 publice
525 2014 700 2094 rebaptizat.
715 2017 821 2078 —Ita
837 2017 1015 2098 Leporaria·
1034 2016 1175 2098 Sylvius,
1196 2022 1254 2079 etc.

180 2102 282 2175 Ourna.
299 2105 333 2162 2⁰
343 2101 395 2164 Aa
408 2105 449 2163 sit
463 2102 646 2185 irrepalaas
661 2105 852 2186 rebaptizans
865 2106 913 2168 vel
928 2106 1134 2187 rebaptizatus
1145 2125 1183 2168 ec
1197 2105 1297 2168 metu?

179 2188 272 2270 llesp.
286 2188 364 2272 Nep.
381 2191 489 2252 saltem
498 2192 712 2274 probabiliter,
734 2193 804 2256 licet
822 2201 923 2257 metus
942 2211 1004 2256 non
1023 2193 1110 2257 tollat
1124 2193 1350 2268 voluntarium,
1365 2209 1419 2253 nee

137 2281 293 2358 apostata
305 2283 438 2342 excuset.
450 2279 552 2342 -Ita
565 2277 602 2345 S.
617 2281 703 2364 Llp„
717 2301 748 2344 u.
766 2287 840 2360 356,
857 2288 915 2346 etc.

322 2433 366 2502 ll.
382 2469 428 2485 -
452 2435 627 2505 &aarum
643 2439 826 2524 usurpatio
841 2444 903 2505 aut
919 2435 1043 2507 illicita
1060 2439 1236 2526 susceptio.

170 2571 272 2634 'rest
286 2607 326 2616 -
344 2577 374 2634 1⁰
396 2571 572 2656 Usarpotia.
588 2574 770 2654 irregulares
785 2580 874 2649 eunt,
890 2572 947 2656 qui
964 2572 1142 2636 solemmter
1159 2580 1301 2636 exercem
1315 2581 1418 2636 sctum

141 2659 263 2809 Oaffltiis
270 2659 475 2825 ssbbiibefflem
488 2680 550 2724 non
562 2661 689 2726 habent.
700 2661 908 2724 Probabiliter
920 2668 1024 2725 tantm
1036 2661 1092 2724 soli
1102 2662 1208 2726 Clerici
1218 2662 1292 2724 huic
1302 2662 1418 2743 irregu-

182 2837 216 2894 Ψ
237 2830 396 2914 Suseeptio
409 2831 533 2895 illicito.
548 2833 596 2896 Sic
610 2835 867 2914 irregularitatem
881 2835 1061 2910 incurrunt,
1075 2835 1130 2916 qui
1143 2835 1257 2900 itutive
1271 2837 1417 2900 ordinen-

144 2928 207 2996 tur,
224 2919 256 2982 id
272 2927 334 2995 est,
350 2920 405 3000 qui
418 2939 481 2984 non
495 2921 679 2997 examinati,
697 2940 753 2986 nec
768 2921 912 2997 admissi,
929 2942 983 3003 per
998 2923 1120 3001 dolum,
1139 2923 1235 2988 inscio
1254 2924 1415 3007 Episcopo,

145 3027 210 3072 sese
228 3008 405 3072 ordinandis
421 3008 613 3086 immiscent;
631 3010 686 3092 qui
700 3017 808 3074 curam
829 3011 1001 3092 promoveri
1015 3012 1054 3075 ab
1070 3013 1170 3076 alieno
1188 3013 1333 3095 Episcopo
1352 3015 1419 3077 sine

145 3097 256 3161 littoris
269 3097 539 3176 dimissorialibus,
556 3099 604 3163 vd
618 3100 674 3184 qui
690 3101 791 3182 plures
805 3101 933 3163 Ordines
950 3119 1049 3164 saeros
1063 3103 1170 3164 eodem
1186 3102 1234 3165 die
1248 3102 1416 3184 rccipiunt,

146 3194 177 3249 et
196 3185 393 3268 probabiliter
414 3186 507 3250 etiam
525 3207 577 3270 per
598 3189 713 3251 saltum
732 3189 929 3265 ordinantur;
950 3189 1081 3270 denique
1102 3190 1157 3270 qui
1176 3191 1359 3253 ordinentur
1379 3191 1418 3254 ab

145 3275 290 3358 Episcopo
305 3294 468 3358 suspenso,
479 3277 635 3352 haeretico,
650 3277 858 3353 schismatico,
874 3284 929 3341 out
941 3276 1117 3342 simoniaco.
1130 3313 1169 3323 -
1181 3277 1219 3340 S.
1231 3278 1301 3360 Lip.
1315 3299 1345 3340 r.
1358 3283 1417 3344 357

146 3374 174 3426 et
195 3385 255 3450 seq.

546 3482 609 3551 111.
626 3517 670 3532 —·
694 3482 842 3550 Violatta
856 3501 1020 3550 emsurse.

186 3629 275 3691 tote.
288 3663 328 3674 —
340 3625 522 3710 Irregularss
537 3635 629 3704 sunt,
643 3627 699 3712 qui
714 3627 834 3692 vinculo
849 3627 978 3710 alicujus
992 3646 1127 3691 censura
1141 3626 1229 3708 ligati
1243 3625 1421 3690 solemniter

145 3724 285 3780 exercent
298 3725 403 3782 actum
416 3717 539 3781 Ordinis
555 3715 647 3793 sacri,
664 3717 697 3780 vi
713 3735 848 3782 oensurae
862 3716 937 3800 ipsis
951 3715 1152 3799 prohibittun.
1170 3715 1247 3780 Hinc

186 3812 218 3867 1⁰
239 3806 416 3886 Irregularis
429 3813 507 3870 esset
521 3825 584 3872 uon
597 3811 720 3870 tantum
734 3806 877 3872 Sacerdos
887 3805 943 3888 qui
956 3807 1083 3870 Missam
1095 3805 1258 3870 celebraret
1269 3822 1341 3867 cum
1352 3821 1420 3867 cen-

146 3911 235 3969 sura,
250 3897 302 3958 ssd
318 3896 412 3958 etiam
426 3895 576 3960 Diaconos
594 3895 650 3978 qui
664 3895 866 3975 Evangelium
883 3913 955 3958 oum
970 3893 1047 3958 stola
1060 3898 1211 3971 cantaret,
1229 3899 1300 3968 etc,
1316 3895 1347 3955 et
1361 3893 1419 3955 Ss-

145 3985 264 4059 cardos,
279 3983 334 4065 qui
347 3992 464 4065 cogeret
477 3991 676 4048 oensuratum
693 3985 731 4048 ad
747 3983 971 4048 celebrandurn.

186 4077 220 4136 2⁰
240 4073 396 4153 Duplioem
406 4073 538 4138 incurrit
546 4073 819 4154 irregularitatem,
831 4073 887 4156 qui
895 4071 1010 4154 duplici
1019 4091 1147 4135 mnsura
1154 4069 1265 4154 ligatus
1274 4069 1419 4135 Ordinem

146 4180 267 4225 mortem
280 4168 412 4239 exercet;
424 4169 454 4225 et
468 4161 577 4226 hucin
591 4162 794 4243 postulatione
807 4159 1045 4243 dispensationis
1057 4159 1188 4240 exprimi
1201 4159 1322 4224 debent.
1334 4157 1419 4220 Idem

145 4250 309 4313 dicendum
324 4259 371 4313 est
386 4251 539 4333 decoqui
554 4269 623 4314 cum
640 4251 745 4314 eadem
759 4269 887 4314 censura
903 4249 1018 4331 pluries
1030 4248 1170 4312 celebrat.
1187 4249 1244 4311 Sed
1261 4245 1371 4310 sufficit
1384 4248 1421 4306 ut

145 4338 179 4402 in
193 4358 323 4403 numero
337 4340 447 4421 plurali
462 4340 653 4422 exprimatur
667 4340 842 4421 postulatio.

185 4433 218 4493 3⁰
238 4430 415 4510 irregularis
437 4437 485 4494 est
507 4429 650 4494 Sacerdos
673 4430 744 4512 qui,
762 4430 801 4492 ab
821 4429 934 4493 Ordioe
955 4445 1139 4510 urspensm,
1159 4421 1419 4490 mommentaliter

145 4517 291 4595 ametur
306 4519 381 4600 qens
394 4519 489 4584 uum
506 4518 661 4583 usurae
674 4525 719 4582 est
735 4525 822 4583 actus
841 4517 1000 4600 mleemtis
1013 4515 1153 4593 Ordinis.
1166 4533 1230 4579 non
1246 4527 1318 4577 vero
1331 4517 1420 4576 actus
