3220 5042
205 179 275 238 111
740 185 948 231 reserares

207 307 326 366 statum
347 297 454 381 gratiae
472 296 632 360 restituere
656 313 710 378 per
731 295 971 370 absolutionem,
988 313 1082 376 quam
1098 295 1203 360 dilatis
1220 298 1358 363 Ecclesia
1377 301 1483 366 Sacra-

207 390 321 454 mentis
336 385 545 452 damnationis
559 385 691 467 periculo
705 402 862 466 exponere.
879 419 919 430 -
928 383 1034 466 d'lbet,
1051 405 1082 446 n.
1095 389 1165 450 l53.

329 530 525 612 Quaesitae.

247 676 318 739 509.
332 707 375 718 -
388 674 490 746 Quae.
508 673 538 730 10
552 669 604 731 An
615 671 774 750 poenitens,
786 670 840 748 qui
854 669 940 729 timet
952 685 990 729 ne
1001 676 1152 750 peccator
1166 673 1311 732 memoria
1324 673 1480 756 excidant,

208 772 350 826 teneatur
361 780 394 823 ea
408 757 550 827 sordue,
566 765 596 818 et
607 756 721 837 scripta
736 755 855 836 tepere?

246 853 336 934 Hesp.
360 847 438 930 Nep.
461 845 550 911 Ratio
572 851 634 919 est,
657 843 731 926 quia
754 861 844 907 nemo
869 843 1064 908 confessionis
1087 843 1296 928 integritatem
1319 867 1481 932 procurare

206 947 330 1004 tenetur
351 935 526 1019 permedia
548 931 804 1007 extraordinaria,
830 939 860 995 et
883 950 937 1013 per
961 931 1154 1013 diligentiam
1179 935 1252 998 adeo
1277 937 1480 1019 exquisitam.

206 1032 336 1110 Insuper
359 1026 417 1089 hoc
439 1022 574 1086 alienum
601 1041 619 1086 a
644 1019 801 1084 communi
832 1022 919 1103 praxi
946 1021 1164 1084 timoratorum
1191 1031 1247 1088 est.
1273 1061 1312 1072 -·
1339 1026 1377 1091 S.
1406 1030 1479 1112 Lip.

205 1139 238 1181 n.
254 1123 325 1192 att,
339 1122 397 1178 etc.

247 1209 348 1282 Quas.
363 1207 397 1267 2⁰
414 1200 518 1279 Qualia
533 1199 607 1262 ordo
619 1203 660 1262 sit
675 1198 840 1282 sequendus
855 1201 888 1260 io
902 1201 1039 1261 examina
1054 1201 1258 1265 commea?

249 1295 337 1376 Hesp.
352 1298 385 1355 10
402 1310 409 1353 ;
432 1289 560 1354 Ratione
573 1287 725 1364 materiae3
747 1288 773 1350 si
788 1287 858 1369 quis
873 1303 891 1348 a
906 1288 1002 1350 multo
1019 1291 1153 1371 tempore
1170 1307 1233 1353 non
1249 1295 1295 1354 est
1308 1292 1480 1367 consessus,

140 1401 144 1410 ·
208 1382 331 1464 expedit
346 1385 383 1442 ιιι
401 1377 541 1443 ordinem
559 1383 779 1458 preceptorum
797 1374 849 1438 bei
868 1378 898 1438 et
915 1375 1068 1451 Ecclesia,
1089 1383 1281 1458 peccatorum
1300 1381 1482 1461 capitalium

208 1479 239 1536 et
253 1467 474 1550 obligationum
489 1463 666 1548 specialium
681 1463 730 1527 sui
745 1471 845 1528 status
859 1471 1031 1546 percurrat;
1052 1464 1127 1528 alias
1143 1465 1254 1530 sufficit
1271 1470 1427 1534 attendere
1442 1471 1484 1534 ad
1597 1495 1598 1520 ι

207 1577 316 1642 pravos
329 1555 466 1630 habitus,
480 1554 518 1616 ad
531 1560 651 1634 peccata
662 1552 760 1633 magis
772 1560 927 1628 consueta,
936 1553 984 1616 vel
996 1553 1178 1617 summatim
1190 1557 1228 1618 ad
1242 1563 1363 1638 peccata
1373 1565 1481 1621 contra

208 1651 316 1723 Deum,
330 1643 519 1727 proximum,
534 1648 566 1704 et
579 1639 726 1722 seipsum.

248 1736 338 1818 Hesp.
354 1738 407 1798 2⁰:
423 1729 552 1797 Ratione
576 1729 659 1794 modi
679 1735 711 1793 1ο
724 1730 832 1793 lumen
845 1727 991 1792 divinum
1004 1729 1164 1794 humiliter
1177 1733 1360 1815 petendum,
1374 1735 1480 1798 10115-

208 1824 309 1888 cussio
322 1819 513 1886 wuscientiaa
526 1817 677 1895 iacienda;
694 1822 727 1882 30
740 1817 908 1900 specialiter
922 1817 1030 1881 deinde
1048 1819 1266 1883 consideranda
1286 1831 1479 1902 peccatorum

210 1912 384 1995 turpitudo,
400 1914 432 1972 et
441 1907 575 1991 gravitas
586 1906 700 1972 divinae
712 1906 845 1981 offense,
857 1908 888 1969 et
903 1905 947 1970 sic
960 1905 1106 1971 eliciendo
1118 1907 1213 1972 dolori
1225 1915 1256 1972 et
1266 1911 1419 1992 proposito
1432 1911 1481 1976 in-

209 2001 393 2066 sistendum.

249 2095 319 2156 alo.
340 2124 380 2134 -
400 2089 501 2163 Quae.
522 2090 554 2151 3⁰
574 2081 657 2162 Ouid
676 2083 825 2165 agendum
846 2082 1055 2166 Confessam,
1080 2088 1108 2146 si
1126 2086 1305 2168 paenitentes
1326 2108 1383 2150 non
1403 2090 1481 2151 actis

208 2177 339 2242 dumea
354 2175 535 2239 eonsca'eata'c
549 2175 709 2235 accedant?

250 2268 340 2350 Resp.
353 2270 387 2327 10
404 2283 411 2326 :
435 2263 466 2325 Si
481 2261 545 2324 sint
557 2260 714 2335 instructi,
730 2260 861 2342 benigne
875 2261 995 2325 dimitti
1013 2269 1157 2344 possunt,
1173 2270 1211 2327 ut
1224 2266 1397 2330 accuratius
1410 2284 1480 2330 oon-

210 2351 372 2419 scientiam
386 2350 555 2415 discutiant
565 2355 597 2412 et
610 2355 816 2424 revertantur,
835 2349 944 2412 saltem
957 2349 985 2412 si
999 2351 1035 2412 de
1046 2349 1172 2432 prolixis
1186 2357 1217 2414 et
1230 2351 1397 2436 implicatis
1410 2373 1480 2418 con-

209 2440 393 2508 fessionibus
405 2445 525 2520 agatur.
540 2436 629 2503 ilatio
644 2442 706 2512 est,
722 2436 796 2519 quia
809 2437 870 2500 iare
882 2445 928 2501 est
939 2438 1142 2520 impossibile,
1159 2449 1196 2504 ut
1212 2439 1282 2523 quis
1295 2450 1420 2524 repente
1433 2461 1480 2507 ro·

210 2538 300 2612 gatus
322 2531 360 2592 de
382 2526 527 2592 omnibus
552 2526 735 2589 recordetur.
752 2561 791 2571 -
807 2526 843 2588 S.
871 2527 954 2609 λίψ,
981 2547 1013 2589 o.
1041 2533 1116 2604 171,
1140 2537 1171 2592 et
1193 2531 1252 2594 alii
1269 2545 1478 2595 commonerer.

211 2618 323 2699 Excipe
334 2624 450 2691 tamen,
463 2613 525 2678 nisi
539 2613 778 2678 circumstantiae
792 2614 877 2678 aliud
891 2615 1050 2680 suadeant.

250 2707 341 2790 neap.
354 2709 388 2769 2⁰
405 2724 413 2766 :
429 2703 461 2766 Si
475 2702 540 2766 sint
554 2703 643 2766 rudes
660 2707 715 2766 aut
731 2721 844 2785 parum
857 2703 1004 2768 instructi
1017 2705 1051 2768 in
1065 2706 1156 2769 rebus
1174 2706 1401 2788 spiritualibus,
1419 2728 1480 2774 nou
1596 2689 1597 2694 ἵ

210 2797 295 2861 facile
313 2792 491 2858 dimittendi
514 2799 590 2855 sunt
614 2795 650 2854 ut
672 2791 890 2855 conscientiam
913 2810 1002 2855 suam
1028 2793 1220 2871 examinant,
1245 2797 1355 2860 saltem
1377 2798 1404 2862 si
1426 2798 1479 2861 ali·

210 2903 306 2968 quam
319 2881 511 2964 diligentiam
525 2878 733 2944 adhibuerint.
747 2879 836 2946 Ratio
850 2886 911 2956 est,
925 2881 1001 2963 guia
1014 2901 1068 2966 pro
1082 2882 1152 2947 istis
1170 2883 1257 2947 facile
1271 2886 1478 2950 confessarius

211 2971 375 3056 supplebit.
392 2969 554 3036 Nonnullis
571 2969 656 3032 euim
673 2967 964 3049 interrogationibus
979 2971 1049 3053 plus
1067 2970 1132 3052 ipse
1149 2971 1313 3049 obtinebit,
1329 2993 1425 3056 quam
1436 2975 1479 3038 illi

210 3063 271 3126 sibi
292 3059 391 3126 relicti
405 3061 495 3140 longo
517 3056 658 3122 examine
671 3063 869 3137 prestarent,
885 3059 1028 3139 quamvis
1047 3059 1152 3123 omnia
1168 3069 1288 3142 peccma
1312 3063 1347 3126 iu
1367 3081 1479 3128 memo-

210 3151 291 3216 riam
316 3167 456 3214 revocare
477 3153 670 3211 conarentur.
691 3150 839 3210 Praeterea
862 3146 1038 3212 timendum
1059 3155 1120 3225 est,
1144 3165 1182 3212 ne
1206 3149 1283 3214 forte
1308 3149 1480 3216 difficultate

210 3239 312 3304 territi
336 3237 469 3320 amplius
486 3236 527 3300 ad
548 3234 754 3299 confitendum
771 3253 835 3298 non
854 3236 1038 3299 redeant-
1049 3236 1170 3300 Catect.
1184 3238 1285 3315 Rom,
1303 3239 1340 3303 de
1354 3240 1478 3322 Ponit,

211 3349 243 3391 n.
258 3335 308 3394 60.

709 3437 922 3502 ARTIGULUS
941 3439 981 3500 lll

611 3595 649 3638 DE
671 3593 851 3638 tmnarlon'n
872 3593 1078 3640 GONFESSIONIS

332 3705 556 3787 Principia.

252 3842 322 3902 tlt.
340 3871 381 3883 -
392 3839 415 3899 1.
433 3832 541 3898 Omnis
559 3830 721 3896 lethalium
737 3839 929 3912 peccatorum
948 3832 1092 3897 consemio
1111 3841 1192 3900 certo
1209 3835 1361 3913 invalida,
1384 3857 1482 3902 neces-

211 3925 292 4026 sario
310 3923 472 4006 repetenda
489 3927 545 3985 est.
566 3920 677 3985 Omnia
694 3920 779 3983 enim
798 3929 919 4003 peccata
936 3922 1078 3986 mortalia
1094 3923 1231 3988 clavibus
1247 3945 1309 4008 per
1330 3945 1363 3988 aa
1384 3927 1483 4010 subji-

212 4013 463 4164 crenndacpulpgsio
484 4105 589 4166 autem
612 4098 727 4172 valida,
745 4101 806 4164 etsi
825 4098 1002 4180 integritate
1024 4105 1137 4176 careat,
1163 4119 1226 4166 non
1247 4108 1295 4167 est
1315 4106 1481 4170 necessario

212 4188 390 4266 repetenda,
413 4189 465 4251 sed
484 4187 619 4252 deiectus
640 4193 765 4251 tantum
782 4195 829 4252 est
849 4187 1050 4269 supplendum
1070 4190 1164 4266 ratio,
1187 4189 1261 4273 quia
1279 4201 1400 4274 peccata
1416 4198 1481 4277 jam

212 4274 376 4350 declarata,
391 4275 504 4340 directe
515 4276 642 4340 fuerunt
656 4275 785 4340 remissa
796 4277 830 4340 vi
841 4275 1053 4340 absolutionis.
1062 4281 1211 4342 Remanet
1224 4279 1322 4361 igitur
1334 4283 1396 4346 sola
1411 4280 1482 4348 obli·

212 4361 294 4442 gatio
306 4361 486 4444 subjiciendi
499 4363 683 4428 absolutioni
697 4371 817 4446 peccata
830 4364 959 4440 omissa,
977 4383 1045 4446 quae
1064 4365 1210 4432 indirecte
1224 4375 1351 4434 tantum
1364 4378 1396 4435 et
1412 4389 1481 4435 con·
1595 4365 1596 4372 '

215 4450 397 4514 comitanter
411 4451 539 4515 remissa
550 4452 687 4516 bierunt.
701 4489 741 4499 -
752 4453 802 4516 Ita
816 4473 924 4516 omues.
941 4488 982 4502 -
994 4452 1030 4516 S.
1052 4454 1135 4538 ιιι,
1158 4477 1189 4522 u.
1203 4461 1272 4534 501,
1290 4462 1360 4526 501.
