3198 5034
456 254 498 296 Illi
518 253 692 298 sentinus
713 251 1028 299 taurinensibus

392 405 413 496 ξ
432 405 460 474 Ι.
485 409 533 474 De
552 406 762 476 habitatione
780 429 861 476 cum
878 407 1098 476 mulieribus.

23 649 24 654 ἵ
147 574 197 635 99.
213 607 253 618 -
267 570 422 633 Habitatic
441 571 499 634 sub
519 571 625 633 eodem
642 576 722 633 tecto
737 588 809 632 cum
827 571 1013 635 mulieribus
1024 573 1090 654 jam
1104 570 1176 634 inde
1193 572 1379 654 aprioribus

23 657 24 662 ’
109 660 246 723 Emissis)
258 659 448 740 temporibus
466 659 588 723 clericis
605 677 659 739 per
681 677 780 722 sacrm
799 677 929 723 canones
947 659 1116 740 generatim
1134 659 1288 740 prohibita
1307 661 1377 726 luit.

108 749 153 811 Sic
166 749 202 810 in
216 748 348 811 Concilio
367 748 488 812 Nicano
503 751 530 822 Ι,
547 766 613 810 can.
630 753 648 811 3
661 768 669 808 :
693 747 795 810 Vetuit
809 750 928 810 omnino
945 767 1056 830 mcpno
1070 747 1226 831 Synodus,
1244 770 1280 812 ne
1292 751 1382 814 liceat

106 837 258 920 Episcopo
273 847 327 898 aut
341 837 541 919 Presbytero,
559 857 612 898 nec
626 837 776 912 Diacono,
793 857 846 899 nec
863 841 920 898 uni
928 842 1052 921 penitus
1070 857 1173 900 eorum
1194 843 1247 921 qui
1264 849 1335 902 sunt
1348 842 1380 902 in

107 925 214 1006 Ciero,
232 926 439 987 introductam
453 926 561 988 habere
575 924 745 1001 mulierem,
760 932 966 1008 praeterquam
985 927 1094 1008 utique
1112 937 1253 1004 monem,
1272 927 1321 990 uei
1333 950 1378 990 so-

105 1035 215 1092 rorem,
232 1015 281 1078 uet
292 1017 429 1088 omitum,
445 1016 492 1077 uel
499 1035 547 1078 eas
559 1017 635 1078 solas
641 1035 787 1098 personas
804 1035 871 1096 qua
883 1035 996 1077 omnem
1006 1017 1204 1098 suspicionem
1218 1018 1377 1100 effupiuut.

104 1139 145 1149 -
157 1107 285 1168 Constat
300 1103 395 1166 etiam
414 1123 452 1166 ex
471 1123 536 1187 cop.
554 1109 568 1167 l
586 1114 616 1166 et
631 1108 668 1180 9,
687 1102 723 1165 de
738 1103 849 1167 Cobub.
869 1105 946 1167 item
960 1123 998 1167 ax
1013 1103 1107 1167 Conc.
1122 1104 1226 1167 Later.
1244 1107 1270 1181 Ι,
1287 1127 1311 1168 c.
1327 1126 1376 1169 nr.

105 1193 185 1254 ilinc
197 1192 349 1274 plerisque
367 1193 402 1254 in
421 1192 494 1256 locis
512 1192 606 1256 etiam
624 1192 765 1274 Episcopi
783 1193 817 1256 in
835 1192 966 1276 synodis
980 1192 1247 1275 praescripserunt,
1263 1201 1300 1257 ιιι
1316 1195 1378 1258 Cle-

103 1280 178 1344 ricis
195 1281 369 1344 cohabitare
387 1280 432 1343 ias
454 1285 531 1344 esset
546 1299 618 1345 cum
636 1282 676 1344 iis
698 1285 824 1343 tantum
842 1281 1027 1344 mulieribus
1045 1301 1114 1362 quae
1132 1282 1238 1345 stricto
1252 1301 1379 1346 consan-

104 1369 267 1450 guinitatis
282 1371 329 1432 vel
342 1368 500 1434 affinitatis
512 1369 645 1445 vinculo,
660 1369 759 1451 primo
770 1370 882 1433 scilicet
897 1376 927 1432 et
942 1370 1073 1433 secundo
1087 1372 1193 1450 gradu,
1211 1375 1379 1454 conjunctae

103 1464 190 1520 sunt.
207 1463 267 1522 Nec
284 1457 492 1540 permiserunt
508 1458 547 1522 ab
564 1458 642 1540 ipsis
658 1458 783 1522 admitti
802 1459 942 1534 ancillas,
958 1459 1020 1521 nisi
1036 1466 1197 1539 comperta
1216 1459 1378 1541 probitatis

102 1544 215 1609 iurent.
236 1549 301 1610 lmo
323 1547 358 1610 in
381 1547 533 1630 plerisque
559 1547 685 1610 statutis
711 1545 908 1633 synodalibus
933 1547 1123 1628 prohibitum
1151 1549 1311 1630 reperitur,
1339 1565 1378 1611 nc

103 1635 211 1697 Clerici
226 1636 349 1698 ancillas
366 1654 469 1698 secum
483 1636 627 1710 habeant,
643 1655 712 1717 quae
733 1641 855 1698 atatem
869 1641 909 1700 tc
923 1655 1076 1698 annorum
1097 1655 1159 1698 nou
1178 1637 1376 1717 expleverint.

102 1724 195 1786 Ratio
218 1729 320 1786 autem
341 1725 481 1806 praecepti
502 1732 565 1800 est,
581 1731 653 1786 tum
671 1731 709 1786 ut
725 1730 921 1786 removeatur
938 1723 1123 1802 periculum,
1139 1725 1221 1803 quod
1241 1725 1379 1787 humana

100 1809 271 1889 fragilitate
284 1811 437 1874 incurrere
448 1811 556 1876 Clerici
569 1818 711 1892 possent,
728 1815 798 1872 tum
819 1818 856 1873 ut
874 1817 1102 1890 praecaveantur
1116 1812 1294 1886 calumnia,
1311 1831 1378 1893 quae

100 1898 192 1960 iacile
208 1897 424 1960 innocentibus
443 1900 518 1961 alias
534 1898 666 1979 impingi
685 1904 818 1978 possent.
833 1903 898 1961 Huc
919 1897 970 1960 illa
984 1897 1101 1960 faciunt
1117 1898 1206 1960 Eccli.
1225 1918 1304 1974 xcii,
1320 1903 1376 1962 tn:

103 1988 140 2048 In
158 1985 261 2047 medic
275 1987 438 2048 mulierum
452 1987 518 2048 noli
531 1989 726 2057 cornmorcri;
741 1986 776 2047 de
791 1986 972 2049 uestimentis
989 1987 1067 2048 enim
1080 1986 1221 2068 procedit
1238 1989 1335 2062 tinea,
1350 1997 1379 2051 et

104 2093 121 2135 u
141 2073 276 2136 muliere
295 2075 439 2156 tnc'puitcs
452 2076 524 2138 oiri.

143 2169 215 2227 100.
242 2199 282 2207 —
305 2167 391 2227 biens
411 2171 516 2226 autem
537 2164 676 2227 Ecclesia
695 2169 756 2238 est,
775 2169 811 2226 ut
831 2164 937 2226 Clerici
961 2183 1023 2227 non
1044 2165 1144 2227 solum
1167 2163 1342 2228 absumant
1362 2187 1379 2228 a

105 2249 327 2316 cohabitatione
341 2269 413 2314 cum
427 2251 627 2327 mulieribus,
647 2251 699 2314 sed
713 2252 806 2314 etiam
820 2259 857 2314 ut
871 2258 998 2314 cavant
1016 2251 1054 2314 ab
1068 2253 1130 2315 illis
1141 2252 1316 2334 frequenter
1329 2255 1378 2317 iu-

104 2339 240 2401 visendis
261 2340 309 2403 vcl
332 2340 532 2420 eloquendis.
554 2342 600 2402 lta
620 2345 814 2403 commonent
830 2358 936 2404 omnes
955 2344 1069 2404 Patres.
1094 2341 1276 2404 Audiendus
1296 2343 1378 2406 inter

106 2427 182 2492 alios
196 2429 225 2489 S.
242 2427 435 2503 Ambrosius,
447 2428 491 2490 sic
505 2429 627 2491 Clerum
641 2446 735 2491 sunm
749 2428 918 2504 instruens,
931 2428 985 2492 lib.
1002 2431 1015 2490 1
1028 2427 1123 2504 offic,
1136 2448 1191 2493 xx:
1212 2429 1378 2494 Viduarum

105 2536 141 2577 ce
156 2517 309 2598 carpinum
329 2515 446 2593 domos,
466 2518 528 2578 nisi
540 2517 686 2579 visitandi
699 2520 817 2600 pratia
831 2518 969 2598 juniores
981 2537 1043 2580 non
1057 2517 1183 2590 udeom;
1198 2527 1227 2580 et
1243 2518 1298 2581 hoc
1311 2540 1377 2582 cum

105 2605 285 2694 senipm‘bus,
303 2605 358 2667 boc
372 2615 432 2681 eet,
447 2604 496 2668 uei
509 2625 575 2668 cum
588 2606 761 2689 Episcopo,
780 2605 841 2682 cel,
860 2608 887 2667 si
900 2609 1027 2688 pronior
1041 2616 1084 2668 est
1098 2627 1202 2684 causa,
1218 2627 1285 2668 curn
1300 2608 1376 2672 Pre-

106 2693 242 2778 sbyter-is.
261 2693 344 2770 Quid
359 2713 469 2756 necesse
489 2704 544 2764 est,
562 2703 598 2755 ut
615 2695 717 2756 demus
737 2695 931 2757 sacularibus
947 2694 1135 2758 obtrectandi
1155 2695 1269 2759 locum?
1296 2697 1379 2774 Quid

106 2801 176 2864 opus
189 2793 245 2861 cst,
262 2793 297 2842 ut
308 2783 369 2848 illae
382 2802 497 2866 quoque
511 2785 700 2845 visitationes
717 2784 830 2846 crebrae
848 2784 1001 2866 occipiunt
1017 2783 1243 2846 auctoritatem?
1258 2785 1340 2859 Ouid
1351 2789 1378 2846 si

105 2871 209 2954 clipea
228 2871 354 2936 illarum
371 2871 450 2952 forte
469 2871 610 2934 labatur?
636 2872 699 2934 Cur
727 2873 823 2934 alierri
841 2871 942 2954 lapsus
968 2871 1072 2934 subeas
1093 2872 1259 2934 inuidiam?
1281 2872 1378 2948 Quam

105 2959 313 3022 missenum
324 2961 420 3042 fortes
434 2961 576 3024 illecebra
590 2959 726 3044 decepit?
745 2961 860 3038 Quanti
871 2979 930 3024 uon
943 2959 1093 3022 dederuut
1107 2965 1207 3022 errori
1226 2961 1334 3035 iocum,
1348 2969 1377 3022 et

105 3048 254 3112 dederuut
273 3049 455 3130 suspicioni?
472 3049 536 3112 Cur
555 3070 616 3113 nou
637 3049 694 3110 itio
711 3059 860 3132 temporo,
876 3049 982 3132 quibus
1000 3049 1036 3111 ab
1054 3048 1194 3112 Ecclesia
1215 3069 1319 3125 vacas,
1337 3049 1377 3112 le-

23 3187 24 3234 ,
106 3140 197 3200 edoni
206 3137 380 3221 impendas?
392 3139 454 3204 Cur
468 3159 527 3200 non
543 3138 698 3200 Christum
714 3141 826 3201 recusus
831 3186 841 3218 ,
856 3137 1012 3201 Christum
1021 3137 1212 3222 alloquaris?

519 3310 536 3394 ᾗ
558 3309 602 3377 ΙΙ.
629 3311 676 3377 De
695 3309 775 3377 bado
789 3313 961 3378 camum.

141 3477 212 3536 rot.
229 3508 270 3520 -
283 3473 389 3535 Ludus
405 3471 542 3534 alarum
559 3469 684 3542 dicitur,
701 3467 755 3550 qui
771 3471 855 3530 totus
869 3470 947 3533 situs
964 3474 1009 3532 cst
1028 3470 1063 3532 in
1075 3489 1155 3551 pura
1171 3476 1264 3544 sorte,
1281 3477 1312 3532 et
1323 3487 1374 3532 cu-

23 3557 24 3584 ⁴
101 3559 265 3640 ius-exitus
281 3580 299 3624 a
316 3578 401 3624 mero
417 3578 490 3624 casu
503 3559 625 3642 pendet,
641 3557 718 3639 qsnn
736 3555 872 3620 ludentis
883 3557 1038 3620 industria
1048 3565 1169 3638 partem
1183 3558 1278 3620 ullam
1293 3557 1327 3619 in
1340 3575 1378 3620 eo

104 3647 256 3712 obtineat:
273 3649 345 3712 talis
358 3653 419 3725 est,
436 3669 466 3712 v.
484 3668 543 3730 gn,
559 3648 652 3711 ludus
668 3647 810 3708 aleman.

144 3737 246 3800 ludus
266 3740 403 3801 almrum
422 3755 524 3800 severe
546 3735 725 3819 prohibetur
745 3733 882 3808 Clericis,
904 3733 1012 3797 saltem
1034 3733 1069 3797 in
1090 3732 1257 3796 Ordinibus
1280 3737 1374 3818 majo-

23 3893 24 3908 ,
103 3823 191 3888 ribus
204 3826 397 3900 constitutis,
411 3833 442 3889 et
452 3825 649 3889 beneficiatis.
668 3827 895 3888 Consuescet
911 3823 1027 3887 count.
1040 3823 1144 3886 Later.
1161 3820 1182 3883 I
1184 3821 1217 3892 V,
1235 3842 1302 3886 coa.
1318 3829 1370 3900 16,

105 3911 302 3978 ubidicitur:
320 3915 434 3978 Clerici
445 3913 488 3976 od
500 3915 581 3976 aleas
592 3922 621 3975 et
631 3913 716 3976 ludos
729 3933 789 3976 non
801 3911 924 3987 ludant,
940 3933 993 3975 nec
1007 3910 1179 3996 hujusmodi
1190 3911 1268 3974 ludes
1280 3915 1373 3975 inter-

105 4005 184 4074 sinu
196 4008 229 4066 2·
243 4023 281 4066 ex
295 4002 389 4066 Cone.
410 4002 508 4080 Tne,
524 4023 595 4064 sess.
612 4005 708 4078 XXII,
724 4023 750 4065 c.
767 4021 794 4078 1,
811 4001 846 4064 de
860 4002 1031 4084 deformet.

23 4097 24 4156 ζ
141 4092 291 4172 Spmtaus
301 4092 481 4174 hujusmodi
495 4092 629 4172 legibus,
644 4092 746 4172 gravis
757 4091 870 4171 peccati
881 4109 952 4154 reus
966 4091 1138 4153 habebatur
1155 4089 1370 4164 communiter,

23 4223 24 4232 ι
106 4179 157 4257 qui
181 4181 275 4244 sacris
295 4181 439 4244 initiatus
459 4180 610 4262 ejusmodi
629 4179 711 4242 ludis
730 4180 807 4242 lucri
830 4179 927 4259 gratia
946 4179 1124 4242 etmultum
1136 4177 1316 4260 indulgeret.
1333 4213 1373 4224 -

23 4313 25 4344 5
107 4267 141 4329 S.
161 4269 245 4352 Lip,
263 4269 283 4331 l.
300 4272 355 4345 ΙΙΙ,
371 4291 403 4331 u.
419 4272 490 4334 896.
505 4305 545 4315 -
562 4271 604 4332 Αι
616 4287 655 4332 eu
668 4267 811 4350 prasenti
829 4267 1048 4332 consuetudine
1062 4267 1262 4350 antiquorum
1277 4270 1372 4330 Cano-

23 4353 25 4370 *
106 4357 592 4439 nurnprohibitiovaldevidetur
605 4361 782 4440 temperata.
804 4373 805 4376 ’

144 4447 181 4508 ln
201 4447 436 4528 presentiarum
453 4445 492 4509 ab
510 4444 596 4509 omni
610 4451 731 4526 peccate
742 4447 833 4526 juxta
851 4444 966 4508 multos
984 4443 1135 4508 immunis
1151 4450 1292 4507 numiui
1309 4443 1373 4505 OEe-

107 4533 189 4598 uus
200 4535 257 4616 qui
269 4553 367 4618 parce,
383 4535 548 4611 moderate,
564 4533 711 4614 pisatiis
722 4540 754 4596 et
764 4533 829 4596 sine
844 4533 982 4598 macno
996 4534 1077 4598 ludit
1088 4533 1172 4606 aleis,
1186 4531 1371 4609 chartisque,
