<?xml version="1.0" encoding="UTF-8"?>
<!DOCTYPE html PUBLIC "-//W3C//DTD XHTML 1.0 Transitional//EN"
    "http://www.w3.org/TR/xhtml1/DTD/xhtml1-transitional.dtd">
<html xmlns="http://www.w3.org/1999/xhtml" xml:lang="en" lang="en">
 <head>
  <title>
</title>
<meta http-equiv="Content-Type" content="text/html;charset=utf-8" />
  <meta name='ocr-system' content='tesseract 3.04.00' />
  <meta name='ocr-capabilities' content='ocr_page ocr_carea ocr_par ocr_line ocrx_word'/>
</head>
<body>
  <div class='ocr_page' id='page_1' title='image "./compendiumtheol03gurygoog_0220.png"; bbox 0 0 3220 5042; ppageno 0'>
   <div class='ocr_carea' id='block_1_1' title="bbox 457 260 1375 322">
    <p class='ocr_par' dir='ltr' id='par_1_1' title="bbox 457 260 1375 322">
     <span class='ocr_line' id='line_1_1' title="bbox 457 260 1375 322; baseline 0.005 -8"><span class='ocrx_word' id='word_1_1' title='bbox 457 271 499 314; x_wconf 77' lang='lat' dir='ltr'><strong>BE</strong></span> <span class='ocrx_word' id='word_1_2' title='bbox 520 269 755 315; x_wconf 68' lang='lat' dir='ltr'><strong>anonumum</strong></span> <span class='ocrx_word' id='word_1_3' title='bbox 775 271 1015 316; x_wconf 73' lang='lat' dir='ltr'><strong>POENITENTIAE</strong></span> <span class='ocrx_word' id='word_1_4' title='bbox 1306 260 1375 322; x_wconf 66' lang='lat'><strong>207</strong></span> 
     </span>
    </p>
   </div>
   <div class='ocr_carea' id='block_1_2' title="bbox 98 379 1377 3633">
    <p class='ocr_par' dir='ltr' id='par_1_2' title="bbox 108 379 1377 816">
     <span class='ocr_line' id='line_1_2' title="bbox 147 379 1377 464; baseline 0.003 -20"><span class='ocrx_word' id='word_1_5' title='bbox 147 386 178 444; x_wconf 78' lang='lat'><strong>5⁰</strong></span> <span class='ocrx_word' id='word_1_6' title='bbox 199 379 331 458; x_wconf 80' lang='lat' dir='ltr'><em>Fidelis,</em></span> <span class='ocrx_word' id='word_1_7' title='bbox 347 379 379 442; x_wconf 90' lang='lat' dir='ltr'><strong>id</strong></span> <span class='ocrx_word' id='word_1_8' title='bbox 398 385 459 454; x_wconf 88' lang='lat' dir='ltr'><strong>est,</strong></span> <span class='ocrx_word' id='word_1_9' title='bbox 480 380 612 453; x_wconf 81' lang='lat' dir='ltr'><strong>sinocm,</strong></span> <span class='ocrx_word' id='word_1_10' title='bbox 633 379 700 441; x_wconf 87' lang='lat' dir='ltr'><strong>sine</strong></span> <span class='ocrx_word' id='word_1_11' title='bbox 718 380 890 454; x_wconf 89' lang='lat' dir='ltr'><strong>mendacio,</strong></span> <span class='ocrx_word' id='word_1_12' title='bbox 907 381 1076 461; x_wconf 71' lang='lat' dir='ltr'><strong>praesertim</strong></span> <span class='ocrx_word' id='word_1_13' title='bbox 1094 381 1129 443; x_wconf 92' lang='lat' dir='ltr'><strong>in</strong></span> <span class='ocrx_word' id='word_1_14' title='bbox 1146 382 1277 446; x_wconf 82' lang='lat' dir='ltr'><strong>materia</strong></span> <span class='ocrx_word' id='word_1_15' title='bbox 1289 386 1377 464; x_wconf 77' lang='lat' dir='ltr'><strong>gratd</strong></span> 
     </span>
     <span class='ocr_line' id='line_1_3' title="bbox 108 468 1376 550; baseline 0.001 -16"><span class='ocrx_word' id='word_1_16' title='bbox 108 478 139 534; x_wconf 89' lang='lat' dir='ltr'><strong>et</strong></span> <span class='ocrx_word' id='word_1_17' title='bbox 157 469 323 532; x_wconf 89' lang='lat' dir='ltr'><strong>necessaria</strong></span> <span class='ocrx_word' id='word_1_18' title='bbox 346 469 383 532; x_wconf 86' lang='lat' dir='ltr'><strong>ad</strong></span> <span class='ocrx_word' id='word_1_19' title='bbox 402 468 557 550; x_wconf 77' lang='lat' dir='ltr'><strong>judiu&#39;ann</strong></span> <span class='ocrx_word' id='word_1_20' title='bbox 579 468 808 531; x_wconf 68' lang='lat' dir='ltr'><strong>sacramentale.</strong></span> <span class='ocrx_word' id='word_1_21' title='bbox 834 469 979 532; x_wconf 83' lang='lat' dir='ltr'><strong>Fidetitas</strong></span> <span class='ocrx_word' id='word_1_22' title='bbox 1004 476 1110 532; x_wconf 84' lang='lat' dir='ltr'><strong>aulem</strong></span> <span class='ocrx_word' id='word_1_23' title='bbox 1138 489 1193 532; x_wconf 91' lang='lat' dir='ltr'><strong>seu</strong></span> <span class='ocrx_word' id='word_1_24' title='bbox 1218 470 1376 536; x_wconf 82' lang='lat' dir='ltr'><strong>sinceritas</strong></span> 
     </span>
     <span class='ocr_line' id='line_1_4' title="bbox 108 556 1376 639; baseline 0.002 -18"><span class='ocrx_word' id='word_1_25' title='bbox 108 577 168 621; x_wconf 93' lang='lat' dir='ltr'><strong>non</strong></span> <span class='ocrx_word' id='word_1_26' title='bbox 190 563 313 620; x_wconf 91' lang='lat' dir='ltr'><strong>tautum</strong></span> <span class='ocrx_word' id='word_1_27' title='bbox 335 556 478 620; x_wconf 87' lang='lat' dir='ltr'><strong>consistit</strong></span> <span class='ocrx_word' id='word_1_28' title='bbox 492 557 526 619; x_wconf 94' lang='lat' dir='ltr'><strong>in</strong></span> <span class='ocrx_word' id='word_1_29' title='bbox 544 557 672 638; x_wconf 87' lang='lat' dir='ltr'><strong>peccatis</strong></span> <span class='ocrx_word' id='word_1_30' title='bbox 695 556 754 620; x_wconf 85' lang='lat' dir='ltr'><strong>rite</strong></span> <span class='ocrx_word' id='word_1_31' title='bbox 774 556 978 633; x_wconf 82' lang='lat' dir='ltr'><strong>declarandis,</strong></span> <span class='ocrx_word' id='word_1_32' title='bbox 994 559 1076 638; x_wconf 91' lang='lat' dir='ltr'><strong>quod</strong></span> <span class='ocrx_word' id='word_1_33' title='bbox 1091 558 1225 639; x_wconf 87' lang='lat' dir='ltr'><strong>pertinet</strong></span> <span class='ocrx_word' id='word_1_34' title='bbox 1241 560 1280 622; x_wconf 91' lang='lat' dir='ltr'><strong>ad</strong></span> <span class='ocrx_word' id='word_1_35' title='bbox 1296 560 1376 624; x_wconf 89' lang='lat' dir='ltr'><strong>inte-</strong></span> 
     </span>
     <span class='ocr_line' id='line_1_5' title="bbox 109 645 1377 729; baseline 0.002 -19"><span class='ocrx_word' id='word_1_36' title='bbox 109 647 264 729; x_wconf 81' lang='lat' dir='ltr'><strong>gritatem,</strong></span> <span class='ocrx_word' id='word_1_37' title='bbox 282 648 333 709; x_wconf 91' lang='lat' dir='ltr'><strong>sed</strong></span> <span class='ocrx_word' id='word_1_38' title='bbox 347 645 441 708; x_wconf 84' lang='lat' dir='ltr'><strong>etiarn</strong></span> <span class='ocrx_word' id='word_1_39' title='bbox 458 646 493 708; x_wconf 92' lang='lat' dir='ltr'><strong>in</strong></span> <span class='ocrx_word' id='word_1_40' title='bbox 512 645 553 708; x_wconf 90' lang='lat' dir='ltr'><strong>iis</strong></span> <span class='ocrx_word' id='word_1_41' title='bbox 567 665 628 709; x_wconf 92' lang='lat' dir='ltr'><strong>non</strong></span> <span class='ocrx_word' id='word_1_42' title='bbox 642 645 860 726; x_wconf 82' lang='lat' dir='ltr'>exaggerandis</span> <span class='ocrx_word' id='word_1_43' title='bbox 875 646 922 707; x_wconf 91' lang='lat' dir='ltr'><strong>vel</strong></span> <span class='ocrx_word' id='word_1_44' title='bbox 935 646 970 708; x_wconf 93' lang='lat' dir='ltr'><strong>in</strong></span> <span class='ocrx_word' id='word_1_45' title='bbox 985 646 1113 727; x_wconf 85' lang='lat' dir='ltr'><strong>peccatis</strong></span> <span class='ocrx_word' id='word_1_46' title='bbox 1129 647 1296 728; x_wconf 69' lang='lat' dir='ltr'><strong>suppositis</strong></span> <span class='ocrx_word' id='word_1_47' title='bbox 1313 667 1377 713; x_wconf 93' lang='lat' dir='ltr'><strong>non</strong></span> 
     </span>
     <span class='ocr_line' id='line_1_6' title="bbox 108 735 294 816; baseline -0.016 -19"><span class='ocrx_word' id='word_1_48' title='bbox 108 735 294 816; x_wconf 79' lang='lat' dir='ltr'><strong>adjiciendis.</strong></span> 
     </span>
    </p>

    <p class='ocr_par' dir='ltr' id='par_1_3' title="bbox 106 822 1376 1165">
     <span class='ocr_line' id='line_1_7' title="bbox 144 822 1373 908; baseline 0.002 -20"><span class='ocrx_word' id='word_1_49' title='bbox 144 829 176 888; x_wconf 80' lang='grc' dir='ltr'><strong>ιιο</strong></span> <span class='ocrx_word' id='word_1_50' title='bbox 196 823 332 897; x_wconf 65' lang='lat' dir='ltr'><strong>Vocula,</strong></span> <span class='ocrx_word' id='word_1_51' title='bbox 350 823 381 886; x_wconf 93' lang='lat' dir='ltr'><strong>id</strong></span> <span class='ocrx_word' id='word_1_52' title='bbox 405 831 467 898; x_wconf 88' lang='lat' dir='ltr'><strong>est,</strong></span> <span class='ocrx_word' id='word_1_53' title='bbox 483 822 550 886; x_wconf 83' lang='lat' dir='ltr'><strong>iteri</strong></span> <span class='ocrx_word' id='word_1_54' title='bbox 570 823 660 886; x_wconf 85' lang='lat' dir='ltr'><strong>dehet</strong></span> <span class='ocrx_word' id='word_1_55' title='bbox 682 822 827 887; x_wconf 81' lang='lat' dir='ltr'><strong>contessio</strong></span> <span class='ocrx_word' id='word_1_56' title='bbox 849 823 916 904; x_wconf 91' lang='lat' dir='ltr'><strong>ipsa</strong></span> <span class='ocrx_word' id='word_1_57' title='bbox 935 842 1022 900; x_wconf 85' lang='lat' dir='ltr'><strong>voce,</strong></span> <span class='ocrx_word' id='word_1_58' title='bbox 1037 843 1100 888; x_wconf 92' lang='lat' dir='ltr'><strong>non</strong></span> <span class='ocrx_word' id='word_1_59' title='bbox 1121 831 1225 888; x_wconf 89' lang='lat' dir='ltr'><strong>autem</strong></span> <span class='ocrx_word' id='word_1_60' title='bbox 1246 826 1373 908; x_wconf 83' lang='lat' dir='ltr'><strong>scripto,</strong></span> 
     </span>
     <span class='ocr_line' id='line_1_8' title="bbox 107 911 1376 998; baseline 0.002 -22"><span class='ocrx_word' id='word_1_61' title='bbox 107 927 205 994; x_wconf 88' lang='lat' dir='ltr'><strong>neque</strong></span> <span class='ocrx_word' id='word_1_62' title='bbox 223 912 292 974; x_wconf 90' lang='lat' dir='ltr'><strong>aliis</strong></span> <span class='ocrx_word' id='word_1_63' title='bbox 313 911 426 992; x_wconf 80' lang='lat' dir='ltr'><strong>signis,</strong></span> <span class='ocrx_word' id='word_1_64' title='bbox 443 912 558 993; x_wconf 88' lang='lat' dir='ltr'><strong>absque</strong></span> <span class='ocrx_word' id='word_1_65' title='bbox 578 911 772 986; x_wconf 84' lang='lat' dir='ltr'><strong>necessitate,</strong></span> <span class='ocrx_word' id='word_1_66' title='bbox 793 913 840 974; x_wconf 83' lang='lat' dir='ltr'><strong>vel</strong></span> <span class='ocrx_word' id='word_1_67' title='bbox 867 911 952 993; x_wconf 75' lang='lat' dir='ltr'><strong>gratu</strong></span> <span class='ocrx_word' id='word_1_68' title='bbox 968 930 1074 988; x_wconf 87' lang='lat' dir='ltr'><strong>causa,</strong></span> <span class='ocrx_word' id='word_1_69' title='bbox 1098 933 1128 974; x_wconf 90' lang='lat' dir='ltr'><strong>v.</strong></span> <span class='ocrx_word' id='word_1_70' title='bbox 1149 931 1208 998; x_wconf 76' lang='lat' dir='ltr'><strong>ga,</strong></span> <span class='ocrx_word' id='word_1_71' title='bbox 1232 914 1271 978; x_wconf 90' lang='lat' dir='ltr'><strong>oh</strong></span> <span class='ocrx_word' id='word_1_72' title='bbox 1293 933 1376 978; x_wconf 80' lang='lat' dir='ltr'><strong>verc-</strong></span> 
     </span>
     <span class='ocr_line' id='line_1_9' title="bbox 107 999 1372 1087; baseline 0.002 -22"><span class='ocrx_word' id='word_1_73' title='bbox 107 1001 251 1065; x_wconf 83' lang='lat' dir='ltr'><strong>enndiam</strong></span> <span class='ocrx_word' id='word_1_74' title='bbox 272 999 590 1076; x_wconf 73' lang='lat' dir='ltr'><strong>vehementissimam,</strong></span> <span class='ocrx_word' id='word_1_75' title='bbox 611 1001 650 1064; x_wconf 85' lang='lat' dir='ltr'><strong>oh</strong></span> <span class='ocrx_word' id='word_1_76' title='bbox 671 999 932 1080; x_wconf 85' lang='lat' dir='ltr'><strong>impedimentum</strong></span> <span class='ocrx_word' id='word_1_77' title='bbox 953 1001 1083 1082; x_wconf 75' lang='lat' dir='ltr'><strong>lingua,</strong></span> <span class='ocrx_word' id='word_1_78' title='bbox 1107 1007 1166 1064; x_wconf 83' lang='lat' dir='ltr'><strong>ete.</strong></span> <span class='ocrx_word' id='word_1_79' title='bbox 1182 1038 1223 1048; x_wconf 91' lang='lat'><em>-</em></span> <span class='ocrx_word' id='word_1_80' title='bbox 1242 1003 1279 1066; x_wconf 88' lang='lat' dir='ltr'><strong>S.</strong></span> <span class='ocrx_word' id='word_1_81' title='bbox 1301 1003 1372 1087; x_wconf 79' lang='lat' dir='ltr'><strong>Lip.</strong></span> 
     </span>
     <span class='ocr_line' id='line_1_10' title="bbox 106 1093 313 1165; baseline -0.005 -13"><span class='ocrx_word' id='word_1_82' title='bbox 106 1111 135 1152; x_wconf 82' lang='lat' dir='ltr'><strong>o.</strong></span> <span class='ocrx_word' id='word_1_83' title='bbox 152 1094 227 1165; x_wconf 81' lang='grc'><em>199,</em></span> <span class='ocrx_word' id='word_1_84' title='bbox 243 1093 313 1153; x_wconf 81' lang='lat' dir='ltr'><strong>tce.</strong></span> 
     </span>
    </p>

    <p class='ocr_par' dir='ltr' id='par_1_4' title="bbox 99 1177 1376 2588">
     <span class='ocr_line' id='line_1_11' title="bbox 144 1177 1376 1260; baseline 0.001 -17"><span class='ocrx_word' id='word_1_85' title='bbox 144 1183 292 1243; x_wconf 76' lang='lat' dir='ltr'><strong>Ceterum</strong></span> <span class='ocrx_word' id='word_1_86' title='bbox 316 1179 463 1242; x_wconf 83' lang='lat' dir='ltr'><strong>confessio</strong></span> <span class='ocrx_word' id='word_1_87' title='bbox 483 1197 539 1259; x_wconf 85' lang='lat' dir='ltr'><strong>per</strong></span> <span class='ocrx_word' id='word_1_88' title='bbox 559 1179 742 1260; x_wconf 85' lang='lat' dir='ltr'><strong>scripturam</strong></span> <span class='ocrx_word' id='word_1_89' title='bbox 763 1186 810 1242; x_wconf 86' lang='lat' dir='ltr'><strong>est</strong></span> <span class='ocrx_word' id='word_1_90' title='bbox 827 1177 954 1260; x_wconf 87' lang='lat' dir='ltr'><strong>quidem</strong></span> <span class='ocrx_word' id='word_1_91' title='bbox 973 1197 1026 1260; x_wconf 89' lang='lat' dir='ltr'><strong>per</strong></span> <span class='ocrx_word' id='word_1_92' title='bbox 1044 1197 1079 1241; x_wconf 87' lang='lat' dir='ltr'><strong>se</strong></span> <span class='ocrx_word' id='word_1_93' title='bbox 1099 1179 1215 1256; x_wconf 82' lang='lat' dir='ltr'><strong>relida;</strong></span> <span class='ocrx_word' id='word_1_94' title='bbox 1238 1180 1376 1244; x_wconf 83' lang='lat' dir='ltr'><strong>invalida</strong></span> 
     </span>
     <span class='ocr_line' id='line_1_12' title="bbox 105 1266 1376 1349; baseline 0.004 -20"><span class='ocrx_word' id='word_1_95' title='bbox 105 1274 207 1331; x_wconf 88' lang='lat' dir='ltr'><strong>tamen</strong></span> <span class='ocrx_word' id='word_1_96' title='bbox 233 1266 309 1330; x_wconf 83' lang='lat' dir='ltr'><strong>toret</strong></span> <span class='ocrx_word' id='word_1_97' title='bbox 326 1267 472 1330; x_wconf 87' lang='lat' dir='ltr'><strong>confessio</strong></span> <span class='ocrx_word' id='word_1_98' title='bbox 496 1273 526 1329; x_wconf 86' lang='lat' dir='ltr'><strong>ct</strong></span> <span class='ocrx_word' id='word_1_99' title='bbox 551 1267 702 1330; x_wconf 74' lang='lat' dir='ltr'><strong>absolutio</strong></span> <span class='ocrx_word' id='word_1_100' title='bbox 722 1287 781 1349; x_wconf 89' lang='lat' dir='ltr'><strong>per</strong></span> <span class='ocrx_word' id='word_1_101' title='bbox 797 1267 926 1329; x_wconf 81' lang='lat' dir='ltr'><strong>litteras.</strong></span> <span class='ocrx_word' id='word_1_102' title='bbox 948 1271 1058 1330; x_wconf 76' lang='lat' dir='ltr'><strong>Forma</strong></span> <span class='ocrx_word' id='word_1_103' title='bbox 1076 1266 1162 1330; x_wconf 89' lang='lat' dir='ltr'><strong>enim</strong></span> <span class='ocrx_word' id='word_1_104' title='bbox 1181 1267 1323 1332; x_wconf 85' lang='lat' dir='ltr'><strong>consistit</strong></span> <span class='ocrx_word' id='word_1_105' title='bbox 1339 1268 1376 1334; x_wconf 86' lang='grc' dir='ltr'><strong>ιι</strong></span> 
     </span>
     <span class='ocr_line' id='line_1_13' title="bbox 104 1355 1376 1438; baseline 0.003 -20"><span class='ocrx_word' id='word_1_106' title='bbox 104 1357 217 1434; x_wconf 67' lang='lat' dir='ltr'><strong>omlis,</strong></span> <span class='ocrx_word' id='word_1_107' title='bbox 238 1361 275 1419; x_wconf 90' lang='lat' dir='ltr'><strong>ut</strong></span> <span class='ocrx_word' id='word_1_108' title='bbox 298 1356 438 1419; x_wconf 81' lang='lat' dir='ltr'><strong>definivit</strong></span> <span class='ocrx_word' id='word_1_109' title='bbox 460 1355 617 1436; x_wconf 82' lang='lat' dir='ltr'><strong>Eugenius</strong></span> <span class='ocrx_word' id='word_1_110' title='bbox 639 1359 691 1429; x_wconf 90' lang='lat' dir='ltr'><strong>IV,</strong></span> <span class='ocrx_word' id='word_1_111' title='bbox 708 1360 741 1417; x_wconf 82' lang='lat' dir='ltr'><strong>in</strong></span> <span class='ocrx_word' id='word_1_112' title='bbox 766 1355 893 1418; x_wconf 76' lang='lat' dir='ltr'><strong>Dece-eto</strong></span> <span class='ocrx_word' id='word_1_113' title='bbox 909 1374 968 1438; x_wconf 81' lang='lat' dir='ltr'><strong>pro</strong></span> <span class='ocrx_word' id='word_1_114' title='bbox 989 1355 1147 1434; x_wconf 53' lang='lat' dir='ltr'><strong>Amasim</strong></span> <span class='ocrx_word' id='word_1_115' title='bbox 1167 1373 1256 1437; x_wconf 87' lang='lat' dir='ltr'><strong>porro</strong></span> <span class='ocrx_word' id='word_1_116' title='bbox 1277 1356 1376 1422; x_wconf 72' lang='lat' dir='ltr'><strong>torm</strong></span> 
     </span>
     <span class='ocr_line' id='line_1_14' title="bbox 103 1444 1375 1527; baseline 0.003 -21"><span class='ocrx_word' id='word_1_117' title='bbox 103 1445 238 1508; x_wconf 73' lang='lat' dir='ltr'><strong>materie</strong></span> <span class='ocrx_word' id='word_1_118' title='bbox 259 1444 403 1527; x_wconf 77' lang='lat' dir='ltr'><strong>prasenti</strong></span> <span class='ocrx_word' id='word_1_119' title='bbox 422 1444 566 1526; x_wconf 84' lang='lat' dir='ltr'><strong>applicari</strong></span> <span class='ocrx_word' id='word_1_120' title='bbox 589 1445 687 1508; x_wconf 84' lang='lat' dir='ltr'><strong>dehet.</strong></span> <span class='ocrx_word' id='word_1_121' title='bbox 709 1481 748 1490; x_wconf 92' lang='lat'><strong>—-</strong></span> <span class='ocrx_word' id='word_1_122' title='bbox 773 1448 897 1509; x_wconf 79' lang='lat' dir='ltr'><strong>Constat</strong></span> <span class='ocrx_word' id='word_1_123' title='bbox 922 1445 1050 1524; x_wconf 85' lang='lat' dir='ltr'><strong>insuper</strong></span> <span class='ocrx_word' id='word_1_124' title='bbox 1070 1461 1110 1506; x_wconf 80' lang='lat' dir='ltr'><strong>ex</strong></span> <span class='ocrx_word' id='word_1_125' title='bbox 1130 1445 1339 1525; x_wconf 80' lang='lat' dir='ltr'><strong>propositione</strong></span> <span class='ocrx_word' id='word_1_126' title='bbox 1357 1463 1375 1510; x_wconf 81' lang='lat' dir='ltr'><strong>a</strong></span> 
     </span>
     <span class='ocr_line' id='line_1_15' title="bbox 104 1534 1365 1598; baseline 0.001 -2"><span class='ocrx_word' id='word_1_127' title='bbox 104 1534 257 1596; x_wconf 71' lang='lat' dir='ltr'><strong>(demente</strong></span> <span class='ocrx_word' id='word_1_128' title='bbox 272 1535 337 1596; x_wconf 90' lang='lat' dir='ltr'><strong>Vlll</strong></span> <span class='ocrx_word' id='word_1_129' title='bbox 348 1535 496 1596; x_wconf 84' lang='lat' dir='ltr'><strong>damnata</strong></span> <span class='ocrx_word' id='word_1_130' title='bbox 506 1551 580 1596; x_wconf 87' lang='lat' dir='ltr'><strong>ann.</strong></span> <span class='ocrx_word' id='word_1_131' title='bbox 597 1537 687 1598; x_wconf 73' lang='lat'><strong>1602.</strong></span> <span class='ocrx_word' id='word_1_132' title='bbox 1362 1570 1365 1576; x_wconf 35' lang='grc' dir='ltr'>ι</span> 
     </span>
     <span class='ocr_line' id='line_1_16' title="bbox 101 1620 1375 1706; baseline 0.003 -22"><span class='ocrx_word' id='word_1_133' title='bbox 101 1655 104 1662; x_wconf 88' lang='grc'><strong><em>·</em></strong></span> <span class='ocrx_word' id='word_1_134' title='bbox 142 1621 422 1706; x_wconf 81' lang='lat' dir='ltr'><strong>Quidquidautom</strong></span> <span class='ocrx_word' id='word_1_135' title='bbox 439 1621 473 1683; x_wconf 90' lang='lat' dir='ltr'><strong>in</strong></span> <span class='ocrx_word' id='word_1_136' title='bbox 491 1621 682 1685; x_wconf 85' lang='lat' dir='ltr'><strong>contrarium</strong></span> <span class='ocrx_word' id='word_1_137' title='bbox 701 1622 842 1686; x_wconf 86' lang='lat' dir='ltr'><strong>nonnulli</strong></span> <span class='ocrx_word' id='word_1_138' title='bbox 865 1620 997 1700; x_wconf 73' lang='lat' dir='ltr'><strong>theologi</strong></span> <span class='ocrx_word' id='word_1_139' title='bbox 1017 1620 1169 1695; x_wconf 78' lang='lat' dir='ltr'><strong>dixerim,</strong></span> <span class='ocrx_word' id='word_1_140' title='bbox 1189 1627 1308 1686; x_wconf 85' lang='lat' dir='ltr'><strong>eertum</strong></span> <span class='ocrx_word' id='word_1_141' title='bbox 1328 1629 1375 1688; x_wconf 72' lang='lat' dir='ltr'><strong>eet</strong></span> 
     </span>
     <span class='ocr_line' id='line_1_17' title="bbox 101 1708 1374 1790; baseline 0.002 -18"><span class='ocrx_word' id='word_1_142' title='bbox 101 1709 320 1772; x_wconf 79' lang='lat' dir='ltr'><strong>confessionem</strong></span> <span class='ocrx_word' id='word_1_143' title='bbox 337 1709 448 1790; x_wconf 84' lang='lat' dir='ltr'><strong>scripto</strong></span> <span class='ocrx_word' id='word_1_144' title='bbox 466 1709 577 1772; x_wconf 81' lang='lat' dir='ltr'><strong>factam</strong></span> <span class='ocrx_word' id='word_1_145' title='bbox 596 1727 661 1772; x_wconf 88' lang='lat' dir='ltr'><strong>esse</strong></span> <span class='ocrx_word' id='word_1_146' title='bbox 678 1711 828 1783; x_wconf 77' lang='lat' dir='ltr'><strong>validam,</strong></span> <span class='ocrx_word' id='word_1_147' title='bbox 848 1710 939 1771; x_wconf 90' lang='lat' dir='ltr'><strong>modo</strong></span> <span class='ocrx_word' id='word_1_148' title='bbox 955 1709 1009 1770; x_wconf 81' lang='lat' dir='ltr'><strong>liat</strong></span> <span class='ocrx_word' id='word_1_149' title='bbox 1027 1708 1171 1788; x_wconf 77' lang='lat' dir='ltr'><strong>presenti</strong></span> <span class='ocrx_word' id='word_1_150' title='bbox 1188 1709 1374 1774; x_wconf 72' lang='lat' dir='ltr'><strong>confessario</strong></span> 
     </span>
     <span class='ocr_line' id='line_1_18' title="bbox 101 1795 1374 1878; baseline 0.003 -20"><span class='ocrx_word' id='word_1_151' title='bbox 101 1798 156 1878; x_wconf 84' lang='lat' dir='ltr'><strong>qui</strong></span> <span class='ocrx_word' id='word_1_152' title='bbox 180 1797 296 1876; x_wconf 84' lang='lat' dir='ltr'><strong>etipse</strong></span> <span class='ocrx_word' id='word_1_153' title='bbox 318 1802 499 1877; x_wconf 76' lang='lat' dir='ltr'><strong>presentem</strong></span> <span class='ocrx_word' id='word_1_154' title='bbox 522 1797 724 1878; x_wconf 73' lang='lat' dir='ltr'><strong>poenitentem</strong></span> <span class='ocrx_word' id='word_1_155' title='bbox 751 1797 899 1860; x_wconf 77' lang='lat' dir='ltr'><strong>absolvat.</strong></span> <span class='ocrx_word' id='word_1_156' title='bbox 922 1801 982 1859; x_wconf 85' lang='lat' dir='ltr'><strong>Nec</strong></span> <span class='ocrx_word' id='word_1_157' title='bbox 1001 1795 1103 1860; x_wconf 86' lang='lat' dir='ltr'><strong>obstat</strong></span> <span class='ocrx_word' id='word_1_158' title='bbox 1122 1795 1284 1876; x_wconf 73' lang='lat' dir='ltr'><strong>praehtum</strong></span> <span class='ocrx_word' id='word_1_159' title='bbox 1309 1799 1374 1862; x_wconf 56' lang='lat' dir='ltr'><strong>Gla*</strong></span> 
     </span>
     <span class='ocr_line' id='line_1_19' title="bbox 99 1883 1376 1967; baseline 0.003 -21"><span class='ocrx_word' id='word_1_160' title='bbox 99 1883 221 1958; x_wconf 86' lang='lat' dir='ltr'><strong>mentis</strong></span> <span class='ocrx_word' id='word_1_161' title='bbox 241 1887 306 1948; x_wconf 92' lang='lat' dir='ltr'><strong>Vlll</strong></span> <span class='ocrx_word' id='word_1_162' title='bbox 327 1889 501 1958; x_wconf 83' lang='lat' dir='ltr'><strong>Decretum,</strong></span> <span class='ocrx_word' id='word_1_163' title='bbox 520 1884 595 1965; x_wconf 77' lang='lat' dir='ltr'><strong>qtaia</strong></span> <span class='ocrx_word' id='word_1_164' title='bbox 616 1885 669 1948; x_wconf 82' lang='lat' dir='ltr'><strong>illo</strong></span> <span class='ocrx_word' id='word_1_165' title='bbox 688 1885 903 1948; x_wconf 85' lang='lat' dir='ltr'><strong>tantummodo</strong></span> <span class='ocrx_word' id='word_1_166' title='bbox 925 1883 1104 1965; x_wconf 82' lang='lat' dir='ltr'><strong>prohibetur</strong></span> <span class='ocrx_word' id='word_1_167' title='bbox 1127 1885 1292 1965; x_wconf 74' lang='lat' dir='ltr'><strong>propositio</strong></span> <span class='ocrx_word' id='word_1_168' title='bbox 1308 1897 1376 1967; x_wconf 78' lang='lat' dir='ltr'><strong>spo·</strong></span> 
     </span>
     <span class='ocr_line' id='line_1_20' title="bbox 100 1971 1376 2055; baseline 0 -19"><span class='ocrx_word' id='word_1_169' title='bbox 100 1979 189 2036; x_wconf 87' lang='lat' dir='ltr'><strong>ctans</strong></span> <span class='ocrx_word' id='word_1_170' title='bbox 204 1972 298 2036; x_wconf 89' lang='lat' dir='ltr'><strong>simul</strong></span> <span class='ocrx_word' id='word_1_171' title='bbox 312 1977 342 2036; x_wconf 86' lang='lat' dir='ltr'><strong>et</strong></span> <span class='ocrx_word' id='word_1_172' title='bbox 354 1974 394 2036; x_wconf 88' lang='lat' dir='ltr'><strong>ad</strong></span> <span class='ocrx_word' id='word_1_173' title='bbox 405 1972 622 2036; x_wconf 84' lang='lat' dir='ltr'><strong>confessionem</strong></span> <span class='ocrx_word' id='word_1_174' title='bbox 634 1973 748 2054; x_wconf 82' lang='lat' dir='ltr'><strong>scripto</strong></span> <span class='ocrx_word' id='word_1_175' title='bbox 759 1973 890 2046; x_wconf 69' lang='lat' dir='ltr'><strong>lucum,</strong></span> <span class='ocrx_word' id='word_1_176' title='bbox 909 1978 942 2036; x_wconf 89' lang='lat' dir='ltr'><strong>et</strong></span> <span class='ocrx_word' id='word_1_177' title='bbox 959 1973 1000 2035; x_wconf 90' lang='lat' dir='ltr'><strong>ad</strong></span> <span class='ocrx_word' id='word_1_178' title='bbox 1019 1971 1243 2036; x_wconf 83' lang='lat' dir='ltr'><strong>ahsolutionem</strong></span> <span class='ocrx_word' id='word_1_179' title='bbox 1261 1973 1376 2055; x_wconf 63' lang='lat' dir='ltr'><strong>paritas</strong></span> 
     </span>
     <span class='ocr_line' id='line_1_21' title="bbox 101 2060 1374 2143; baseline 0.002 -19"><span class='ocrx_word' id='word_1_180' title='bbox 101 2060 215 2142; x_wconf 84' lang='lat' dir='ltr'><strong>scripto</strong></span> <span class='ocrx_word' id='word_1_181' title='bbox 237 2063 286 2125; x_wconf 81' lang='lat' dir='ltr'><strong>vel</strong></span> <span class='ocrx_word' id='word_1_182' title='bbox 304 2081 357 2143; x_wconf 90' lang='lat' dir='ltr'><strong>per</strong></span> <span class='ocrx_word' id='word_1_183' title='bbox 374 2061 605 2124; x_wconf 85' lang='lat' dir='ltr'><strong>internuntium</strong></span> <span class='ocrx_word' id='word_1_184' title='bbox 621 2063 728 2125; x_wconf 84' lang='lat' dir='ltr'><strong>datam</strong></span> <span class='ocrx_word' id='word_1_185' title='bbox 747 2081 782 2125; x_wconf 89' lang='lat' dir='ltr'><strong>ao</strong></span> <span class='ocrx_word' id='word_1_186' title='bbox 797 2061 942 2137; x_wconf 68' lang='lat' dir='ltr'><strong>missuum</strong></span> <span class='ocrx_word' id='word_1_187' title='bbox 957 2067 1013 2124; x_wconf 88' lang='lat' dir='ltr'><strong>aut</strong></span> <span class='ocrx_word' id='word_1_188' title='bbox 1025 2061 1151 2136; x_wconf 84' lang='lat' dir='ltr'><strong>saltem,</strong></span> <span class='ocrx_word' id='word_1_189' title='bbox 1167 2067 1262 2143; x_wconf 86' lang='lat' dir='ltr'><strong>prout</strong></span> <span class='ocrx_word' id='word_1_190' title='bbox 1278 2062 1374 2126; x_wconf 87' lang='lat' dir='ltr'><strong>declu-</strong></span> 
     </span>
     <span class='ocr_line' id='line_1_22' title="bbox 100 2149 1374 2232; baseline 0.002 -20"><span class='ocrx_word' id='word_1_191' title='bbox 100 2151 186 2213; x_wconf 86' lang='lat' dir='ltr'><strong>ravit</strong></span> <span class='ocrx_word' id='word_1_192' title='bbox 202 2152 314 2214; x_wconf 87' lang='lat' dir='ltr'><strong>Paulus</strong></span> <span class='ocrx_word' id='word_1_193' title='bbox 333 2155 371 2227; x_wconf 86' lang='lat' dir='ltr'><strong>V,</strong></span> <span class='ocrx_word' id='word_1_194' title='bbox 390 2151 428 2213; x_wconf 87' lang='lat' dir='ltr'><strong>ed</strong></span> <span class='ocrx_word' id='word_1_195' title='bbox 450 2167 552 2214; x_wconf 86' lang='lat' dir='ltr'><strong>unum</strong></span> <span class='ocrx_word' id='word_1_196' title='bbox 575 2169 614 2214; x_wconf 81' lang='lat' dir='ltr'><strong>cx</strong></span> <span class='ocrx_word' id='word_1_197' title='bbox 634 2151 685 2214; x_wconf 86' lang='lat' dir='ltr'><strong>his</strong></span> <span class='ocrx_word' id='word_1_198' title='bbox 705 2151 825 2214; x_wconf 90' lang='lat' dir='ltr'><strong>duobus</strong></span> <span class='ocrx_word' id='word_1_199' title='bbox 850 2151 967 2214; x_wconf 85' lang='lat' dir='ltr'><strong>lactum</strong></span> <span class='ocrx_word' id='word_1_200' title='bbox 990 2149 1025 2211; x_wconf 91' lang='lat' dir='ltr'><strong>iu</strong></span> <span class='ocrx_word' id='word_1_201' title='bbox 1047 2149 1207 2225; x_wconf 83' lang='lat' dir='ltr'><strong>absentia,</strong></span> <span class='ocrx_word' id='word_1_202' title='bbox 1229 2151 1374 2232; x_wconf 76' lang='lat' dir='ltr'><strong>quamvis</strong></span> 
     </span>
     <span class='ocr_line' id='line_1_23' title="bbox 101 2237 1375 2320; baseline 0.004 -21"><span class='ocrx_word' id='word_1_203' title='bbox 101 2239 233 2302; x_wconf 83' lang='lat' dir='ltr'><strong>altarum</strong></span> <span class='ocrx_word' id='word_1_204' title='bbox 254 2239 309 2302; x_wconf 88' lang='lat' dir='ltr'><strong>fiat</strong></span> <span class='ocrx_word' id='word_1_205' title='bbox 325 2240 360 2312; x_wconf 90' lang='lat' dir='ltr'><strong>in</strong></span> <span class='ocrx_word' id='word_1_206' title='bbox 377 2239 549 2320; x_wconf 76' lang='lat' dir='ltr'><strong>presencia.</strong></span> <span class='ocrx_word' id='word_1_207' title='bbox 569 2241 635 2314; x_wconf 82' lang='lat' dir='ltr'><strong>Qua</strong></span> <span class='ocrx_word' id='word_1_208' title='bbox 652 2240 690 2302; x_wconf 88' lang='lat' dir='ltr'><strong>do</strong></span> <span class='ocrx_word' id='word_1_209' title='bbox 707 2257 741 2301; x_wconf 87' lang='lat' dir='ltr'><strong>re</strong></span> <span class='ocrx_word' id='word_1_210' title='bbox 761 2238 878 2320; x_wconf 82' lang='lat' dir='ltr'><strong>egregie</strong></span> <span class='ocrx_word' id='word_1_211' title='bbox 896 2238 1050 2318; x_wconf 88' lang='lat' dir='ltr'><strong>solideque</strong></span> <span class='ocrx_word' id='word_1_212' title='bbox 1067 2237 1237 2318; x_wconf 86' lang='lat' dir='ltr'><strong>disputarit</strong></span> <span class='ocrx_word' id='word_1_213' title='bbox 1255 2240 1375 2304; x_wconf 77' lang='lat' dir='ltr'><strong>Suom</strong></span> 
     </span>
     <span class='ocr_line' id='line_1_24' title="bbox 101 2326 1375 2409; baseline 0.005 -22"><span class='ocrx_word' id='word_1_214' title='bbox 101 2326 136 2388; x_wconf 90' lang='lat' dir='ltr'><strong>in</strong></span> <span class='ocrx_word' id='word_1_215' title='bbox 149 2329 305 2408; x_wconf 80' lang='lat' dir='ltr'><strong>opusculis</strong></span> <span class='ocrx_word' id='word_1_216' title='bbox 318 2328 421 2409; x_wconf 89' lang='lat' dir='ltr'><strong>prima</strong></span> <span class='ocrx_word' id='word_1_217' title='bbox 432 2326 497 2390; x_wconf 82' lang='lat' dir='ltr'><strong>rice</strong></span> <span class='ocrx_word' id='word_1_218' title='bbox 510 2327 544 2389; x_wconf 89' lang='lat' dir='ltr'><strong>in</strong></span> <span class='ocrx_word' id='word_1_219' title='bbox 558 2327 658 2390; x_wconf 80' lang='lat' dir='ltr'><strong>lucem</strong></span> <span class='ocrx_word' id='word_1_220' title='bbox 676 2327 768 2391; x_wconf 86' lang='lat' dir='ltr'><strong>editis</strong></span> <span class='ocrx_word' id='word_1_221' title='bbox 782 2346 800 2390; x_wconf 87' lang='lat' dir='ltr'><strong>a</strong></span> <span class='ocrx_word' id='word_1_222' title='bbox 813 2326 872 2408; x_wconf 81' lang='lat' dir='ltr'><strong>piae</strong></span> <span class='ocrx_word' id='word_1_223' title='bbox 886 2326 1043 2390; x_wconf 76' lang='lat' dir='ltr'><strong>memoriae</strong></span> <span class='ocrx_word' id='word_1_224' title='bbox 1061 2326 1208 2408; x_wconf 82' lang='lat' dir='ltr'><strong>Episcopo</strong></span> <span class='ocrx_word' id='word_1_225' title='bbox 1225 2329 1375 2408; x_wconf 76' lang='lat' dir='ltr'><strong>Brugemi</strong></span> 
     </span>
     <span class='ocr_line' id='line_1_25' title="bbox 101 2413 1375 2498; baseline 0.006 -24"><span class='ocrx_word' id='word_1_226' title='bbox 101 2415 172 2478; x_wconf 80' lang='lat' dir='ltr'><strong>llll.</strong></span> <span class='ocrx_word' id='word_1_227' title='bbox 199 2417 303 2480; x_wconf 81' lang='lat' dir='ltr'><strong>Meton</strong></span> <span class='ocrx_word' id='word_1_228' title='bbox 323 2415 503 2498; x_wconf 77' lang='lat' dir='ltr'><strong>(Bruxellis,</strong></span> <span class='ocrx_word' id='word_1_229' title='bbox 528 2417 638 2498; x_wconf 72' lang='lat' dir='ltr'><strong>{stop</strong></span> <span class='ocrx_word' id='word_1_230' title='bbox 651 2416 855 2480; x_wconf 80' lang='lat' dir='ltr'><strong>Consentiunt</strong></span> <span class='ocrx_word' id='word_1_231' title='bbox 872 2415 967 2478; x_wconf 86' lang='lat' dir='ltr'><strong>etiam</strong></span> <span class='ocrx_word' id='word_1_232' title='bbox 988 2415 1090 2498; x_wconf 74' lang='lat' dir='ltr'><strong>Lupo,</strong></span> <span class='ocrx_word' id='word_1_233' title='bbox 1116 2413 1251 2492; x_wconf 74' lang='lat' dir='ltr'><strong>Condat,</strong></span> <span class='ocrx_word' id='word_1_234' title='bbox 1278 2416 1375 2495; x_wconf 52' lang='lat' dir='ltr'><strong>Vivet</strong></span> 
     </span>
     <span class='ocr_line' id='line_1_26' title="bbox 102 2504 606 2588; baseline 0.002 -22"><span class='ocrx_word' id='word_1_235' title='bbox 102 2504 138 2566; x_wconf 94' lang='grc'><em>8.</em></span> <span class='ocrx_word' id='word_1_236' title='bbox 155 2506 344 2588; x_wconf 71' lang='lat' dir='ltr'><strong>ttp„1.v1,</strong></span> <span class='ocrx_word' id='word_1_237' title='bbox 363 2507 606 2582; x_wconf 78' lang='grc' dir='ltr'>ι.ι98,ιια1ιί.</span> 
     </span>
    </p>

    <p class='ocr_par' dir='ltr' id='par_1_5' title="bbox 98 2553 1373 2764">
     <span class='ocr_line' id='line_1_27' title="bbox 140 2553 1373 2675; baseline -0.001 -19"><span class='ocrx_word' id='word_1_238' title='bbox 140 2599 173 2656; x_wconf 80' lang='lat'><strong>7⁰</strong></span> <span class='ocrx_word' id='word_1_239' title='bbox 187 2595 332 2671; x_wconf 79' lang='lat' dir='ltr'><strong>Merene,</strong></span> <span class='ocrx_word' id='word_1_240' title='bbox 358 2613 413 2657; x_wconf 86' lang='lat' dir='ltr'><strong>seu</strong></span> <span class='ocrx_word' id='word_1_241' title='bbox 431 2553 585 2674; x_wconf 65' lang='lat' dir='ltr'><strong>dolorosa,</strong></span> <span class='ocrx_word' id='word_1_242' title='bbox 601 2601 638 2658; x_wconf 88' lang='grc' dir='ltr'><strong>ιι</strong></span> <span class='ocrx_word' id='word_1_243' title='bbox 656 2612 751 2675; x_wconf 88' lang='lat' dir='ltr'><strong>supra</strong></span> <span class='ocrx_word' id='word_1_244' title='bbox 774 2593 892 2658; x_wconf 87' lang='lat' dir='ltr'><strong>dictum</strong></span> <span class='ocrx_word' id='word_1_245' title='bbox 911 2600 959 2657; x_wconf 85' lang='lat' dir='ltr'><strong>est</strong></span> <span class='ocrx_word' id='word_1_246' title='bbox 978 2595 1015 2656; x_wconf 90' lang='lat' dir='ltr'><strong>de</strong></span> <span class='ocrx_word' id='word_1_247' title='bbox 1035 2592 1236 2671; x_wconf 84' lang='lat' dir='ltr'><strong>contritione,</strong></span> <span class='ocrx_word' id='word_1_248' title='bbox 1260 2615 1293 2658; x_wconf 81' lang='grc' dir='ltr'><strong>ιι.</strong></span> <span class='ocrx_word' id='word_1_249' title='bbox 1313 2557 1373 2670; x_wconf 66' lang='grc' dir='ltr'><strong>ιιιΙ</strong></span> 
     </span>
     <span class='ocr_line' id='line_1_28' title="bbox 98 2689 199 2764; baseline 0.033 -23"><span class='ocrx_word' id='word_1_250' title='bbox 98 2689 199 2764; x_wconf 76' lang='lat' dir='ltr'><strong>etseq.</strong></span> 
     </span>
    </p>

    <p class='ocr_par' dir='ltr' id='par_1_6' title="bbox 99 2749 1373 3027">
     <span class='ocr_line' id='line_1_29' title="bbox 138 2749 1373 2871; baseline -0.001 -36"><span class='ocrx_word' id='word_1_251' title='bbox 138 2774 172 2835; x_wconf 84' lang='lat'><strong>8⁰</strong></span> <span class='ocrx_word' id='word_1_252' title='bbox 187 2771 289 2840; x_wconf 84' lang='lat' dir='ltr'><strong>Poro,</strong></span> <span class='ocrx_word' id='word_1_253' title='bbox 314 2788 424 2851; x_wconf 87' lang='lat' dir='ltr'><strong>nempe</strong></span> <span class='ocrx_word' id='word_1_254' title='bbox 446 2771 484 2834; x_wconf 90' lang='lat' dir='ltr'><strong>oh</strong></span> <span class='ocrx_word' id='word_1_255' title='bbox 503 2771 596 2834; x_wconf 87' lang='lat' dir='ltr'><strong>finem</strong></span> <span class='ocrx_word' id='word_1_256' title='bbox 614 2770 796 2845; x_wconf 85' lang='lat' dir='ltr'><strong>honestum,</strong></span> <span class='ocrx_word' id='word_1_257' title='bbox 809 2789 865 2834; x_wconf 87' lang='lat' dir='ltr'><strong>seu</strong></span> <span class='ocrx_word' id='word_1_258' title='bbox 882 2771 921 2834; x_wconf 85' lang='grc' dir='ltr'><strong>ιι</strong></span> <span class='ocrx_word' id='word_1_259' title='bbox 943 2769 1066 2833; x_wconf 76' lang='lat' dir='ltr'><strong>vatiam</strong></span> <span class='ocrx_word' id='word_1_260' title='bbox 1084 2776 1294 2871; x_wconf 80' lang='lat' dir='ltr'><strong>peccalorum,</strong></span> <span class='ocrx_word' id='word_1_261' title='bbox 1305 2749 1373 2850; x_wconf 77' lang='lat' dir='ltr'><strong>gra·¹</strong></span> 
     </span>
     <span class='ocr_line' id='line_1_30' title="bbox 99 2845 1373 2939; baseline 0.002 -18"><span class='ocrx_word' id='word_1_262' title='bbox 99 2845 226 2939; x_wconf 75' lang='lat' dir='ltr'><strong>tiaeque</strong></span> <span class='ocrx_word' id='word_1_263' title='bbox 240 2859 473 2921; x_wconf 79' lang='lat' dir='ltr'><strong>sacramentales</strong></span> <span class='ocrx_word' id='word_1_264' title='bbox 484 2857 684 2934; x_wconf 81' lang='lat' dir='ltr'><strong>obunennas</strong></span> <span class='ocrx_word' id='word_1_265' title='bbox 702 2876 766 2922; x_wconf 91' lang='lat' dir='ltr'><strong>non</strong></span> <span class='ocrx_word' id='word_1_266' title='bbox 786 2877 857 2922; x_wconf 79' lang='lat' dir='ltr'><strong>roro</strong></span> <span class='ocrx_word' id='word_1_267' title='bbox 870 2860 909 2921; x_wconf 87' lang='lat' dir='ltr'><strong>ad</strong></span> <span class='ocrx_word' id='word_1_268' title='bbox 922 2856 1106 2922; x_wconf 80' lang='lat' dir='ltr'><strong>Gmlcssarii</strong></span> <span class='ocrx_word' id='word_1_269' title='bbox 1125 2858 1373 2939; x_wconf 79' lang='lat' dir='ltr'><strong>compassionum</strong></span> 
     </span>
     <span class='ocr_line' id='line_1_31' title="bbox 101 2945 1301 3027; baseline 0 -17"><span class='ocrx_word' id='word_1_270' title='bbox 101 2947 355 3010; x_wconf 88' lang='lat' dir='ltr'><strong>commovendam</strong></span> <span class='ocrx_word' id='word_1_271' title='bbox 362 2906 759 3027; x_wconf 67' lang='lat' dir='ltr'><strong>‚ejusrebenesolentiam</strong></span> <span class='ocrx_word' id='word_1_272' title='bbox 773 2946 1015 3010; x_wconf 74' lang='lat' dir='ltr'><strong>estimationem</strong></span> <span class='ocrx_word' id='word_1_273' title='bbox 1026 2947 1226 3027; x_wconf 78' lang='lat' dir='ltr'><strong>captandam,</strong></span> <span class='ocrx_word' id='word_1_274' title='bbox 1241 2953 1301 3010; x_wconf 88' lang='lat' dir='ltr'><strong>etc</strong></span> 
     </span>
    </p>

    <p class='ocr_par' dir='ltr' id='par_1_7' title="bbox 100 3033 1372 3384">
     <span class='ocr_line' id='line_1_32' title="bbox 139 3033 1372 3136; baseline 0.001 -36"><span class='ocrx_word' id='word_1_275' title='bbox 139 3041 172 3100; x_wconf 75' lang='grc' dir='ltr'><strong>ιιο</strong></span> <span class='ocrx_word' id='word_1_276' title='bbox 188 3035 304 3097; x_wconf 84' lang='lat' dir='ltr'><strong>Parere</strong></span> <span class='ocrx_word' id='word_1_277' title='bbox 319 3043 443 3116; x_wconf 80' lang='lat' dir='ltr'><strong>purete,</strong></span> <span class='ocrx_word' id='word_1_278' title='bbox 467 3035 501 3098; x_wconf 92' lang='lat' dir='ltr'><strong>id</strong></span> <span class='ocrx_word' id='word_1_279' title='bbox 519 3039 580 3109; x_wconf 85' lang='lat' dir='ltr'><strong>est,</strong></span> <span class='ocrx_word' id='word_1_280' title='bbox 597 3035 749 3114; x_wconf 74' lang='lat' dir='ltr'><strong>penitens</strong></span> <span class='ocrx_word' id='word_1_281' title='bbox 768 3035 857 3098; x_wconf 85' lang='lat' dir='ltr'><strong>dehet</strong></span> <span class='ocrx_word' id='word_1_282' title='bbox 872 3053 940 3098; x_wconf 83' lang='lat' dir='ltr'><strong>esse</strong></span> <span class='ocrx_word' id='word_1_283' title='bbox 957 3033 1126 3115; x_wconf 80' lang='lat' dir='ltr'><strong>dispositus</strong></span> <span class='ocrx_word' id='word_1_284' title='bbox 1143 3035 1183 3098; x_wconf 89' lang='lat' dir='ltr'><strong>ad</strong></span> <span class='ocrx_word' id='word_1_285' title='bbox 1200 3035 1372 3136; x_wconf 71' lang='lat' dir='ltr'><strong>parendum</strong></span> 
     </span>
     <span class='ocr_line' id='line_1_33' title="bbox 101 3121 1371 3204; baseline 0.003 -18"><span class='ocrx_word' id='word_1_286' title='bbox 101 3125 229 3188; x_wconf 86' lang='lat' dir='ltr'><strong>monitis</strong></span> <span class='ocrx_word' id='word_1_287' title='bbox 239 3123 419 3187; x_wconf 77' lang='lat' dir='ltr'><strong>confessarii</strong></span> <span class='ocrx_word' id='word_1_288' title='bbox 432 3129 582 3204; x_wconf 82' lang='lat' dir='ltr'><strong>tanquam</strong></span> <span class='ocrx_word' id='word_1_289' title='bbox 591 3121 707 3204; x_wconf 82' lang='lat' dir='ltr'><strong>judicis</strong></span> <span class='ocrx_word' id='word_1_290' title='bbox 715 3124 901 3186; x_wconf 82' lang='lat' dir='ltr'><strong>sententiam</strong></span> <span class='ocrx_word' id='word_1_291' title='bbox 913 3141 967 3203; x_wconf 93' lang='lat' dir='ltr'><strong>pro</strong></span> <span class='ocrx_word' id='word_1_292' title='bbox 967 3122 1094 3204; x_wconf 81' lang='lat' dir='ltr'><strong>terentis</strong></span> <span class='ocrx_word' id='word_1_293' title='bbox 1096 3123 1217 3204; x_wconf 87' lang='lat' dir='ltr'><strong>,puta</strong></span> <span class='ocrx_word' id='word_1_294' title='bbox 1207 3141 1242 3186; x_wconf 88' lang='grc' dir='ltr'><strong>ιι</strong></span> <span class='ocrx_word' id='word_1_295' title='bbox 1252 3122 1371 3204; x_wconf 63' lang='grc' dir='ltr'>ιιιιιιιι.</span> 
     </span>
     <span class='ocr_line' id='line_1_34' title="bbox 100 3172 1371 3318; baseline 0.002 -43"><span class='ocrx_word' id='word_1_296' title='bbox 100 3212 148 3276; x_wconf 84' lang='lat' dir='ltr'><strong>dis</strong></span> <span class='ocrx_word' id='word_1_297' title='bbox 171 3212 421 3287; x_wconf 60' lang='lat' dir='ltr'><strong>occasionibus</strong></span> <span class='ocrx_word' id='word_1_298' title='bbox 412 3230 447 3274; x_wconf 87' lang='grc' dir='ltr'><strong>ιι</strong></span> <span class='ocrx_word' id='word_1_299' title='bbox 464 3210 647 3275; x_wconf 81' lang='lat' dir='ltr'><strong>adhibendis</strong></span> <span class='ocrx_word' id='word_1_300' title='bbox 665 3208 847 3286; x_wconf 53' lang='lat' dir='ltr'><strong>remediiss</strong></span> <span class='ocrx_word' id='word_1_301' title='bbox 837 3230 872 3274; x_wconf 84' lang='grc' dir='ltr'><strong>ιι</strong></span> <span class='ocrx_word' id='word_1_302' title='bbox 884 3210 1079 3276; x_wconf 82' lang='grc' dir='ltr'>ιιιιιιιιιοιιι</span> <span class='ocrx_word' id='word_1_303' title='bbox 1092 3172 1246 3318; x_wconf 72' lang='lat' dir='ltr'><strong>iacienda,</strong></span> <span class='ocrx_word' id='word_1_304' title='bbox 1269 3229 1371 3294; x_wconf 82' lang='lat' dir='ltr'><strong>aecep-</strong></span> 
     </span>
     <span class='ocr_line' id='line_1_35' title="bbox 101 3301 478 3384; baseline -0.005 -18"><span class='ocrx_word' id='word_1_305' title='bbox 101 3305 192 3366; x_wconf 86' lang='lat' dir='ltr'><strong>tanda</strong></span> <span class='ocrx_word' id='word_1_306' title='bbox 206 3301 405 3384; x_wconf 75' lang='lat' dir='ltr'><strong>peonitentia,</strong></span> <span class='ocrx_word' id='word_1_307' title='bbox 420 3305 478 3364; x_wconf 87' lang='lat' dir='ltr'><strong>etc.</strong></span> 
     </span>
    </p>

    <p class='ocr_par' dir='ltr' id='par_1_8' title="bbox 100 3363 1371 3633">
     <span class='ocr_line' id='line_1_36' title="bbox 139 3363 1371 3473; baseline -0.001 -17"><span class='ocrx_word' id='word_1_308' title='bbox 139 3395 222 3456; x_wconf 86' lang='lat' dir='ltr'><strong>luter</strong></span> <span class='ocrx_word' id='word_1_309' title='bbox 233 3390 375 3473; x_wconf 78' lang='lat' dir='ltr'><strong>praelatas</strong></span> <span class='ocrx_word' id='word_1_310' title='bbox 388 3389 585 3453; x_wconf 84' lang='lat' dir='ltr'><strong>confessionis</strong></span> <span class='ocrx_word' id='word_1_311' title='bbox 600 3389 688 3452; x_wconf 78' lang='lat' dir='ltr'><strong>dotes</strong></span> <span class='ocrx_word' id='word_1_312' title='bbox 704 3387 865 3468; x_wconf 76' lang='lat' dir='ltr'><strong>praecipua</strong></span> <span class='ocrx_word' id='word_1_313' title='bbox 881 3393 957 3450; x_wconf 84' lang='lat' dir='ltr'><strong>sunt</strong></span> <span class='ocrx_word' id='word_1_314' title='bbox 974 3363 1154 3469; x_wconf 71' lang='lat' dir='ltr'><strong>integritas,</strong></span> <span class='ocrx_word' id='word_1_315' title='bbox 1169 3395 1201 3454; x_wconf 83' lang='lat' dir='ltr'><strong>et</strong></span> <span class='ocrx_word' id='word_1_316' title='bbox 1215 3377 1371 3455; x_wconf 77' lang='lat' dir='ltr'><strong>contritio.</strong></span> 
     </span>
     <span class='ocr_line' id='line_1_37' title="bbox 100 3475 1371 3564; baseline 0 -22"><span class='ocrx_word' id='word_1_317' title='bbox 100 3483 166 3542; x_wconf 88' lang='lat' dir='ltr'><strong>tam</strong></span> <span class='ocrx_word' id='word_1_318' title='bbox 178 3483 216 3544; x_wconf 92' lang='lat' dir='ltr'><strong>de</strong></span> <span class='ocrx_word' id='word_1_319' title='bbox 227 3482 389 3564; x_wconf 78' lang='lat' dir='ltr'><strong>posteriori</strong></span> <span class='ocrx_word' id='word_1_320' title='bbox 405 3477 482 3542; x_wconf 86' lang='lat' dir='ltr'><strong>satis</strong></span> <span class='ocrx_word' id='word_1_321' title='bbox 499 3477 620 3551; x_wconf 83' lang='lat' dir='ltr'><strong>dictum</strong></span> <span class='ocrx_word' id='word_1_322' title='bbox 637 3480 699 3554; x_wconf 85' lang='lat' dir='ltr'><strong>est;</strong></span> <span class='ocrx_word' id='word_1_323' title='bbox 714 3493 799 3540; x_wconf 89' lang='lat' dir='ltr'><strong>nuno</strong></span> <span class='ocrx_word' id='word_1_324' title='bbox 814 3479 918 3538; x_wconf 78' lang='grc' dir='ltr'>ιιιιιιι</span> <span class='ocrx_word' id='word_1_325' title='bbox 936 3475 1095 3556; x_wconf 83' lang='lat' dir='ltr'><strong>speciatim</strong></span> <span class='ocrx_word' id='word_1_326' title='bbox 1108 3478 1146 3540; x_wconf 83' lang='lat' dir='ltr'><strong>de</strong></span> <span class='ocrx_word' id='word_1_327' title='bbox 1160 3479 1263 3560; x_wconf 71' lang='grc' dir='ltr'>ρνιιιπ</span> <span class='ocrx_word' id='word_1_328' title='bbox 1259 3476 1371 3544; x_wconf 79' lang='lat' dir='ltr'><strong>disce·</strong></span> 
     </span>
     <span class='ocr_line' id='line_1_38' title="bbox 101 3565 479 3633; baseline 0 -2"><span class='ocrx_word' id='word_1_329' title='bbox 101 3571 230 3633; x_wconf 87' lang='lat' dir='ltr'><strong>rendum</strong></span> <span class='ocrx_word' id='word_1_330' title='bbox 247 3565 343 3633; x_wconf 74' lang='lat' dir='ltr'><strong>venia</strong></span> <span class='ocrx_word' id='word_1_331' title='bbox 476 3591 479 3598; x_wconf 57' lang='lat'><strong><em>¹</em></strong></span> 
     </span>
    </p>
   </div>
   <div class='ocr_carea' id='block_1_3' title="bbox 450 3677 1020 3740">
    <p class='ocr_par' dir='ltr' id='par_1_9' title="bbox 450 3677 1020 3740">
     <span class='ocr_line' id='line_1_39' title="bbox 450 3677 1020 3740; baseline -0.005 -2"><span class='ocrx_word' id='word_1_332' title='bbox 450 3682 496 3738; x_wconf 82' lang='lat' dir='ltr'><strong>DE</strong></span> <span class='ocrx_word' id='word_1_333' title='bbox 513 3677 750 3740; x_wconf 72' lang='lat' dir='ltr'><strong>turnucum</strong></span> <span class='ocrx_word' id='word_1_334' title='bbox 767 3677 1020 3737; x_wconf 74' lang='lat' dir='ltr'><strong>conrnsstoms</strong></span> 
     </span>
    </p>
   </div>
   <div class='ocr_carea' id='block_1_4' title="bbox 136 3824 1371 4000">
    <p class='ocr_par' dir='ltr' id='par_1_10' title="bbox 136 3824 1371 4000">
     <span class='ocr_line' id='line_1_40' title="bbox 136 3824 1371 3931; baseline -0.006 -36"><span class='ocrx_word' id='word_1_335' title='bbox 136 3835 267 3895; x_wconf 83' lang='grc' dir='ltr'>ιιι8.-</span> <span class='ocrx_word' id='word_1_336' title='bbox 224 3830 395 3911; x_wconf 79' lang='lat' dir='ltr'><strong>Duplex</strong></span> <span class='ocrx_word' id='word_1_337' title='bbox 406 3827 611 3931; x_wconf 75' lang='lat' dir='ltr'><strong>distinguatur</strong></span> <span class='ocrx_word' id='word_1_338' title='bbox 622 3825 799 3908; x_wconf 76' lang='lat' dir='ltr'><strong>integritas</strong></span> <span class='ocrx_word' id='word_1_339' title='bbox 813 3825 873 3890; x_wconf 88' lang='lat' dir='ltr'><strong>aha</strong></span> <span class='ocrx_word' id='word_1_340' title='bbox 883 3826 1064 3900; x_wconf 69' lang='lat' dir='ltr'><strong>ommam</strong></span> <span class='ocrx_word' id='word_1_341' title='bbox 1077 3824 1140 3888; x_wconf 85' lang='lat' dir='ltr'><strong>alia</strong></span> <span class='ocrx_word' id='word_1_342' title='bbox 1151 3824 1306 3906; x_wconf 71' lang='lat' dir='ltr'><strong>[amato.</strong></span> <span class='ocrx_word' id='word_1_343' title='bbox 1369 3865 1371 3868; x_wconf 32' lang='lat' dir='ltr'>v</span> 
     </span>
     <span class='ocr_line' id='line_1_41' title="bbox 137 3905 1367 4000; baseline -0.004 -18"><span class='ocrx_word' id='word_1_344' title='bbox 137 3923 169 3982; x_wconf 58' lang='grc' dir='ltr'><strong>ιθ</strong></span> <span class='ocrx_word' id='word_1_345' title='bbox 182 3919 348 4000; x_wconf 69' lang='lat' dir='ltr'><strong>Integritas</strong></span> <span class='ocrx_word' id='word_1_346' title='bbox 361 3905 526 3986; x_wconf 75' lang='lat' dir='ltr'><strong>maurinis</strong></span> <span class='ocrx_word' id='word_1_347' title='bbox 540 3917 602 3980; x_wconf 87' lang='lat' dir='ltr'><strong>sita</strong></span> <span class='ocrx_word' id='word_1_348' title='bbox 614 3915 683 3980; x_wconf 85' lang='lat' dir='ltr'><strong>est</strong></span> <span class='ocrx_word' id='word_1_349' title='bbox 673 3935 708 3978; x_wconf 88' lang='grc' dir='ltr'><strong>ιι</strong></span> <span class='ocrx_word' id='word_1_350' title='bbox 719 3915 911 3979; x_wconf 85' lang='lat' dir='ltr'><strong>accusatione</strong></span> <span class='ocrx_word' id='word_1_351' title='bbox 924 3915 1067 3978; x_wconf 85' lang='lat' dir='ltr'><strong>omnium</strong></span> <span class='ocrx_word' id='word_1_352' title='bbox 1074 3920 1272 3996; x_wconf 83' lang='lat' dir='ltr'><strong>peccatorum</strong></span> <span class='ocrx_word' id='word_1_353' title='bbox 1286 3931 1367 3978; x_wconf 88' lang='lat' dir='ltr'><strong>mor-</strong></span> 
     </span>
    </p>
   </div>
   <div class='ocr_carea' id='block_1_5' title="bbox 98 4007 1370 4264">
    <p class='ocr_par' dir='ltr' id='par_1_11' title="bbox 98 4007 1370 4264">
     <span class='ocr_line' id='line_1_42' title="bbox 98 4007 608 4088; baseline -0.004 -18"><span class='ocrx_word' id='word_1_354' title='bbox 98 4007 224 4084; x_wconf 81' lang='lat' dir='ltr'><strong>talium,</strong></span> <span class='ocrx_word' id='word_1_355' title='bbox 240 4026 311 4088; x_wconf 80' lang='lat' dir='ltr'><strong>quae</strong></span> <span class='ocrx_word' id='word_1_356' title='bbox 325 4007 425 4070; x_wconf 91' lang='lat' dir='ltr'><strong>ment1</strong></span> <span class='ocrx_word' id='word_1_357' title='bbox 436 4009 608 4070; x_wconf 77' lang='lat' dir='ltr'><strong>ocuorrum</strong></span> 
     </span>
     <span class='ocr_line' id='line_1_43' title="bbox 136 4074 1370 4177; baseline -0.003 -18"><span class='ocrx_word' id='word_1_358' title='bbox 136 4102 170 4159; x_wconf 66' lang='grc' dir='ltr'><strong>ιο</strong></span> <span class='ocrx_word' id='word_1_359' title='bbox 187 4096 351 4177; x_wconf 78' lang='lat' dir='ltr'><strong>Integritas</strong></span> <span class='ocrx_word' id='word_1_360' title='bbox 368 4094 503 4158; x_wconf 87' lang='lat' dir='ltr'><strong>formalis</strong></span> <span class='ocrx_word' id='word_1_361' title='bbox 518 4093 686 4158; x_wconf 77' lang='lat' dir='ltr'><strong>mesistit&#39;</strong></span> <span class='ocrx_word' id='word_1_362' title='bbox 677 4113 711 4156; x_wconf 89' lang='grc' dir='ltr'><strong>ιιι</strong></span> <span class='ocrx_word' id='word_1_363' title='bbox 732 4092 922 4158; x_wconf 84' lang='lat' dir='ltr'><strong>accusatione</strong></span> <span class='ocrx_word' id='word_1_364' title='bbox 936 4093 1078 4154; x_wconf 84' lang='lat' dir='ltr'><strong>omniurn</strong></span> <span class='ocrx_word' id='word_1_365' title='bbox 1090 4092 1283 4168; x_wconf 86' lang='lat' dir='ltr'><strong>mortalium,</strong></span> <span class='ocrx_word' id='word_1_366' title='bbox 1299 4074 1370 4174; x_wconf 69' lang='lat' dir='ltr'><strong>onai</strong></span> 
     </span>
     <span class='ocr_line' id='line_1_44' title="bbox 98 4179 1369 4264; baseline -0.001 -17"><span class='ocrx_word' id='word_1_367' title='bbox 98 4186 168 4264; x_wconf 89' lang='lat' dir='ltr'><strong>quis</strong></span> <span class='ocrx_word' id='word_1_368' title='bbox 185 4187 237 4249; x_wconf 90' lang='lat' dir='ltr'><strong>hic</strong></span> <span class='ocrx_word' id='word_1_369' title='bbox 257 4191 288 4248; x_wconf 87' lang='lat' dir='ltr'><strong>et</strong></span> <span class='ocrx_word' id='word_1_370' title='bbox 305 4203 403 4259; x_wconf 92' lang='lat' dir='ltr'><strong>nunc,</strong></span> <span class='ocrx_word' id='word_1_371' title='bbox 424 4183 565 4264; x_wconf 87' lang='lat' dir='ltr'><strong>spectatis</strong></span> <span class='ocrx_word' id='word_1_372' title='bbox 581 4181 838 4256; x_wconf 66' lang='lat' dir='ltr'><strong>circumstantiis,</strong></span> <span class='ocrx_word' id='word_1_373' title='bbox 857 4179 1014 4243; x_wconf 80' lang='lat' dir='ltr'><strong>moraliter</strong></span> <span class='ocrx_word' id='word_1_374' title='bbox 1031 4179 1168 4244; x_wconf 87' lang='lat' dir='ltr'><strong>confiteri</strong></span> <span class='ocrx_word' id='word_1_375' title='bbox 1183 4187 1298 4262; x_wconf 85' lang='lat' dir='ltr'><strong>potest,</strong></span> <span class='ocrx_word' id='word_1_376' title='bbox 1321 4181 1369 4253; x_wconf 78' lang='lat' dir='ltr'><strong>val</strong></span> 
     </span>
    </p>
   </div>
   <div class='ocr_carea' id='block_1_6' title="bbox 14 4271 1368 4444">
    <p class='ocr_par' dir='ltr' id='par_1_12' title="bbox 14 4271 1368 4444">
     <span class='ocr_line' id='line_1_45' title="bbox 14 4271 1368 4444; baseline -0.006 -16"><span class='ocrx_word' id='word_1_377' title='bbox 14 4401 19 4428; x_wconf 69' lang='grc' dir='ltr'><strong>ι</strong></span> <span class='ocrx_word' id='word_1_378' title='bbox 98 4271 349 4444; x_wconf 54' lang='grc' dir='ltr'>ιθῐιιιιιιιιοιιιι</span> <span class='ocrx_word' id='word_1_379' title='bbox 362 4360 493 4424; x_wconf 88' lang='lat' dir='ltr'><strong>hahetur</strong></span> <span class='ocrx_word' id='word_1_380' title='bbox 511 4357 673 4439; x_wconf 85' lang='lat' dir='ltr'><strong>integritas</strong></span> <span class='ocrx_word' id='word_1_381' title='bbox 689 4358 872 4432; x_wconf 59' lang='lat' dir='ltr'><strong>materialis</strong></span> <span class='ocrx_word' id='word_1_382' title='bbox 885 4356 1017 4419; x_wconf 87' lang='lat' dir='ltr'><strong>hahetur</strong></span> <span class='ocrx_word' id='word_1_383' title='bbox 1030 4357 1125 4420; x_wconf 82' lang='lat' dir='ltr'><strong>etiarn</strong></span> <span class='ocrx_word' id='word_1_384' title='bbox 1143 4357 1294 4434; x_wconf 86' lang='lat' dir='ltr'><strong>formatis;</strong></span> <span class='ocrx_word' id='word_1_385' title='bbox 1317 4359 1368 4422; x_wconf 89' lang='lat' dir='ltr'><strong>sed</strong></span> 
     </span>
    </p>
   </div>
   <div class='ocr_carea' id='block_1_7' title="bbox 98 4445 1369 4606">
    <p class='ocr_par' dir='ltr' id='par_1_13' title="bbox 98 4445 1369 4606">
     <span class='ocr_line' id='line_1_46' title="bbox 98 4445 1369 4525; baseline -0.006 -11"><span class='ocrx_word' id='word_1_386' title='bbox 98 4467 159 4514; x_wconf 91' lang='lat' dir='ltr'><strong>non</strong></span> <span class='ocrx_word' id='word_1_387' title='bbox 172 4453 240 4516; x_wconf 81' lang='lat' dir='ltr'><strong>vice</strong></span> <span class='ocrx_word' id='word_1_388' title='bbox 258 4469 354 4515; x_wconf 84' lang='lat' dir='ltr'><strong>versa.</strong></span> <span class='ocrx_word' id='word_1_389' title='bbox 374 4448 514 4511; x_wconf 81' lang='lat' dir='ltr'><strong>Dicemus</strong></span> <span class='ocrx_word' id='word_1_390' title='bbox 531 4453 562 4510; x_wconf 87' lang='grc' dir='ltr'><strong>ιο</strong></span> <span class='ocrx_word' id='word_1_391' title='bbox 583 4448 621 4510; x_wconf 88' lang='lat' dir='ltr'><strong>de</strong></span> <span class='ocrx_word' id='word_1_392' title='bbox 638 4446 817 4510; x_wconf 86' lang='lat' dir='ltr'><strong>necessitate</strong></span> <span class='ocrx_word' id='word_1_393' title='bbox 836 4445 1038 4525; x_wconf 62' lang='lat' dir='ltr'><strong>integritatum</strong></span> <span class='ocrx_word' id='word_1_394' title='bbox 1054 4450 1086 4508; x_wconf 70' lang='grc' dir='ltr'><strong>9ο</strong></span> <span class='ocrx_word' id='word_1_395' title='bbox 1102 4447 1139 4510; x_wconf 92' lang='lat' dir='ltr'><strong>de</strong></span> <span class='ocrx_word' id='word_1_396' title='bbox 1156 4446 1257 4510; x_wconf 80' lang='lat' dir='ltr'><strong>causis</strong></span> <span class='ocrx_word' id='word_1_397' title='bbox 1276 4447 1314 4508; x_wconf 88' lang='lat' dir='ltr'><strong>ah</strong></span> <span class='ocrx_word' id='word_1_398' title='bbox 1335 4463 1369 4508; x_wconf 87' lang='lat' dir='ltr'><strong>ea</strong></span> 
     </span>
     <span class='ocr_line' id='line_1_47' title="bbox 98 4539 328 4606; baseline -0.009 -2"><span class='ocrx_word' id='word_1_399' title='bbox 98 4539 328 4606; x_wconf 74' lang='lat' dir='ltr'><strong>excusantibus,</strong></span> 
     </span>
    </p>
   </div>
   <div class='ocr_carea' id='block_1_8' title="bbox 0 0 1614 5042">
    <p class='ocr_par' dir='ltr' id='par_1_14' title="bbox 0 0 1614 5042">
     <span class='ocr_line' id='line_1_48' title="bbox 0 0 1614 5042; baseline 0 3"><span class='ocrx_word' id='word_1_400' title='bbox 0 0 1614 5042; x_wconf 95' lang='lat' dir='ltr'><strong> </strong></span> 
     </span>
    </p>
   </div>
  </div>
 </body>
</html>
