3206 5042
601 187 645 231 nn
664 183 894 230 aereticorum
1319 184 1386 246 399

113 310 221 372 docem
234 322 298 367 esee
310 303 347 364 cle
360 317 445 362 mero
459 296 584 360 consilio
597 295 752 358 abstinere
766 297 901 375 acopula
913 296 962 359 die
976 299 1221 377 communionis,
1237 302 1382 372 sireente

114 396 177 460 sive
191 388 535 476 postcommunionem,
552 386 643 448 modo
655 403 718 448 non
730 384 908 446 immediate
922 392 989 465 post
1002 405 1071 450 eam
1085 397 1269 472 susceptam,
1289 413 1387 478 neque

113 503 151 547 ex
164 503 247 546 mera
259 477 426 560 voluptatis
437 494 530 539 causa
539 475 699 538 habeatur.
714 509 755 520 -
775 473 842 536 Vid.
858 473 1000 551 Sooetez,
1016 475 1036 537 l.
1053 479 1104 552 IX,
1119 479 1151 542 d.
1168 499 1239 558 mu,
1255 484 1310 568 qui
1325 503 1386 566 prae

113 571 314 637 ceterisbanc
324 566 526 651 quaestionem
536 569 675 628 accurate
690 568 814 626 tractat.

619 761 833 824 ARTIGULUS
851 759 879 822 ss

465 918 504 964 BE
524 915 722 963 cantatione
742 915 837 961 Actus
859 915 1037 961 collaetans

236 1037 460 1118 Princlpla.

152 1174 225 1234 915.
241 1205 281 1214 -
294 1171 318 1230 l.
334 1172 431 1230 batur
440 1165 572 1248 justitie
585 1163 729 1244 obligatio
745 1181 803 1244 per
819 1183 849 1225 ae
861 1163 963 1244 gravis
981 1164 1127 1230 reddendi
1144 1165 1284 1230 debitum
1303 1172 1389 1235 alteri

112 1258 237 1339 conjugi
251 1257 329 1320 serio
350 1260 380 1316 et
398 1253 619 1317 rationabiliter
634 1251 763 1333 petenti.
779 1253 868 1317 Ratio
886 1259 949 1326 est,
970 1253 1045 1334 quia
1060 1273 1098 1318 ex
1116 1253 1183 1336 ipsa
1196 1263 1308 1319 natura
1320 1277 1389 1322 con-

113 1353 232 1410 tractus
247 1343 485 1408 matrimonialis
498 1345 638 1425 conjuges
656 1341 716 1402 sibi
734 1341 869 1404 invicem
887 1342 1077 1406 transierunt
1090 1350 1274 1425 potestatem
1291 1366 1391 1430 corpo

112 1453 185 1497 rum
204 1435 238 1496 in
257 1435 363 1497 ordine
381 1434 420 1494 ad
439 1450 532 1495 usum
551 1431 750 1513 conjugalem.
768 1430 935 1493 Deducitur
953 1431 1047 1493 etiam
1067 1452 1105 1494 ex
1121 1433 1223 1498 verbis
1237 1437 1387 1516 Apostoli,

111 1525 329 1596 IGor.v11‚3:
350 1522 449 1584 Uxori
463 1523 511 1582 cir
530 1521 664 1582 debitum
678 1519 801 1593 reddat,
817 1519 959 1581 similiter
976 1531 1075 1582 nutem
1094 1532 1123 1582 et
1138 1543 1218 1584 oscor
1233 1526 1314 1602 or'ro,·
1325 1548 1390 1588 mu-

113 1611 168 1674 lier
182 1613 235 1672 sui
251 1612 388 1693 corporis
403 1619 582 1692 potestatem
602 1628 660 1670 noa
679 1609 786 1686 babet,
803 1609 854 1670 sed
872 1609 938 1680 tar,-
956 1609 1102 1672 similiter
1123 1621 1223 1676 eutem
1237 1623 1266 1675 et
1283 1617 1329 1676 oir
1344 1619 1394 1678 sui

111 1704 246 1784 corporea
257 1709 433 1782 potestatem
448 1719 509 1759 ooo
522 1698 627 1774 babet,
641 1697 693 1758 ced
703 1697 824 1758 mulier.

151 1791 189 1850 ll.
215 1789 305 1848 Nulla
322 1807 379 1868 per
402 1806 431 1847 se
449 1792 538 1864 urget
561 1785 707 1864 obligatio
723 1786 845 1865 petendi
865 1787 1005 1849 debitum
1027 1789 1193 1867 conjugale.
1220 1792 1309 1855 Ratio
1328 1801 1390 1868 est,

110 1876 186 1957 quia
201 1880 310 1937 neuter
325 1877 436 1954 conjux
447 1877 517 1954 jure
537 1892 592 1935 suo
612 1872 660 1934 uti
678 1878 809 1949 tenetur,
824 1880 854 1936 et
871 1881 1000 1955 uterque
1019 1875 1096 1937 illud
1113 1877 1268 1941 remittere
1281 1887 1389 1960 potest.

110 1965 175 2026 Per
189 1963 327 2024 accr'dens
340 1968 444 2024 tamen
458 1961 525 2023 dari
536 1965 636 2041 potest
648 1961 771 2041 petendi
784 1962 927 2042 obligatio
937 1982 974 2025 ex
986 1964 1120 2027 Caritate
1132 1967 1179 2028 vel
1189 1967 1249 2029 alia
1263 1969 1390 2044 virtute,

109 2051 285 2134 praesertim
318 2051 352 2113 in
386 2050 463 2124 viro,
489 2069 518 2112 v.
538 2069 609 2130 ·gr.‚
638 2049 665 2112 si
686 2051 805 2131 judicet
827 2057 1014 2132 comportem
1046 2054 1161 2114 versari
1194 2055 1229 2117 in
1260 2058 1392 2136 periculo

107 2139 346 2204 incontinentia
367 2139 405 2200 ob
424 2138 640 2201 verecundiam
668 2139 806 2219 petendi,
823 2146 879 2203 aut
900 2139 927 2202 si
955 2141 1062 2222 petitio
1091 2144 1258 2206 necessaria
1285 2146 1326 2207 sit
1353 2149 1392 2210 ad

106 2229 280 2293 fovendum
295 2235 351 2292 aut
366 2228 602 2290 restaurandum
617 2245 754 2290 amorem
768 2229 971 2310 conjugalem,
988 2235 1043 2290 etc.
1067 2265 1107 2276 -
1133 2231 1198 2294 Vid.
1217 2233 1253 2294 S.
1270 2235 1390 2316 Lipor,

109 2323 237 2392 11916,
253 2321 323 2380 919.

149 2409 202 2470 lll.
223 2409 327 2469 Cessat
341 2405 374 2468 in
386 2423 450 2470 uno
462 2408 591 2487 conjuge
607 2405 751 2486 obligatio
770 2407 915 2469 reddendi
930 2407 1087 2483 debitum,
1102 2413 1236 2474 cessante
1251 2411 1284 2474 in
1300 2413 1392 2475 altero

105 2500 177 2578 jure
190 2495 271 2559 illud
286 2495 446 2575 exigendi:
462 2498 515 2576 Jus
529 2502 636 2557 autem
651 2495 685 2556 in
700 2495 898 2575 sequentibus
916 2497 1067 2578 precipue
1079 2498 1200 2560 casibus
1214 2499 1390 2580 perimitur,

110 2585 247 2650 scilicet:
266 2591 296 2647 l⁰
314 2584 340 2646 si
353 2603 439 2647 unus
454 2588 620 2667 conjugum
641 2583 827 2646 adulterium
844 2585 1048 2660 commiserit;
1064 2590 1097 2648 2⁰
1109 2587 1135 2650 si
1148 2595 1254 2666 petens
1268 2609 1329 2653 usu
1348 2609 1394 2652 ra·

109 2675 207 2739 tionis
220 2681 335 2748 careat,
352 2675 426 2752 quia
438 2673 545 2752 petitio
565 2677 631 2754 ejus
648 2691 711 2734 non
729 2678 774 2734 est
787 2674 939 2748 humanm
957 2679 988 2736 3ο
1008 2673 1036 2735 si
1050 2675 1179 2736 reddens
1193 2677 1289 2754 possit
1303 2680 1393 2740 ratio-

109 2763 259 2826 nabiliter
269 2762 378 2821 timere
392 2763 543 2820 damnum
552 2760 601 2820 vel
613 2760 782 2836 periculum
798 2778 888 2836 gravo
903 2760 1055 2832 mititatis,
1070 2761 1216 2838 quianon
1231 2771 1394 2826 censentur

110 2851 258 2928 conjuges
275 2863 306 2905 se
323 2845 471 2922 obligasse
486 2847 524 2905 ad
539 2843 680 2903 debitum
700 2862 770 2905 cum
786 2851 872 2904 tanto
886 2845 1079 2907 incommodo
1095 2846 1301 2924 reddendum
1318 2855 1352 2911 l⁰
1367 2852 1393 2912 si

111 2941 231 3018 petens,
246 2933 284 2994 ob
296 2931 496 2992 commissum
510 2931 665 2992 incestum
680 2947 751 2991 cum
766 2931 1000 3010 consanguineis
1014 2932 1156 3010 alterius,
1172 2935 1207 2998 in
1221 2935 1320 3016 primo
1340 2945 1394 3000 aut

113 3023 248 3088 secundo
263 3021 374 3101 gradu,
391 3025 446 3082 aut
460 3018 552 3081 aliam
565 3017 603 3080 ob
615 3035 753 3094 causam,
765 3021 818 3100 jus
832 3019 955 3098 petendi
970 3022 1119 3085 amiserit.

238 3160 453 3226 Resolves.

154 3294 227 3353 916.
243 3324 285 3335 -
299 3294 331 3351 1ο
346 3291 503 3348 Tenentur
521 3287 664 3365 conjuges
685 3285 723 3346 ad
747 3283 1019 3360 cohabitationem,
1036 3305 1092 3349 nec
1109 3295 1209 3368 potest
1228 3308 1311 3352 unus
1323 3292 1393 3354 diu-

112 3381 181 3444 tius
203 3379 306 3442 abesse
327 3377 394 3439 sinc
409 3374 534 3436 alterius
555 3391 722 3448 consensu,
741 3379 796 3435 aut
814 3373 879 3436 sine
898 3374 1090 3452 necessilate;
1108 3377 1172 3440 baec
1191 3379 1304 3460 quippe
1320 3380 1394 3442 obli-

112 3468 197 3550 gatio
220 3467 359 3549 sequitur
378 3483 415 3526 ex
439 3462 505 3543 ipsa
526 3462 707 3542 obligatione
728 3461 868 3524 debitum
887 3463 1043 3526 reddendi.
1063 3469 1168 3529 Causae
1186 3472 1290 3529 autem
1302 3470 1394 3548 justae

111 3557 251 3620 abeundi
276 3556 315 3616 ad
338 3555 465 3634 longum
490 3559 611 3634 tempus
639 3556 712 3614 sunl
735 3552 851 3614 bonum
876 3551 1051 3632 publicum,
1075 3553 1192 3616 familia
1216 3555 1323 3618 alenda
1347 3557 1394 3619 vel

114 3643 244 3717 tuenda,
259 3645 409 3706 damnum
421 3642 459 3704 ab
473 3639 610 3704 inimicis
625 3641 799 3716 vitandum,
816 3646 873 3704 etc.
888 3641 982 3704 Debet
996 3647 1100 3706 autem
1114 3642 1173 3718 vir,
1187 3645 1241 3725 qui
1252 3644 1326 3708 alibi
1340 3645 1395 3710 diu

112 3749 244 3797 manere
257 3733 355 3808 debet,
368 3748 499 3795 uxorem
509 3749 544 3795 eo
558 3731 677 3806 ducere,
688 3729 715 3793 si
729 3731 887 3794 commode
900 3730 1004 3812 possit,
1015 3738 1052 3796 ut
1066 3751 1170 3796 secum
1183 3733 1347 3796 cohabitet.
1355 3769 1395 3779 -

112 3821 151 3884 S.
168 3819 239 3900 Lip.
255 3839 286 3882 a.
302 3825 372 3886 938.

156 3912 192 3971 2⁰
204 3910 341 3973 Graviter
355 3915 454 3991 peccat
468 3911 580 3992 coniux
593 3927 708 3990 negans
720 3908 870 3984 debitum,
888 3909 1007 3991 quoties
1018 3917 1065 3974 est
1076 3911 1247 3993 periculum
1264 3912 1396 3976 inconti-

113 3997 247 4072 nentiae,
278 3999 326 4060 vel
351 4000 453 4078 gravis
481 3998 625 4062 molestiae
653 3996 687 4060 in
708 3999 801 4060 altera
821 4004 918 4079 parte.
943 4002 1020 4061 Item
1049 3999 1075 4062 si
1097 4005 1185 4080 neget
1207 4002 1293 4064 alteri
1317 4003 1395 4066 serio

113 4086 243 4171 petenti.
261 4089 352 4149 Secus
361 4093 476 4162 autem,
492 4086 518 4148 si
529 4105 666 4168 compare
679 4087 824 4149 benevole
838 4087 994 4163 remittat,
1009 4094 1065 4151 aut
1079 4089 1205 4154 remisse
1216 4097 1309 4172 petat.

160 4180 193 4239 3⁰
208 4177 275 4238 Non
288 4182 390 4257 peccat
407 4194 537 4256 negans,
556 4177 679 4256 quando
698 4175 773 4238 alter
793 4173 994 4238 immoderate
1011 4177 1102 4256 petit,
1122 4198 1151 4240 v.
1173 4197 1231 4260 gn,
1249 4187 1317 4262 post
1335 4187 1395 4244 ter-

113 4265 196 4330 tiam
219 4265 267 4328 vel
289 4268 433 4346 quartam
453 4263 552 4328 ricem
570 4265 675 4326 eadem
694 4267 796 4352 nocte3
816 4283 871 4328 nec
892 4265 919 4327 si
939 4263 1060 4328 differat
1079 4268 1118 4329 ad
1139 4267 1230 4331 breve
1255 4276 1393 4348 tempus,

113 4371 230 4434 nempe
251 4355 291 4417 eal
310 4358 445 4430 nocem,
468 4353 515 4416 vel
533 4352 559 4414 si
583 4371 602 4414 a
619 4359 707 4415 nocte
726 4351 848 4415 differat
864 4353 902 4416 ad
917 4357 1040 4434 tempus
1058 4356 1264 4433 matutinum,
1281 4357 1396 4422 secluso

116 4451 225 4508 tamen
239 4461 357 4526 semper
368 4442 600 4508 incontinentia
611 4441 754 4524 periculo.
770 4478 809 4487 —
826 4441 861 4504 S.
877 4441 948 4524 tq.
968 4463 999 4504 o.
1013 4445 1084 4508 ato.
