<?xml version="1.0" encoding="UTF-8"?>
<!DOCTYPE html PUBLIC "-//W3C//DTD XHTML 1.0 Transitional//EN"
    "http://www.w3.org/TR/xhtml1/DTD/xhtml1-transitional.dtd">
<html xmlns="http://www.w3.org/1999/xhtml" xml:lang="en" lang="en">
 <head>
  <title>
</title>
<meta http-equiv="Content-Type" content="text/html;charset=utf-8" />
  <meta name='ocr-system' content='tesseract 3.04.00' />
  <meta name='ocr-capabilities' content='ocr_page ocr_carea ocr_par ocr_line ocrx_word'/>
</head>
<body>
  <div class='ocr_page' id='page_1' title='image "./compendiumtheol03gurygoog_0136.png"; bbox 0 0 3198 5036; ppageno 0'>
   <div class='ocr_carea' id='block_1_1' title="bbox 639 205 1429 266">
    <p class='ocr_par' dir='ltr' id='par_1_1' title="bbox 639 205 1429 266">
     <span class='ocr_line' id='line_1_1' title="bbox 639 205 1429 266; baseline 0.006 -5"><span class='ocrx_word' id='word_1_1' title='bbox 639 217 683 262; x_wconf 84' lang='lat' dir='ltr'><strong>ue</strong></span> <span class='ocrx_word' id='word_1_2' title='bbox 703 215 947 262; x_wconf 80' lang='lat' dir='ltr'><strong>eucrrnarsrrn</strong></span> <span class='ocrx_word' id='word_1_3' title='bbox 1364 205 1429 266; x_wconf 69' lang='lat'><strong>428</strong></span> 
     </span>
    </p>
   </div>
   <div class='ocr_carea' id='block_1_2' title="bbox 157 326 1431 746">
    <p class='ocr_par' dir='ltr' id='par_1_2' title="bbox 157 326 1431 746">
     <span class='ocr_line' id='line_1_2' title="bbox 201 326 1431 412; baseline 0.001 -20"><span class='ocrx_word' id='word_1_4' title='bbox 201 331 293 412; x_wconf 84' lang='lat' dir='ltr'><strong>Resp.</strong></span> <span class='ocrx_word' id='word_1_5' title='bbox 307 350 317 388; x_wconf 94' lang='grc'><strong>.·</strong></span> <span class='ocrx_word' id='word_1_6' title='bbox 332 327 452 392; x_wconf 78' lang='lat' dir='ltr'><strong>secluso</strong></span> <span class='ocrx_word' id='word_1_7' title='bbox 473 326 628 402; x_wconf 87' lang='lat' dir='ltr'><strong>scandalo,</strong></span> <span class='ocrx_word' id='word_1_8' title='bbox 649 333 699 389; x_wconf 90' lang='lat' dir='ltr'><strong>est</strong></span> <span class='ocrx_word' id='word_1_9' title='bbox 718 330 841 389; x_wconf 89' lang='lat' dir='ltr'><strong>tantum</strong></span> <span class='ocrx_word' id='word_1_10' title='bbox 864 326 997 400; x_wconf 88' lang='lat' dir='ltr'><strong>veniale,</strong></span> <span class='ocrx_word' id='word_1_11' title='bbox 1013 326 1074 389; x_wconf 91' lang='lat' dir='ltr'><strong>nisi</strong></span> <span class='ocrx_word' id='word_1_12' title='bbox 1093 328 1213 390; x_wconf 88' lang='lat' dir='ltr'><strong>macula</strong></span> <span class='ocrx_word' id='word_1_13' title='bbox 1231 329 1278 389; x_wconf 85' lang='lat' dir='ltr'><strong>rel</strong></span> <span class='ocrx_word' id='word_1_14' title='bbox 1296 327 1431 392; x_wconf 73' lang='lat' dir='ltr'><strong>fractum</strong></span> 
     </span>
     <span class='ocr_line' id='line_1_3' title="bbox 161 414 1430 496; baseline -0.001 -14"><span class='ocrx_word' id='word_1_15' title='bbox 161 419 202 482; x_wconf 90' lang='lat' dir='ltr'><strong>sit</strong></span> <span class='ocrx_word' id='word_1_16' title='bbox 213 416 359 482; x_wconf 88' lang='lat' dir='ltr'><strong>enormis.</strong></span> <span class='ocrx_word' id='word_1_17' title='bbox 373 415 405 478; x_wconf 88' lang='lat' dir='ltr'><strong>Si</strong></span> <span class='ocrx_word' id='word_1_18' title='bbox 416 419 519 481; x_wconf 88' lang='lat' dir='ltr'><strong>tamen</strong></span> <span class='ocrx_word' id='word_1_19' title='bbox 535 415 778 496; x_wconf 79' lang='lat' dir='ltr'><strong>deprehendatur</strong></span> <span class='ocrx_word' id='word_1_20' title='bbox 797 415 898 495; x_wconf 87' lang='lat' dir='ltr'><strong>aliqua</strong></span> <span class='ocrx_word' id='word_1_21' title='bbox 912 414 1044 477; x_wconf 87' lang='lat' dir='ltr'><strong>fractura</strong></span> <span class='ocrx_word' id='word_1_22' title='bbox 1064 415 1110 477; x_wconf 86' lang='lat' dir='ltr'><strong>vel</strong></span> <span class='ocrx_word' id='word_1_23' title='bbox 1129 416 1248 478; x_wconf 88' lang='lat' dir='ltr'><strong>macula</strong></span> <span class='ocrx_word' id='word_1_24' title='bbox 1267 417 1361 480; x_wconf 84' lang='lat' dir='ltr'><strong>etiam</strong></span> <span class='ocrx_word' id='word_1_25' title='bbox 1375 437 1430 481; x_wconf 81' lang='lat' dir='ltr'><strong>no-</strong></span> 
     </span>
     <span class='ocr_line' id='line_1_4' title="bbox 160 502 1430 586; baseline -0.002 -16"><span class='ocrx_word' id='word_1_26' title='bbox 160 507 264 570; x_wconf 82' lang='lat' dir='ltr'><strong>tabilis</strong></span> <span class='ocrx_word' id='word_1_27' title='bbox 278 506 313 568; x_wconf 92' lang='lat' dir='ltr'><strong>in</strong></span> <span class='ocrx_word' id='word_1_28' title='bbox 326 505 424 567; x_wconf 88' lang='lat' dir='ltr'><strong>hostia</strong></span> <span class='ocrx_word' id='word_1_29' title='bbox 439 511 506 584; x_wconf 90' lang='lat' dir='ltr'><strong>post</strong></span> <span class='ocrx_word' id='word_1_30' title='bbox 520 503 719 578; x_wconf 89' lang='lat' dir='ltr'><strong>oblationem,</strong></span> <span class='ocrx_word' id='word_1_31' title='bbox 733 502 816 565; x_wconf 88' lang='lat' dir='ltr'><strong>licite</strong></span> <span class='ocrx_word' id='word_1_32' title='bbox 830 503 899 564; x_wconf 89' lang='lat' dir='ltr'><strong>talis</strong></span> <span class='ocrx_word' id='word_1_33' title='bbox 911 503 1011 566; x_wconf 91' lang='lat' dir='ltr'><strong>hostia</strong></span> <span class='ocrx_word' id='word_1_34' title='bbox 1026 503 1262 578; x_wconf 88' lang='lat' dir='ltr'><strong>consecrabitur,</strong></span> <span class='ocrx_word' id='word_1_35' title='bbox 1276 505 1351 585; x_wconf 88' lang='lat' dir='ltr'><strong>quia</strong></span> <span class='ocrx_word' id='word_1_36' title='bbox 1362 510 1430 586; x_wconf 89' lang='lat' dir='ltr'><strong>jam</strong></span> 
     </span>
     <span class='ocr_line' id='line_1_5' title="bbox 157 591 1427 678; baseline -0.001 -21"><span class='ocrx_word' id='word_1_37' title='bbox 157 613 212 678; x_wconf 89' lang='lat' dir='ltr'><strong>per</strong></span> <span class='ocrx_word' id='word_1_38' title='bbox 223 594 406 658; x_wconf 89' lang='lat' dir='ltr'><strong>oblationem</strong></span> <span class='ocrx_word' id='word_1_39' title='bbox 420 593 480 655; x_wconf 88' lang='lat' dir='ltr'><strong>fuit</strong></span> <span class='ocrx_word' id='word_1_40' title='bbox 491 592 684 674; x_wconf 88' lang='lat' dir='ltr'><strong>aliquatenus</strong></span> <span class='ocrx_word' id='word_1_41' title='bbox 694 595 752 654; x_wconf 85' lang='lat' dir='ltr'><strong>beo</strong></span> <span class='ocrx_word' id='word_1_42' title='bbox 766 591 865 654; x_wconf 88' lang='lat' dir='ltr'><strong>dicata</strong></span> <span class='ocrx_word' id='word_1_43' title='bbox 877 598 908 654; x_wconf 90' lang='lat' dir='ltr'><strong>et</strong></span> <span class='ocrx_word' id='word_1_44' title='bbox 918 591 1157 655; x_wconf 80' lang='lat' dir='ltr'><strong>sanctificata—</strong></span> <span class='ocrx_word' id='word_1_45' title='bbox 1167 592 1203 655; x_wconf 90' lang='lat' dir='ltr'><strong>S.</strong></span> <span class='ocrx_word' id='word_1_46' title='bbox 1220 593 1303 674; x_wconf 66' lang='lat' dir='ltr'><strong>Liq„</strong></span> <span class='ocrx_word' id='word_1_47' title='bbox 1314 614 1344 654; x_wconf 88' lang='lat' dir='ltr'><strong>n.</strong></span> <span class='ocrx_word' id='word_1_48' title='bbox 1358 599 1427 668; x_wconf 68' lang='lat' dir='ltr'><strong>not,</strong></span> 
     </span>
     <span class='ocr_line' id='line_1_6' title="bbox 160 683 475 746; baseline -0.016 0"><span class='ocrx_word' id='word_1_49' title='bbox 160 693 187 746; x_wconf 77' lang='lat' dir='ltr'><strong>et</strong></span> <span class='ocrx_word' id='word_1_50' title='bbox 200 683 260 745; x_wconf 81' lang='lat' dir='ltr'><strong>clii</strong></span> <span class='ocrx_word' id='word_1_51' title='bbox 271 685 475 746; x_wconf 79' lang='lat' dir='ltr'><strong>communiter.</strong></span> 
     </span>
    </p>
   </div>
   <div class='ocr_carea' id='block_1_3' title="bbox 665 851 922 914">
    <p class='ocr_par' dir='ltr' id='par_1_3' title="bbox 665 851 922 914">
     <span class='ocr_line' id='line_1_7' title="bbox 665 851 922 914; baseline -0.004 -2"><span class='ocrx_word' id='word_1_52' title='bbox 665 853 877 914; x_wconf 82' lang='lat' dir='ltr'>ARTIGULUS</span> <span class='ocrx_word' id='word_1_53' title='bbox 896 851 922 912; x_wconf 91' lang='lat' dir='ltr'><strong>Il</strong></span> 
     </span>
    </p>
   </div>
   <div class='ocr_carea' id='block_1_4' title="bbox 497 1001 1170 1068">
    <p class='ocr_par' dir='ltr' id='par_1_4' title="bbox 497 1001 1170 1068">
     <span class='ocr_line' id='line_1_8' title="bbox 497 1001 1170 1068; baseline 0 0"><span class='ocrx_word' id='word_1_54' title='bbox 497 1025 534 1068; x_wconf 85' lang='lat' dir='ltr'><strong>nn</strong></span> <span class='ocrx_word' id='word_1_55' title='bbox 556 1023 655 1068; x_wconf 75' lang='lat' dir='ltr'><strong>rocus</strong></span> <span class='ocrx_word' id='word_1_56' title='bbox 676 1023 867 1068; x_wconf 79' lang='lat' dir='ltr'><strong>sncanuuurr</strong></span> <span class='ocrx_word' id='word_1_57' title='bbox 888 1021 1094 1068; x_wconf 70' lang='lat' dir='ltr'><strong>submisere</strong></span> <span class='ocrx_word' id='word_1_58' title='bbox 1168 1001 1170 1004; x_wconf 72' lang='grc'><strong>’</strong></span> 
     </span>
    </p>
   </div>
   <div class='ocr_carea' id='block_1_5' title="bbox 160 1182 1430 1354">
    <p class='ocr_par' dir='ltr' id='par_1_5' title="bbox 160 1182 1430 1354">
     <span class='ocr_line' id='line_1_9' title="bbox 200 1182 1430 1264; baseline 0 -16"><span class='ocrx_word' id='word_1_59' title='bbox 200 1183 284 1248; x_wconf 79' lang='lat' dir='ltr'><strong>Sicut</strong></span> <span class='ocrx_word' id='word_1_60' title='bbox 298 1183 331 1246; x_wconf 90' lang='lat' dir='ltr'><strong>in</strong></span> <span class='ocrx_word' id='word_1_61' title='bbox 346 1187 541 1247; x_wconf 80' lang='lat' dir='ltr'><strong>sacramento</strong></span> <span class='ocrx_word' id='word_1_62' title='bbox 556 1183 755 1246; x_wconf 83' lang='lat' dir='ltr'><strong>Eucharistiae</strong></span> <span class='ocrx_word' id='word_1_63' title='bbox 766 1184 878 1264; x_wconf 81' lang='lat' dir='ltr'>duplex</span> <span class='ocrx_word' id='word_1_64' title='bbox 890 1189 936 1245; x_wconf 90' lang='lat' dir='ltr'><strong>est</strong></span> <span class='ocrx_word' id='word_1_65' title='bbox 945 1182 1090 1246; x_wconf 84' lang='lat' dir='ltr'><strong>distincta</strong></span> <span class='ocrx_word' id='word_1_66' title='bbox 1105 1183 1244 1257; x_wconf 86' lang='lat' dir='ltr'><strong>materia,</strong></span> <span class='ocrx_word' id='word_1_67' title='bbox 1259 1183 1303 1246; x_wconf 91' lang='lat' dir='ltr'><strong>ita</strong></span> <span class='ocrx_word' id='word_1_68' title='bbox 1317 1184 1430 1264; x_wconf 80' lang='lat' dir='ltr'>duplex</span> 
     </span>
     <span class='ocr_line' id='line_1_10' title="bbox 160 1270 1134 1354; baseline -0.003 -19"><span class='ocrx_word' id='word_1_69' title='bbox 160 1291 279 1354; x_wconf 87' lang='lat' dir='ltr'><strong>quoque</strong></span> <span class='ocrx_word' id='word_1_70' title='bbox 294 1280 340 1334; x_wconf 89' lang='lat' dir='ltr'><strong>est</strong></span> <span class='ocrx_word' id='word_1_71' title='bbox 354 1270 450 1335; x_wconf 86' lang='lat' dir='ltr'><strong>forma</strong></span> <span class='ocrx_word' id='word_1_72' title='bbox 463 1272 710 1346; x_wconf 86' lang='lat' dir='ltr'><strong>consecrationis,</strong></span> <span class='ocrx_word' id='word_1_73' title='bbox 726 1290 789 1334; x_wconf 90' lang='lat' dir='ltr'><strong>una</strong></span> <span class='ocrx_word' id='word_1_74' title='bbox 801 1271 889 1352; x_wconf 87' lang='lat' dir='ltr'><strong>panis</strong></span> <span class='ocrx_word' id='word_1_75' title='bbox 903 1272 1043 1334; x_wconf 88' lang='lat' dir='ltr'><strong>etaltera</strong></span> <span class='ocrx_word' id='word_1_76' title='bbox 1057 1270 1134 1334; x_wconf 89' lang='lat' dir='ltr'><strong>vini.</strong></span> 
     </span>
    </p>
   </div>
   <div class='ocr_carea' id='block_1_6' title="bbox 281 1450 506 1530">
    <p class='ocr_par' dir='ltr' id='par_1_6' title="bbox 281 1450 506 1530">
     <span class='ocr_line' id='line_1_11' title="bbox 281 1450 506 1530; baseline 0 -16"><span class='ocrx_word' id='word_1_77' title='bbox 281 1450 506 1530; x_wconf 87' lang='lat' dir='ltr'><strong>Prlnclpla.</strong></span> 
     </span>
    </p>
   </div>
   <div class='ocr_carea' id='block_1_7' title="bbox 154 1593 1429 2718">
    <p class='ocr_par' dir='ltr' id='par_1_7' title="bbox 156 1593 1429 1848">
     <span class='ocr_line' id='line_1_12' title="bbox 197 1593 1429 1676; baseline 0 -18"><span class='ocrx_word' id='word_1_78' title='bbox 197 1599 267 1658; x_wconf 69' lang='lat'>285.</span> <span class='ocrx_word' id='word_1_79' title='bbox 286 1630 324 1638; x_wconf 84' lang='lat'><em>-</em></span> <span class='ocrx_word' id='word_1_80' title='bbox 344 1597 367 1656; x_wconf 93' lang='lat'><strong>1.</strong></span> <span class='ocrx_word' id='word_1_81' title='bbox 392 1599 501 1658; x_wconf 86' lang='lat' dir='ltr'><strong>Forma</strong></span> <span class='ocrx_word' id='word_1_82' title='bbox 522 1615 576 1676; x_wconf 92' lang='lat' dir='ltr'><strong>pro</strong></span> <span class='ocrx_word' id='word_1_83' title='bbox 599 1595 822 1658; x_wconf 90' lang='lat' dir='ltr'><strong>consecratione</strong></span> <span class='ocrx_word' id='word_1_84' title='bbox 840 1593 928 1674; x_wconf 91' lang='lat' dir='ltr'><strong>panis</strong></span> <span class='ocrx_word' id='word_1_85' title='bbox 947 1593 1086 1656; x_wconf 77' lang='lat' dir='ltr'><strong>consistit</strong></span> <span class='ocrx_word' id='word_1_86' title='bbox 1107 1594 1140 1654; x_wconf 92' lang='lat' dir='ltr'><strong>in</strong></span> <span class='ocrx_word' id='word_1_87' title='bbox 1157 1594 1208 1658; x_wconf 89' lang='lat' dir='ltr'><strong>bis</strong></span> <span class='ocrx_word' id='word_1_88' title='bbox 1226 1595 1345 1658; x_wconf 89' lang='lat' dir='ltr'><strong>verbis:</strong></span> <span class='ocrx_word' id='word_1_89' title='bbox 1362 1595 1429 1658; x_wconf 86' lang='lat' dir='ltr'><strong>Hoc</strong></span> 
     </span>
     <span class='ocr_line' id='line_1_13' title="bbox 157 1681 1428 1764; baseline 0.001 -18"><span class='ocrx_word' id='word_1_90' title='bbox 157 1691 200 1746; x_wconf 84' lang='lat' dir='ltr'><strong>est</strong></span> <span class='ocrx_word' id='word_1_91' title='bbox 211 1683 289 1745; x_wconf 72' lang='lat' dir='ltr'><strong>enchi</strong></span> <span class='ocrx_word' id='word_1_92' title='bbox 303 1683 424 1764; x_wconf 79' lang='lat' dir='ltr'><strong>Corpus</strong></span> <span class='ocrx_word' id='word_1_93' title='bbox 434 1703 540 1744; x_wconf 82' lang='lat' dir='ltr'><strong>meum.</strong></span> <span class='ocrx_word' id='word_1_94' title='bbox 560 1688 628 1746; x_wconf 81' lang='lat' dir='ltr'><strong>llaec</strong></span> <span class='ocrx_word' id='word_1_95' title='bbox 642 1689 747 1744; x_wconf 88' lang='lat' dir='ltr'><strong>autern</strong></span> <span class='ocrx_word' id='word_1_96' title='bbox 762 1683 869 1755; x_wconf 87' lang='lat' dir='ltr'><strong>verba,</strong></span> <span class='ocrx_word' id='word_1_97' title='bbox 883 1685 936 1742; x_wconf 90' lang='lat' dir='ltr'><strong>aut</strong></span> <span class='ocrx_word' id='word_1_98' title='bbox 956 1681 1188 1761; x_wconf 83' lang='lat' dir='ltr'><strong>aequiualentia,</strong></span> <span class='ocrx_word' id='word_1_99' title='bbox 1205 1689 1280 1744; x_wconf 89' lang='lat' dir='ltr'><strong>sunt</strong></span> <span class='ocrx_word' id='word_1_100' title='bbox 1302 1683 1428 1748; x_wconf 89' lang='lat' dir='ltr'><strong>omnino</strong></span> 
     </span>
     <span class='ocr_line' id='line_1_14' title="bbox 156 1769 899 1848; baseline -0.009 -12"><span class='ocrx_word' id='word_1_101' title='bbox 156 1770 264 1836; x_wconf 81' lang='lat' dir='ltr'><strong>torma</strong></span> <span class='ocrx_word' id='word_1_102' title='bbox 278 1771 464 1846; x_wconf 76' lang='lat' dir='ltr'><strong>essentialia,</strong></span> <span class='ocrx_word' id='word_1_103' title='bbox 482 1771 508 1832; x_wconf 89' lang='lat' dir='ltr'><strong>si</strong></span> <span class='ocrx_word' id='word_1_104' title='bbox 522 1771 651 1834; x_wconf 78' lang='lat' dir='ltr'><strong>uerbum</strong></span> <span class='ocrx_word' id='word_1_105' title='bbox 665 1775 745 1833; x_wconf 84' lang='lat' dir='ltr'><strong>enim</strong></span> <span class='ocrx_word' id='word_1_106' title='bbox 757 1769 899 1848; x_wconf 79' lang='lat' dir='ltr'><strong>excipias,</strong></span> 
     </span>
    </p>

    <p class='ocr_par' dir='ltr' id='par_1_8' title="bbox 154 1856 1429 2204">
     <span class='ocr_line' id='line_1_15' title="bbox 198 1856 1427 1938; baseline 0.002 -19"><span class='ocrx_word' id='word_1_107' title='bbox 198 1861 323 1920; x_wconf 86' lang='lat' dir='ltr'><strong>Constat</strong></span> <span class='ocrx_word' id='word_1_108' title='bbox 343 1862 376 1919; x_wconf 88' lang='lat' dir='ltr'><strong>l⁰</strong></span> <span class='ocrx_word' id='word_1_109' title='bbox 399 1876 437 1920; x_wconf 82' lang='lat' dir='ltr'><strong>ex</strong></span> <span class='ocrx_word' id='word_1_110' title='bbox 455 1858 620 1922; x_wconf 86' lang='lat' dir='ltr'><strong>universali</strong></span> <span class='ocrx_word' id='word_1_111' title='bbox 639 1859 727 1938; x_wconf 83' lang='lat' dir='ltr'><strong>praxi</strong></span> <span class='ocrx_word' id='word_1_112' title='bbox 745 1856 898 1931; x_wconf 76' lang='lat' dir='ltr'><strong>Ecclesiae,</strong></span> <span class='ocrx_word' id='word_1_113' title='bbox 913 1863 944 1918; x_wconf 92' lang='lat' dir='ltr'><strong>ct</strong></span> <span class='ocrx_word' id='word_1_114' title='bbox 959 1861 1076 1938; x_wconf 83' lang='lat' dir='ltr'><strong>exejus</strong></span> <span class='ocrx_word' id='word_1_115' title='bbox 1092 1864 1240 1938; x_wconf 75' lang='lat' dir='ltr'><strong>praecepio</strong></span> <span class='ocrx_word' id='word_1_116' title='bbox 1257 1857 1291 1919; x_wconf 92' lang='lat' dir='ltr'><strong>in</strong></span> <span class='ocrx_word' id='word_1_117' title='bbox 1311 1859 1427 1922; x_wconf 87' lang='lat' dir='ltr'><strong>Missali</strong></span> 
     </span>
     <span class='ocr_line' id='line_1_16' title="bbox 154 1944 1426 2022; baseline 0.001 -11"><span class='ocrx_word' id='word_1_118' title='bbox 154 1950 310 2022; x_wconf 64' lang='lat' dir='ltr'><strong>Romnum</strong></span> <span class='ocrx_word' id='word_1_119' title='bbox 326 1950 360 2007; x_wconf 67' lang='lat'><strong>2⁰</strong></span> <span class='ocrx_word' id='word_1_120' title='bbox 381 1965 419 2008; x_wconf 87' lang='lat' dir='ltr'><strong>ex</strong></span> <span class='ocrx_word' id='word_1_121' title='bbox 443 1945 578 2008; x_wconf 73' lang='lat' dir='ltr'><strong>Concilio</strong></span> <span class='ocrx_word' id='word_1_122' title='bbox 592 1945 731 2008; x_wconf 86' lang='lat' dir='ltr'><strong>Florent.</strong></span> <span class='ocrx_word' id='word_1_123' title='bbox 751 1946 786 2010; x_wconf 92' lang='lat' dir='ltr'><strong>in</strong></span> <span class='ocrx_word' id='word_1_124' title='bbox 807 1946 924 2008; x_wconf 86' lang='lat' dir='ltr'><strong>decreto</strong></span> <span class='ocrx_word' id='word_1_125' title='bbox 943 1944 1082 2020; x_wconf 89' lang='lat' dir='ltr'><strong>unionis,</strong></span> <span class='ocrx_word' id='word_1_126' title='bbox 1099 1952 1130 2008; x_wconf 90' lang='lat' dir='ltr'><strong>et</strong></span> <span class='ocrx_word' id='word_1_127' title='bbox 1146 1945 1247 2021; x_wconf 62' lang='lat' dir='ltr'><strong>Trici„</strong></span> <span class='ocrx_word' id='word_1_128' title='bbox 1262 1965 1329 2008; x_wconf 83' lang='lat' dir='ltr'><strong>sess.</strong></span> <span class='ocrx_word' id='word_1_129' title='bbox 1345 1949 1426 2021; x_wconf 80' lang='lat' dir='ltr'><strong>rou,</strong></span> 
     </span>
     <span class='ocr_line' id='line_1_17' title="bbox 157 2033 1429 2118; baseline 0.003 -23"><span class='ocrx_word' id='word_1_130' title='bbox 157 2052 228 2109; x_wconf 88' lang='lat' dir='ltr'><strong>c.1;</strong></span> <span class='ocrx_word' id='word_1_131' title='bbox 246 2039 279 2097; x_wconf 85' lang='lat'><strong>3⁰</strong></span> <span class='ocrx_word' id='word_1_132' title='bbox 301 2053 338 2096; x_wconf 83' lang='lat' dir='ltr'><strong>ex</strong></span> <span class='ocrx_word' id='word_1_133' title='bbox 356 2034 423 2116; x_wconf 90' lang='lat' dir='ltr'><strong>ipsa</strong></span> <span class='ocrx_word' id='word_1_134' title='bbox 441 2035 638 2098; x_wconf 89' lang='lat' dir='ltr'><strong>institutione</strong></span> <span class='ocrx_word' id='word_1_135' title='bbox 656 2035 776 2109; x_wconf 87' lang='lat' dir='ltr'><strong>divina;</strong></span> <span class='ocrx_word' id='word_1_136' title='bbox 792 2051 866 2096; x_wconf 89' lang='lat' dir='ltr'><strong>nam</strong></span> <span class='ocrx_word' id='word_1_137' title='bbox 885 2033 1025 2096; x_wconf 90' lang='lat' dir='ltr'><strong>Christus</strong></span> <span class='ocrx_word' id='word_1_138' title='bbox 1044 2035 1354 2097; x_wconf 83' lang='lat' dir='ltr'><strong>transsubstantiavit</strong></span> <span class='ocrx_word' id='word_1_139' title='bbox 1373 2054 1429 2118; x_wconf 89' lang='lat' dir='ltr'><strong>pa·</strong></span> 
     </span>
     <span class='ocr_line' id='line_1_18' title="bbox 156 2121 965 2204; baseline -0.002 -18"><span class='ocrx_word' id='word_1_140' title='bbox 156 2139 230 2186; x_wconf 86' lang='lat' dir='ltr'><strong>nem</strong></span> <span class='ocrx_word' id='word_1_141' title='bbox 242 2121 276 2185; x_wconf 91' lang='lat' dir='ltr'><strong>in</strong></span> <span class='ocrx_word' id='word_1_142' title='bbox 290 2125 405 2204; x_wconf 83' lang='lat' dir='ltr'><strong>Corpus</strong></span> <span class='ocrx_word' id='word_1_143' title='bbox 416 2142 509 2186; x_wconf 90' lang='lat' dir='ltr'><strong>suum</strong></span> <span class='ocrx_word' id='word_1_144' title='bbox 522 2123 664 2204; x_wconf 79' lang='lat' dir='ltr'><strong>predicta</strong></span> <span class='ocrx_word' id='word_1_145' title='bbox 676 2123 766 2185; x_wconf 87' lang='lat' dir='ltr'><strong>verba</strong></span> <span class='ocrx_word' id='word_1_146' title='bbox 778 2121 965 2204; x_wconf 86' lang='lat' dir='ltr'><strong>proferendo.</strong></span> 
     </span>
    </p>

    <p class='ocr_par' dir='ltr' id='par_1_9' title="bbox 156 2210 1429 2472">
     <span class='ocr_line' id='line_1_19' title="bbox 195 2210 1429 2294; baseline 0.002 -22"><span class='ocrx_word' id='word_1_147' title='bbox 195 2211 233 2272; x_wconf 92' lang='lat' dir='ltr'><strong>Il.</strong></span> <span class='ocrx_word' id='word_1_148' title='bbox 254 2213 365 2274; x_wconf 85' lang='lat' dir='ltr'><strong>Forma</strong></span> <span class='ocrx_word' id='word_1_149' title='bbox 379 2229 434 2292; x_wconf 95' lang='lat' dir='ltr'><strong>pro</strong></span> <span class='ocrx_word' id='word_1_150' title='bbox 453 2211 675 2274; x_wconf 91' lang='lat' dir='ltr'><strong>consecratione</strong></span> <span class='ocrx_word' id='word_1_151' title='bbox 696 2210 761 2273; x_wconf 86' lang='lat' dir='ltr'><strong>vini</strong></span> <span class='ocrx_word' id='word_1_152' title='bbox 778 2212 838 2273; x_wconf 88' lang='lat' dir='ltr'><strong>ista</strong></span> <span class='ocrx_word' id='word_1_153' title='bbox 851 2219 914 2273; x_wconf 90' lang='lat' dir='ltr'><strong>cst:</strong></span> <span class='ocrx_word' id='word_1_154' title='bbox 933 2211 993 2272; x_wconf 84' lang='lat' dir='ltr'><strong>Hic</strong></span> <span class='ocrx_word' id='word_1_155' title='bbox 1007 2221 1050 2273; x_wconf 82' lang='lat' dir='ltr'><strong>est</strong></span> <span class='ocrx_word' id='word_1_156' title='bbox 1068 2215 1148 2274; x_wconf 83' lang='lat' dir='ltr'><strong>enim</strong></span> <span class='ocrx_word' id='word_1_157' title='bbox 1165 2211 1258 2274; x_wconf 76' lang='lat' dir='ltr'><strong>Calin</strong></span> <span class='ocrx_word' id='word_1_158' title='bbox 1273 2214 1429 2294; x_wconf 67' lang='lat' dir='ltr'><strong>pauperinis</strong></span> 
     </span>
     <span class='ocr_line' id='line_1_20' title="bbox 156 2300 1429 2384; baseline 0 -22"><span class='ocrx_word' id='word_1_159' title='bbox 156 2303 229 2376; x_wconf 65' lang='lat' dir='ltr'><strong>mn,</strong></span> <span class='ocrx_word' id='word_1_160' title='bbox 244 2302 317 2362; x_wconf 86' lang='lat' dir='ltr'><strong>novi</strong></span> <span class='ocrx_word' id='word_1_161' title='bbox 330 2309 360 2361; x_wconf 87' lang='lat' dir='ltr'><strong>et</strong></span> <span class='ocrx_word' id='word_1_162' title='bbox 371 2303 482 2362; x_wconf 68' lang='lat' dir='ltr'><strong>aeterni</strong></span> <span class='ocrx_word' id='word_1_163' title='bbox 498 2301 682 2374; x_wconf 82' lang='lat' dir='ltr'><strong>testamenti,</strong></span> <span class='ocrx_word' id='word_1_164' title='bbox 699 2304 870 2382; x_wconf 70' lang='lat' dir='ltr'><strong>mysterium</strong></span> <span class='ocrx_word' id='word_1_165' title='bbox 885 2300 986 2380; x_wconf 80' lang='lat' dir='ltr'><strong>Fidei,</strong></span> <span class='ocrx_word' id='word_1_166' title='bbox 1002 2305 1056 2382; x_wconf 81' lang='lat' dir='ltr'><strong>qni</strong></span> <span class='ocrx_word' id='word_1_167' title='bbox 1066 2321 1128 2383; x_wconf 88' lang='lat' dir='ltr'><strong>pro</strong></span> <span class='ocrx_word' id='word_1_168' title='bbox 1143 2301 1226 2363; x_wconf 82' lang='lat' dir='ltr'><strong>cobis</strong></span> <span class='ocrx_word' id='word_1_169' title='bbox 1241 2311 1338 2384; x_wconf 78' lang='lat' dir='ltr'><strong>cipro</strong></span> <span class='ocrx_word' id='word_1_170' title='bbox 1351 2301 1429 2363; x_wconf 86' lang='lat' dir='ltr'><strong>mni-</strong></span> 
     </span>
     <span class='ocr_line' id='line_1_21' title="bbox 160 2387 860 2472; baseline 0 -22"><span class='ocrx_word' id='word_1_171' title='bbox 160 2391 197 2450; x_wconf 80' lang='lat' dir='ltr'><strong>ln&#39;s</strong></span> <span class='ocrx_word' id='word_1_172' title='bbox 212 2387 384 2468; x_wconf 80' lang='lat' dir='ltr'><strong>effundetur</strong></span> <span class='ocrx_word' id='word_1_173' title='bbox 397 2392 430 2449; x_wconf 86' lang='lat' dir='ltr'><strong>in</strong></span> <span class='ocrx_word' id='word_1_174' title='bbox 446 2392 648 2450; x_wconf 77' lang='lat' dir='ltr'><strong>rnnissionem</strong></span> <span class='ocrx_word' id='word_1_175' title='bbox 658 2397 860 2472; x_wconf 82' lang='lat' dir='ltr'><strong>peccatoram.</strong></span> 
     </span>
    </p>

    <p class='ocr_par' dir='ltr' id='par_1_10' title="bbox 157 2476 1427 2718">
     <span class='ocr_line' id='line_1_22' title="bbox 198 2476 1427 2560; baseline 0.002 -20"><span class='ocrx_word' id='word_1_176' title='bbox 198 2480 322 2540; x_wconf 89' lang='lat' dir='ltr'><strong>Constat</strong></span> <span class='ocrx_word' id='word_1_177' title='bbox 337 2476 452 2557; x_wconf 89' lang='lat' dir='ltr'><strong>pariter</strong></span> <span class='ocrx_word' id='word_1_178' title='bbox 471 2483 504 2541; x_wconf 76' lang='lat'><strong>1⁰</strong></span> <span class='ocrx_word' id='word_1_179' title='bbox 518 2497 555 2540; x_wconf 84' lang='lat' dir='ltr'><strong>err</strong></span> <span class='ocrx_word' id='word_1_180' title='bbox 569 2477 656 2558; x_wconf 81' lang='lat' dir='ltr'><strong>praxi</strong></span> <span class='ocrx_word' id='word_1_181' title='bbox 675 2482 704 2540; x_wconf 92' lang='lat' dir='ltr'><strong>et</strong></span> <span class='ocrx_word' id='word_1_182' title='bbox 717 2477 892 2559; x_wconf 88' lang='lat' dir='ltr'><strong>praescripto</strong></span> <span class='ocrx_word' id='word_1_183' title='bbox 912 2478 1063 2555; x_wconf 84' lang='lat' dir='ltr'><strong>Ecclesiae;</strong></span> <span class='ocrx_word' id='word_1_184' title='bbox 1082 2484 1116 2542; x_wconf 73' lang='lat'><strong>2⁰</strong></span> <span class='ocrx_word' id='word_1_185' title='bbox 1130 2497 1168 2542; x_wconf 83' lang='lat' dir='ltr'><strong>ex</strong></span> <span class='ocrx_word' id='word_1_186' title='bbox 1183 2479 1277 2542; x_wconf 84' lang='lat' dir='ltr'><strong>uariis</strong></span> <span class='ocrx_word' id='word_1_187' title='bbox 1291 2483 1427 2560; x_wconf 80' lang='lat' dir='ltr'><strong>Evange-</strong></span> 
     </span>
     <span class='ocr_line' id='line_1_23' title="bbox 157 2564 1426 2650; baseline 0.002 -22"><span class='ocrx_word' id='word_1_188' title='bbox 157 2564 251 2640; x_wconf 83' lang='lat' dir='ltr'><strong>listis,</strong></span> <span class='ocrx_word' id='word_1_189' title='bbox 273 2566 328 2646; x_wconf 90' lang='lat' dir='ltr'><strong>qui</strong></span> <span class='ocrx_word' id='word_1_190' title='bbox 348 2565 406 2628; x_wconf 90' lang='lat' dir='ltr'><strong>etsi</strong></span> <span class='ocrx_word' id='word_1_191' title='bbox 428 2585 489 2629; x_wconf 93' lang='lat' dir='ltr'><strong>non</strong></span> <span class='ocrx_word' id='word_1_192' title='bbox 511 2566 637 2628; x_wconf 90' lang='lat' dir='ltr'><strong>omnino</strong></span> <span class='ocrx_word' id='word_1_193' title='bbox 656 2567 759 2629; x_wconf 82' lang='lat' dir='ltr'><strong>cedern</strong></span> <span class='ocrx_word' id='word_1_194' title='bbox 782 2567 873 2629; x_wconf 81' lang='lat' dir='ltr'><strong>verba</strong></span> <span class='ocrx_word' id='word_1_195' title='bbox 889 2567 1036 2640; x_wconf 88' lang='lat' dir='ltr'><strong>referant,</strong></span> <span class='ocrx_word' id='word_1_196' title='bbox 1053 2566 1181 2649; x_wconf 83' lang='lat' dir='ltr'><strong>perfecte</strong></span> <span class='ocrx_word' id='word_1_197' title='bbox 1202 2575 1305 2631; x_wconf 85' lang='lat' dir='ltr'><strong>tauron</strong></span> <span class='ocrx_word' id='word_1_198' title='bbox 1327 2569 1426 2650; x_wconf 88' lang='lat' dir='ltr'><strong>quoad</strong></span> 
     </span>
     <span class='ocr_line' id='line_1_24' title="bbox 158 2653 582 2718; baseline 0.005 -3"><span class='ocrx_word' id='word_1_199' title='bbox 158 2653 240 2716; x_wconf 92' lang='lat' dir='ltr'><strong>hunc</strong></span> <span class='ocrx_word' id='word_1_200' title='bbox 249 2672 375 2716; x_wconf 90' lang='lat' dir='ltr'><strong>sensum</strong></span> <span class='ocrx_word' id='word_1_201' title='bbox 389 2657 582 2718; x_wconf 88' lang='lat' dir='ltr'><strong>concordant.</strong></span> 
     </span>
    </p>
   </div>
   <div class='ocr_carea' id='block_1_8' title="bbox 279 2831 489 2898">
    <p class='ocr_par' dir='ltr' id='par_1_11' title="bbox 279 2831 489 2898">
     <span class='ocr_line' id='line_1_25' title="bbox 279 2831 489 2898; baseline -0.005 -1"><span class='ocrx_word' id='word_1_202' title='bbox 279 2831 489 2898; x_wconf 88' lang='lat' dir='ltr'><strong>Resolves.</strong></span> 
     </span>
    </p>
   </div>
   <div class='ocr_carea' id='block_1_9' title="bbox 103 2977 1429 4564">
    <p class='ocr_par' dir='ltr' id='par_1_12' title="bbox 154 2977 1428 3504">
     <span class='ocr_line' id='line_1_26' title="bbox 196 2977 1428 3053; baseline -0.002 -11"><span class='ocrx_word' id='word_1_203' title='bbox 196 2982 267 3042; x_wconf 71' lang='lat'><strong>286.</strong></span> <span class='ocrx_word' id='word_1_204' title='bbox 284 3015 323 3024; x_wconf 87' lang='lat'><em>-</em></span> <span class='ocrx_word' id='word_1_205' title='bbox 342 2985 372 3042; x_wconf 81' lang='grc'><strong>10</strong></span> <span class='ocrx_word' id='word_1_206' title='bbox 386 2979 508 3053; x_wconf 86' lang='lat' dir='ltr'><strong>Valida,</strong></span> <span class='ocrx_word' id='word_1_207' title='bbox 526 2980 577 3041; x_wconf 90' lang='lat' dir='ltr'><strong>sed</strong></span> <span class='ocrx_word' id='word_1_208' title='bbox 595 2979 702 3042; x_wconf 87' lang='lat' dir='ltr'><strong>illicita</strong></span> <span class='ocrx_word' id='word_1_209' title='bbox 724 2985 771 3041; x_wconf 90' lang='lat' dir='ltr'><strong>est</strong></span> <span class='ocrx_word' id='word_1_210' title='bbox 791 2978 991 3052; x_wconf 87' lang='lat' dir='ltr'><strong>consecratio,</strong></span> <span class='ocrx_word' id='word_1_211' title='bbox 1009 2979 1033 3040; x_wconf 89' lang='lat' dir='ltr'><strong>si</strong></span> <span class='ocrx_word' id='word_1_212' title='bbox 1053 2997 1231 3042; x_wconf 87' lang='lat' dir='ltr'><strong>consecrans</strong></span> <span class='ocrx_word' id='word_1_213' title='bbox 1252 2979 1350 3040; x_wconf 88' lang='lat' dir='ltr'><strong>dicat:</strong></span> <span class='ocrx_word' id='word_1_214' title='bbox 1368 2977 1428 3040; x_wconf 82' lang='lat' dir='ltr'><strong>Hic</strong></span> 
     </span>
     <span class='ocr_line' id='line_1_27' title="bbox 154 3065 1427 3150; baseline 0.001 -23"><span class='ocrx_word' id='word_1_215' title='bbox 154 3066 238 3128; x_wconf 79' lang='lat' dir='ltr'><strong>cibos</strong></span> <span class='ocrx_word' id='word_1_216' title='bbox 259 3078 302 3128; x_wconf 82' lang='lat' dir='ltr'><strong>cst</strong></span> <span class='ocrx_word' id='word_1_217' title='bbox 325 3067 443 3150; x_wconf 79' lang='lat' dir='ltr'><strong>Corptu</strong></span> <span class='ocrx_word' id='word_1_218' title='bbox 466 3067 648 3140; x_wconf 79' lang='lat' dir='ltr'><strong>meam,l1ic</strong></span> <span class='ocrx_word' id='word_1_219' title='bbox 671 3067 753 3128; x_wconf 79' lang='lat' dir='ltr'><strong>calin</strong></span> <span class='ocrx_word' id='word_1_220' title='bbox 775 3078 819 3128; x_wconf 83' lang='lat' dir='ltr'><strong>est</strong></span> <span class='ocrx_word' id='word_1_221' title='bbox 838 3066 971 3147; x_wconf 78' lang='lat' dir='ltr'><strong>Sanpnis</strong></span> <span class='ocrx_word' id='word_1_222' title='bbox 991 3087 1081 3130; x_wconf 70' lang='lat' dir='ltr'><strong>mnu.</strong></span> <span class='ocrx_word' id='word_1_223' title='bbox 1102 3071 1233 3130; x_wconf 85' lang='lat' dir='ltr'><strong>-Item</strong></span> <span class='ocrx_word' id='word_1_224' title='bbox 1255 3066 1282 3128; x_wconf 90' lang='lat' dir='ltr'><strong>si</strong></span> <span class='ocrx_word' id='word_1_225' title='bbox 1295 3065 1427 3146; x_wconf 75' lang='lat' dir='ltr'><strong>proferas</strong></span> 
     </span>
     <span class='ocr_line' id='line_1_28' title="bbox 157 3153 1428 3238; baseline -0.002 -20"><span class='ocrx_word' id='word_1_226' title='bbox 157 3153 270 3237; x_wconf 74' lang='lat' dir='ltr'><strong>Calpas</strong></span> <span class='ocrx_word' id='word_1_227' title='bbox 285 3175 338 3236; x_wconf 89' lang='lat' dir='ltr'><strong>pro</strong></span> <span class='ocrx_word' id='word_1_228' title='bbox 355 3155 487 3238; x_wconf 75' lang='lat' dir='ltr'><strong>Corpus,</strong></span> <span class='ocrx_word' id='word_1_229' title='bbox 499 3175 579 3217; x_wconf 83' lang='lat' dir='ltr'><strong>mens</strong></span> <span class='ocrx_word' id='word_1_230' title='bbox 593 3174 646 3236; x_wconf 94' lang='lat' dir='ltr'><strong>pro</strong></span> <span class='ocrx_word' id='word_1_231' title='bbox 660 3175 773 3232; x_wconf 63' lang='lat' dir='ltr'><strong><em>mmm,</em></strong></span> <span class='ocrx_word' id='word_1_232' title='bbox 784 3176 813 3217; x_wconf 86' lang='lat' dir='ltr'><strong>es</strong></span> <span class='ocrx_word' id='word_1_233' title='bbox 824 3175 876 3236; x_wconf 88' lang='lat' dir='ltr'><strong>pro</strong></span> <span class='ocrx_word' id='word_1_234' title='bbox 888 3167 947 3235; x_wconf 79' lang='lat' dir='ltr'><strong>eet,</strong></span> <span class='ocrx_word' id='word_1_235' title='bbox 963 3156 1038 3218; x_wconf 86' lang='lat' dir='ltr'><strong>calis</strong></span> <span class='ocrx_word' id='word_1_236' title='bbox 1051 3157 1211 3236; x_wconf 68' lang='lat' dir='ltr'><strong>proculire,</strong></span> <span class='ocrx_word' id='word_1_237' title='bbox 1226 3155 1360 3236; x_wconf 76' lang='lat' dir='ltr'><strong>Sonpuis</strong></span> <span class='ocrx_word' id='word_1_238' title='bbox 1374 3173 1428 3235; x_wconf 82' lang='lat' dir='ltr'><strong>pro</strong></span> 
     </span>
     <span class='ocr_line' id='line_1_29' title="bbox 156 3241 1426 3326; baseline 0.001 -22"><span class='ocrx_word' id='word_1_239' title='bbox 156 3241 338 3323; x_wconf 84' lang='lat' dir='ltr'><strong>Sonpninr&#39;s,</strong></span> <span class='ocrx_word' id='word_1_240' title='bbox 362 3251 418 3307; x_wconf 90' lang='lat' dir='ltr'><strong>etc.</strong></span> <span class='ocrx_word' id='word_1_241' title='bbox 446 3245 522 3307; x_wconf 89' lang='lat' dir='ltr'><strong>Hinc</strong></span> <span class='ocrx_word' id='word_1_242' title='bbox 538 3243 709 3317; x_wconf 79' lang='lat' dir='ltr'><strong>deducitur,</strong></span> <span class='ocrx_word' id='word_1_243' title='bbox 731 3263 793 3306; x_wconf 91' lang='lat' dir='ltr'><strong>non</strong></span> <span class='ocrx_word' id='word_1_244' title='bbox 808 3262 893 3324; x_wconf 90' lang='lat' dir='ltr'><strong>posse</strong></span> <span class='ocrx_word' id='word_1_245' title='bbox 905 3245 1043 3308; x_wconf 84' lang='lat' dir='ltr'><strong>excusari</strong></span> <span class='ocrx_word' id='word_1_246' title='bbox 1060 3263 1077 3306; x_wconf 87' lang='lat' dir='ltr'><strong>a</strong></span> <span class='ocrx_word' id='word_1_247' title='bbox 1097 3249 1215 3326; x_wconf 91' lang='lat' dir='ltr'><strong>peccato</strong></span> <span class='ocrx_word' id='word_1_248' title='bbox 1229 3244 1356 3319; x_wconf 85' lang='lat' dir='ltr'><strong>veniali,</strong></span> <span class='ocrx_word' id='word_1_249' title='bbox 1370 3243 1426 3322; x_wconf 89' lang='lat' dir='ltr'><strong>qui</strong></span> 
     </span>
     <span class='ocr_line' id='line_1_30' title="bbox 158 3331 1427 3413; baseline -0.001 -20"><span class='ocrx_word' id='word_1_250' title='bbox 158 3331 299 3398; x_wconf 88' lang='lat' dir='ltr'><strong>debitam.</strong></span> <span class='ocrx_word' id='word_1_251' title='bbox 314 3333 505 3413; x_wconf 82' lang='lat' dir='ltr'><strong>diligentiam</strong></span> <span class='ocrx_word' id='word_1_252' title='bbox 528 3350 589 3394; x_wconf 92' lang='lat' dir='ltr'><strong>non</strong></span> <span class='ocrx_word' id='word_1_253' title='bbox 615 3331 738 3394; x_wconf 86' lang='lat' dir='ltr'><strong>adhibet</strong></span> <span class='ocrx_word' id='word_1_254' title='bbox 766 3334 804 3395; x_wconf 92' lang='lat' dir='ltr'><strong>ad</strong></span> <span class='ocrx_word' id='word_1_255' title='bbox 830 3332 922 3396; x_wconf 86' lang='lat' dir='ltr'><strong>verba</strong></span> <span class='ocrx_word' id='word_1_256' title='bbox 949 3333 1181 3396; x_wconf 88' lang='lat' dir='ltr'><strong>consecrationis</strong></span> <span class='ocrx_word' id='word_1_257' title='bbox 1208 3333 1266 3396; x_wconf 90' lang='lat' dir='ltr'><strong>rite</strong></span> <span class='ocrx_word' id='word_1_258' title='bbox 1293 3349 1427 3412; x_wconf 90' lang='lat' dir='ltr'><strong>pronun-</strong></span> 
     </span>
     <span class='ocr_line' id='line_1_31' title="bbox 158 3419 598 3504; baseline 0.005 -24"><span class='ocrx_word' id='word_1_259' title='bbox 158 3419 272 3484; x_wconf 88' lang='lat' dir='ltr'><strong>tianda.</strong></span> <span class='ocrx_word' id='word_1_260' title='bbox 290 3457 329 3466; x_wconf 89' lang='lat'><em>-</em></span> <span class='ocrx_word' id='word_1_261' title='bbox 342 3423 377 3483; x_wconf 89' lang='lat' dir='ltr'><strong>S.</strong></span> <span class='ocrx_word' id='word_1_262' title='bbox 394 3422 465 3504; x_wconf 76' lang='lat' dir='ltr'><strong>Lip.</strong></span> <span class='ocrx_word' id='word_1_263' title='bbox 483 3443 514 3482; x_wconf 91' lang='lat' dir='ltr'><strong>n.</strong></span> <span class='ocrx_word' id='word_1_264' title='bbox 528 3425 598 3484; x_wconf 66' lang='lat' dir='ltr'><strong>iil.</strong></span> 
     </span>
    </p>

    <p class='ocr_par' dir='ltr' id='par_1_13' title="bbox 156 3509 1428 3947">
     <span class='ocr_line' id='line_1_32' title="bbox 197 3509 1427 3591; baseline -0.002 -19"><span class='ocrx_word' id='word_1_265' title='bbox 197 3513 229 3571; x_wconf 73' lang='lat'><strong>2⁰</strong></span> <span class='ocrx_word' id='word_1_266' title='bbox 256 3510 394 3572; x_wconf 87' lang='lat' dir='ltr'><strong>Invalida</strong></span> <span class='ocrx_word' id='word_1_267' title='bbox 418 3509 476 3572; x_wconf 88' lang='lat' dir='ltr'><strong>erit</strong></span> <span class='ocrx_word' id='word_1_268' title='bbox 505 3509 703 3586; x_wconf 86' lang='lat' dir='ltr'><strong>consecratio,</strong></span> <span class='ocrx_word' id='word_1_269' title='bbox 725 3509 751 3572; x_wconf 89' lang='lat' dir='ltr'><strong>si</strong></span> <span class='ocrx_word' id='word_1_270' title='bbox 773 3509 874 3571; x_wconf 90' lang='lat' dir='ltr'><strong>dicas:</strong></span> <span class='ocrx_word' id='word_1_271' title='bbox 891 3509 950 3571; x_wconf 83' lang='lat' dir='ltr'><strong>Hic</strong></span> <span class='ocrx_word' id='word_1_272' title='bbox 973 3511 1215 3590; x_wconf 83' lang='lat' dir='ltr'><strong>(adverbialiter)</strong></span> <span class='ocrx_word' id='word_1_273' title='bbox 1240 3521 1283 3572; x_wconf 85' lang='lat' dir='ltr'><strong>est</strong></span> <span class='ocrx_word' id='word_1_274' title='bbox 1310 3509 1427 3591; x_wconf 80' lang='lat' dir='ltr'><strong>Corpus</strong></span> 
     </span>
     <span class='ocr_line' id='line_1_33' title="bbox 157 3597 1428 3681; baseline 0.001 -22"><span class='ocrx_word' id='word_1_275' title='bbox 157 3616 252 3659; x_wconf 82' lang='lat' dir='ltr'><strong>meum</strong></span> <span class='ocrx_word' id='word_1_276' title='bbox 261 3645 270 3676; x_wconf 89' lang='lat'><strong><em>,</em></strong></span> <span class='ocrx_word' id='word_1_277' title='bbox 287 3599 343 3660; x_wconf 80' lang='lat' dir='ltr'><strong>hoc</strong></span> <span class='ocrx_word' id='word_1_278' title='bbox 359 3599 474 3681; x_wconf 76' lang='lat' dir='ltr'><strong>Corpus</strong></span> <span class='ocrx_word' id='word_1_279' title='bbox 491 3607 532 3660; x_wconf 86' lang='lat' dir='ltr'><strong>est</strong></span> <span class='ocrx_word' id='word_1_280' title='bbox 545 3619 638 3660; x_wconf 81' lang='lat' dir='ltr'><strong>mcum</strong></span> <span class='ocrx_word' id='word_1_281' title='bbox 647 3645 654 3674; x_wconf 91' lang='lat'><strong><em>,</em></strong></span> <span class='ocrx_word' id='word_1_282' title='bbox 678 3599 726 3660; x_wconf 88' lang='lat' dir='ltr'><strong>vel</strong></span> <span class='ocrx_word' id='word_1_283' title='bbox 740 3597 789 3659; x_wconf 78' lang='lat' dir='ltr'><strong>nic</strong></span> <span class='ocrx_word' id='word_1_284' title='bbox 802 3597 935 3680; x_wconf 74' lang='lat' dir='ltr'><strong>Sanpeus</strong></span> <span class='ocrx_word' id='word_1_285' title='bbox 946 3608 990 3659; x_wconf 85' lang='lat' dir='ltr'><strong>est</strong></span> <span class='ocrx_word' id='word_1_286' title='bbox 1000 3617 1090 3676; x_wconf 81' lang='lat' dir='ltr'><strong>meus,</strong></span> <span class='ocrx_word' id='word_1_287' title='bbox 1105 3598 1179 3679; x_wconf 88' lang='lat' dir='ltr'><strong>quia</strong></span> <span class='ocrx_word' id='word_1_288' title='bbox 1190 3601 1254 3662; x_wconf 82' lang='lat' dir='ltr'><strong>haec</strong></span> <span class='ocrx_word' id='word_1_289' title='bbox 1266 3599 1428 3661; x_wconf 87' lang='lat' dir='ltr'><strong>verbanon</strong></span> 
     </span>
     <span class='ocr_line' id='line_1_34' title="bbox 156 3685 1421 3772; baseline 0 -24"><span class='ocrx_word' id='word_1_290' title='bbox 156 3685 271 3749; x_wconf 86' lang='lat' dir='ltr'><strong>habent</strong></span> <span class='ocrx_word' id='word_1_291' title='bbox 288 3705 413 3750; x_wconf 88' lang='lat' dir='ltr'><strong>sensum</strong></span> <span class='ocrx_word' id='word_1_292' title='bbox 430 3707 490 3772; x_wconf 91' lang='lat' dir='ltr'><strong>quo</strong></span> <span class='ocrx_word' id='word_1_293' title='bbox 508 3687 541 3750; x_wconf 93' lang='lat' dir='ltr'><strong>id</strong></span> <span class='ocrx_word' id='word_1_294' title='bbox 560 3685 748 3768; x_wconf 83' lang='lat' dir='ltr'><strong>significent,</strong></span> <span class='ocrx_word' id='word_1_295' title='bbox 764 3688 846 3767; x_wconf 91' lang='lat' dir='ltr'><strong>quod</strong></span> <span class='ocrx_word' id='word_1_296' title='bbox 865 3687 982 3766; x_wconf 90' lang='lat' dir='ltr'><strong>operari</strong></span> <span class='ocrx_word' id='word_1_297' title='bbox 1000 3685 1120 3748; x_wconf 90' lang='lat' dir='ltr'><strong>debent.</strong></span> <span class='ocrx_word' id='word_1_298' title='bbox 1137 3723 1176 3732; x_wconf 91' lang='lat'><em>-</em></span> <span class='ocrx_word' id='word_1_299' title='bbox 1191 3685 1226 3748; x_wconf 87' lang='lat' dir='ltr'><strong>S.</strong></span> <span class='ocrx_word' id='word_1_300' title='bbox 1243 3688 1327 3768; x_wconf 78' lang='lat' dir='ltr'><strong>Lip,</strong></span> <span class='ocrx_word' id='word_1_301' title='bbox 1347 3686 1421 3748; x_wconf 85' lang='lat' dir='ltr'><strong>ibid.</strong></span> 
     </span>
     <span class='ocr_line' id='line_1_35' title="bbox 171 3774 1428 3859; baseline 0.001 -22"><span class='ocrx_word' id='word_1_302' title='bbox 171 3831 173 3836; x_wconf 85' lang='lat'><em>.</em></span> <span class='ocrx_word' id='word_1_303' title='bbox 197 3779 231 3838; x_wconf 87' lang='grc'><strong>30</strong></span> <span class='ocrx_word' id='word_1_304' title='bbox 250 3775 348 3838; x_wconf 85' lang='lat' dir='ltr'><strong>Dubia</strong></span> <span class='ocrx_word' id='word_1_305' title='bbox 366 3783 413 3839; x_wconf 92' lang='lat' dir='ltr'><strong>est</strong></span> <span class='ocrx_word' id='word_1_306' title='bbox 433 3776 630 3850; x_wconf 91' lang='lat' dir='ltr'><strong>consecratio,</strong></span> <span class='ocrx_word' id='word_1_307' title='bbox 648 3776 673 3838; x_wconf 89' lang='lat' dir='ltr'><strong>si</strong></span> <span class='ocrx_word' id='word_1_308' title='bbox 691 3775 789 3838; x_wconf 90' lang='lat' dir='ltr'><strong>dicas:</strong></span> <span class='ocrx_word' id='word_1_309' title='bbox 805 3775 878 3838; x_wconf 84' lang='lat' dir='ltr'><strong>Hoec</strong></span> <span class='ocrx_word' id='word_1_310' title='bbox 894 3786 938 3838; x_wconf 83' lang='lat' dir='ltr'><strong>est</strong></span> <span class='ocrx_word' id='word_1_311' title='bbox 960 3774 1041 3838; x_wconf 85' lang='lat' dir='ltr'><strong>Caro</strong></span> <span class='ocrx_word' id='word_1_312' title='bbox 1059 3793 1141 3853; x_wconf 82' lang='lat' dir='ltr'><strong>mec;</strong></span> <span class='ocrx_word' id='word_1_313' title='bbox 1159 3776 1240 3836; x_wconf 83' lang='lat' dir='ltr'><strong>illud</strong></span> <span class='ocrx_word' id='word_1_314' title='bbox 1251 3786 1295 3839; x_wconf 79' lang='lat' dir='ltr'><strong>est</strong></span> <span class='ocrx_word' id='word_1_315' title='bbox 1312 3775 1428 3859; x_wconf 81' lang='lat' dir='ltr'><strong>Corpus</strong></span> 
     </span>
     <span class='ocr_line' id='line_1_36' title="bbox 156 3864 950 3947; baseline 0.003 -23"><span class='ocrx_word' id='word_1_316' title='bbox 156 3882 269 3936; x_wconf 61' lang='lat' dir='ltr'><strong>meum</strong></span> <span class='ocrx_word' id='word_1_317' title='bbox 284 3865 336 3926; x_wconf 83' lang='lat' dir='ltr'><strong>ilie</strong></span> <span class='ocrx_word' id='word_1_318' title='bbox 349 3876 391 3926; x_wconf 83' lang='lat' dir='ltr'><strong>est</strong></span> <span class='ocrx_word' id='word_1_319' title='bbox 409 3865 543 3947; x_wconf 82' lang='lat' dir='ltr'><strong>Sonpnis</strong></span> <span class='ocrx_word' id='word_1_320' title='bbox 557 3885 648 3928; x_wconf 83' lang='lat' dir='ltr'><strong>meus.</strong></span> <span class='ocrx_word' id='word_1_321' title='bbox 665 3902 704 3910; x_wconf 85' lang='lat'><em>-</em></span> <span class='ocrx_word' id='word_1_322' title='bbox 718 3864 755 3927; x_wconf 91' lang='lat' dir='ltr'><strong>S.</strong></span> <span class='ocrx_word' id='word_1_323' title='bbox 773 3865 856 3946; x_wconf 69' lang='lat' dir='ltr'><strong>Lip„</strong></span> <span class='ocrx_word' id='word_1_324' title='bbox 873 3865 950 3928; x_wconf 85' lang='lat' dir='ltr'><strong>ibid.</strong></span> 
     </span>
    </p>

    <p class='ocr_par' dir='ltr' id='par_1_14' title="bbox 103 3953 1429 4564">
     <span class='ocr_line' id='line_1_37' title="bbox 196 3953 1427 4036; baseline -0.001 -20"><span class='ocrx_word' id='word_1_325' title='bbox 196 3955 230 4016; x_wconf 73' lang='grc'><strong>40</strong></span> <span class='ocrx_word' id='word_1_326' title='bbox 249 3954 348 4016; x_wconf 89' lang='lat' dir='ltr'><strong>Verba</strong></span> <span class='ocrx_word' id='word_1_327' title='bbox 368 3953 473 4017; x_wconf 76' lang='lat' dir='ltr'><strong>formae</strong></span> <span class='ocrx_word' id='word_1_328' title='bbox 495 3955 620 4036; x_wconf 87' lang='lat' dir='ltr'><strong>proferri</strong></span> <span class='ocrx_word' id='word_1_329' title='bbox 640 3954 750 4017; x_wconf 86' lang='lat' dir='ltr'><strong>debent</strong></span> <span class='ocrx_word' id='word_1_330' title='bbox 767 3953 801 4016; x_wconf 93' lang='lat' dir='ltr'><strong>in</strong></span> <span class='ocrx_word' id='word_1_331' title='bbox 821 3972 948 4035; x_wconf 89' lang='lat' dir='ltr'><strong>persona</strong></span> <span class='ocrx_word' id='word_1_332' title='bbox 967 3955 1081 4020; x_wconf 81' lang='lat' dir='ltr'><strong>Christi</strong></span> <span class='ocrx_word' id='word_1_333' title='bbox 1100 3953 1271 4036; x_wconf 74' lang='lat' dir='ltr'><strong>fornich&#39;ter</strong></span> <span class='ocrx_word' id='word_1_334' title='bbox 1285 3961 1315 4017; x_wconf 90' lang='lat' dir='ltr'><strong>et</strong></span> <span class='ocrx_word' id='word_1_335' title='bbox 1331 3975 1427 4018; x_wconf 79' lang='lat' dir='ltr'><strong>asser-</strong></span> 
     </span>
     <span class='ocr_line' id='line_1_38' title="bbox 159 4040 1429 4124; baseline 0.005 -24"><span class='ocrx_word' id='word_1_336' title='bbox 159 4040 231 4119; x_wconf 84' lang='lat' dir='ltr'><strong>tive,</strong></span> <span class='ocrx_word' id='word_1_337' title='bbox 248 4060 303 4103; x_wconf 89' lang='lat' dir='ltr'><strong>seu</strong></span> <span class='ocrx_word' id='word_1_338' title='bbox 323 4043 477 4104; x_wconf 76' lang='lat' dir='ltr'><strong>recitative</strong></span> <span class='ocrx_word' id='word_1_339' title='bbox 495 4043 589 4108; x_wconf 85' lang='lat' dir='ltr'><strong>simul</strong></span> <span class='ocrx_word' id='word_1_340' title='bbox 608 4049 638 4105; x_wconf 87' lang='lat' dir='ltr'><strong>et</strong></span> <span class='ocrx_word' id='word_1_341' title='bbox 655 4043 871 4124; x_wconf 80' lang='lat' dir='ltr'><strong>sr&#39;pnificotice,</strong></span> <span class='ocrx_word' id='word_1_342' title='bbox 890 4062 951 4106; x_wconf 90' lang='lat' dir='ltr'><strong>non</strong></span> <span class='ocrx_word' id='word_1_343' title='bbox 970 4063 1040 4106; x_wconf 83' lang='lat' dir='ltr'><strong>uero</strong></span> <span class='ocrx_word' id='word_1_344' title='bbox 1055 4043 1197 4106; x_wconf 88' lang='lat' dir='ltr'><strong>historice</strong></span> <span class='ocrx_word' id='word_1_345' title='bbox 1214 4048 1355 4106; x_wconf 88' lang='lat' dir='ltr'><strong>tantum:</strong></span> <span class='ocrx_word' id='word_1_346' title='bbox 1370 4043 1429 4106; x_wconf 90' lang='lat' dir='ltr'><strong>soi-</strong></span> 
     </span>
     <span class='ocr_line' id='line_1_39' title="bbox 103 4127 1428 4212; baseline 0.002 -21"><span class='ocrx_word' id='word_1_347' title='bbox 103 4127 111 4136; x_wconf 91' lang='lat'>&#39;</span> <span class='ocrx_word' id='word_1_348' title='bbox 157 4128 227 4192; x_wconf 91' lang='lat' dir='ltr'><strong>licet</strong></span> <span class='ocrx_word' id='word_1_349' title='bbox 247 4129 422 4211; x_wconf 86' lang='lat' dir='ltr'><strong>proferenda</strong></span> <span class='ocrx_word' id='word_1_350' title='bbox 444 4138 517 4194; x_wconf 91' lang='lat' dir='ltr'><strong>sunt</strong></span> <span class='ocrx_word' id='word_1_351' title='bbox 538 4131 629 4194; x_wconf 78' lang='lat' dir='ltr'><strong>uerba</strong></span> <span class='ocrx_word' id='word_1_352' title='bbox 649 4131 761 4194; x_wconf 86' lang='lat' dir='ltr'><strong>Christi</strong></span> <span class='ocrx_word' id='word_1_353' title='bbox 782 4133 959 4212; x_wconf 91' lang='lat' dir='ltr'><strong>applicando</strong></span> <span class='ocrx_word' id='word_1_354' title='bbox 983 4151 1088 4195; x_wconf 90' lang='lat' dir='ltr'><strong>eorurn</strong></span> <span class='ocrx_word' id='word_1_355' title='bbox 1115 4131 1367 4212; x_wconf 81' lang='lat' dir='ltr'><strong>significationem</strong></span> <span class='ocrx_word' id='word_1_356' title='bbox 1389 4133 1428 4194; x_wconf 91' lang='lat' dir='ltr'><strong>ad</strong></span> 
     </span>
     <span class='ocr_line' id='line_1_40' title="bbox 157 4220 1428 4302; baseline 0.002 -22"><span class='ocrx_word' id='word_1_357' title='bbox 157 4220 320 4282; x_wconf 88' lang='lat' dir='ltr'><strong>materiam</strong></span> <span class='ocrx_word' id='word_1_358' title='bbox 337 4225 532 4301; x_wconf 78' lang='lat' dir='ltr'><strong>praesentem,</strong></span> <span class='ocrx_word' id='word_1_359' title='bbox 549 4225 585 4283; x_wconf 93' lang='lat' dir='ltr'><strong>ut</strong></span> <span class='ocrx_word' id='word_1_360' title='bbox 601 4220 666 4284; x_wconf 76' lang='lat' dir='ltr'><strong>hac</strong></span> <span class='ocrx_word' id='word_1_361' title='bbox 685 4220 995 4284; x_wconf 89' lang='lat' dir='ltr'><strong>transsubstantietur</strong></span> <span class='ocrx_word' id='word_1_362' title='bbox 1009 4220 1042 4282; x_wconf 92' lang='lat' dir='ltr'><strong>in</strong></span> <span class='ocrx_word' id='word_1_363' title='bbox 1058 4223 1173 4302; x_wconf 88' lang='lat' dir='ltr'><strong>Corpus</strong></span> <span class='ocrx_word' id='word_1_364' title='bbox 1189 4228 1220 4284; x_wconf 91' lang='lat' dir='ltr'><strong>et</strong></span> <span class='ocrx_word' id='word_1_365' title='bbox 1241 4222 1428 4301; x_wconf 77' lang='lat' dir='ltr'><strong>Sanguinem</strong></span> 
     </span>
     <span class='ocr_line' id='line_1_41' title="bbox 157 4305 1428 4390; baseline 0.002 -21"><span class='ocrx_word' id='word_1_366' title='bbox 157 4305 284 4370; x_wconf 81' lang='lat' dir='ltr'><strong>Christi.</strong></span> <span class='ocrx_word' id='word_1_367' title='bbox 304 4311 447 4371; x_wconf 82' lang='lat' dir='ltr'><strong>Attamen</strong></span> <span class='ocrx_word' id='word_1_368' title='bbox 466 4309 626 4389; x_wconf 88' lang='lat' dir='ltr'><strong>scrupulus</strong></span> <span class='ocrx_word' id='word_1_369' title='bbox 640 4328 701 4371; x_wconf 94' lang='lat' dir='ltr'><strong>non</strong></span> <span class='ocrx_word' id='word_1_370' title='bbox 715 4316 761 4371; x_wconf 89' lang='lat' dir='ltr'><strong>est</strong></span> <span class='ocrx_word' id='word_1_371' title='bbox 774 4309 949 4383; x_wconf 87' lang='lat' dir='ltr'><strong>habendus,</strong></span> <span class='ocrx_word' id='word_1_372' title='bbox 967 4327 1007 4371; x_wconf 90' lang='lat' dir='ltr'><strong>an</strong></span> <span class='ocrx_word' id='word_1_373' title='bbox 1030 4310 1121 4373; x_wconf 88' lang='lat' dir='ltr'><strong>verba</strong></span> <span class='ocrx_word' id='word_1_374' title='bbox 1136 4329 1227 4374; x_wconf 93' lang='lat' dir='ltr'><strong>sensu</strong></span> <span class='ocrx_word' id='word_1_375' title='bbox 1242 4311 1343 4373; x_wconf 86' lang='lat' dir='ltr'><strong>debito</strong></span> <span class='ocrx_word' id='word_1_376' title='bbox 1360 4329 1428 4390; x_wconf 86' lang='lat' dir='ltr'><strong>pro-</strong></span> 
     </span>
     <span class='ocr_line' id='line_1_42' title="bbox 156 4393 1425 4478; baseline 0.002 -21"><span class='ocrx_word' id='word_1_377' title='bbox 156 4393 309 4472; x_wconf 61' lang='lat' dir='ltr'><strong>ferentum</strong></span> <span class='ocrx_word' id='word_1_378' title='bbox 322 4415 395 4458; x_wconf 89' lang='lat' dir='ltr'><strong>narn</strong></span> <span class='ocrx_word' id='word_1_379' title='bbox 409 4397 511 4477; x_wconf 83' lang='lat' dir='ltr'><strong>quivis</strong></span> <span class='ocrx_word' id='word_1_380' title='bbox 525 4398 665 4459; x_wconf 88' lang='lat' dir='ltr'><strong>Sacerdos</strong></span> <span class='ocrx_word' id='word_1_381' title='bbox 682 4397 881 4478; x_wconf 81' lang='lat' dir='ltr'><strong>praesumitur</strong></span> <span class='ocrx_word' id='word_1_382' title='bbox 893 4397 1004 4460; x_wconf 90' lang='lat' dir='ltr'><strong>habere</strong></span> <span class='ocrx_word' id='word_1_383' title='bbox 1016 4397 1220 4462; x_wconf 84' lang='lat' dir='ltr'><strong>intentionem</strong></span> <span class='ocrx_word' id='word_1_384' title='bbox 1237 4399 1269 4461; x_wconf 93' lang='lat' dir='ltr'><strong>id</strong></span> <span class='ocrx_word' id='word_1_385' title='bbox 1282 4397 1425 4471; x_wconf 81' lang='lat' dir='ltr'><strong>faciendi,</strong></span> 
     </span>
     <span class='ocr_line' id='line_1_43' title="bbox 157 4483 1427 4564; baseline 0.001 -17"><span class='ocrx_word' id='word_1_386' title='bbox 157 4485 238 4564; x_wconf 83' lang='lat' dir='ltr'><strong>quod</strong></span> <span class='ocrx_word' id='word_1_387' title='bbox 252 4485 392 4548; x_wconf 89' lang='lat' dir='ltr'><strong>Christus</strong></span> <span class='ocrx_word' id='word_1_388' title='bbox 405 4485 474 4548; x_wconf 87' lang='lat' dir='ltr'><strong>lecit</strong></span> <span class='ocrx_word' id='word_1_389' title='bbox 489 4491 517 4548; x_wconf 88' lang='lat' dir='ltr'><strong>et</strong></span> <span class='ocrx_word' id='word_1_390' title='bbox 532 4483 686 4558; x_wconf 86' lang='lat' dir='ltr'><strong>instituit,</strong></span> <span class='ocrx_word' id='word_1_391' title='bbox 708 4492 739 4548; x_wconf 90' lang='lat' dir='ltr'><strong>et</strong></span> <span class='ocrx_word' id='word_1_392' title='bbox 755 4485 797 4547; x_wconf 92' lang='lat' dir='ltr'><strong>sic</strong></span> <span class='ocrx_word' id='word_1_393' title='bbox 812 4484 948 4548; x_wconf 88' lang='lat' dir='ltr'><strong>intendit</strong></span> <span class='ocrx_word' id='word_1_394' title='bbox 965 4484 1149 4551; x_wconf 84' lang='lat' dir='ltr'><strong>sufficienter</strong></span> <span class='ocrx_word' id='word_1_395' title='bbox 1166 4489 1258 4552; x_wconf 89' lang='lat' dir='ltr'><strong>verba</strong></span> <span class='ocrx_word' id='word_1_396' title='bbox 1274 4503 1427 4550; x_wconf 81' lang='lat' dir='ltr'><strong>consecra·</strong></span> 
     </span>
    </p>
   </div>
   <div class='ocr_carea' id='block_1_10' title="bbox 0 0 1604 5036">
    <p class='ocr_par' dir='ltr' id='par_1_15' title="bbox 0 0 1604 5036">
     <span class='ocr_line' id='line_1_44' title="bbox 0 0 1604 5036; baseline 0 0"><span class='ocrx_word' id='word_1_397' title='bbox 0 0 1604 5036; x_wconf 95' lang='lat' dir='ltr'><strong> </strong></span> 
     </span>
    </p>
   </div>
  </div>
 </body>
</html>
