3198 5034
190 167 236 226 st
726 177 935 224 reserares

192 297 295 372 postea
310 289 475 354 distractus
489 291 527 352 ad
542 290 635 353 finem
648 289 777 366 Psalmi,
795 289 963 364 Lectionis,
980 293 1067 354 Horae
1085 287 1258 364 deveneris,
1275 287 1352 369 quin
1372 307 1471 352 recor·
1589 259 1590 302 ³

192 379 273 443 deris
287 398 327 442 an
341 384 442 442 totum
458 378 647 454 recitaverim
664 377 863 460 praesumptio
877 377 958 440 enirn
979 377 1039 441 tibi
1052 377 1148 450 favet,
1165 377 1238 457 quia
1257 377 1333 440 soles
1350 377 1472 458 integre

191 467 319 531 recitare
337 487 372 530 ea
390 485 523 548 quartam
541 466 752 530 recitationem
776 465 928 546 incepisti.
949 468 1027 528 Item
1048 465 1076 529 si
1096 465 1254 528 deveneris
1275 466 1314 528 ari
1334 465 1471 546 aliquam
1589 479 1590 484 ’

193 559 322 631 Horam,
333 575 363 618 v.
376 573 436 637 gr,
447 554 591 630 Sextum,
602 558 633 618 et
640 555 763 618 dubites
775 562 883 618 utrum
895 555 1115 635 praecedentem
1127 553 1317 629 recitaveris,
1331 555 1472 617 eamdem

187 649 295 708 tenere
309 651 395 725 potes
413 643 613 719 decisionem,
629 644 703 725 quia
724 663 787 707 non
806 644 881 706 soles
900 641 1026 710 recitare
1045 648 1158 710 Horam
1179 642 1392 723 posteriorem,
1408 642 1472 706 nisi
1589 693 1590 696 ,

193 732 328 814 priorem
345 731 545 814 promiseris,
565 737 595 795 et
613 733 680 795 ideo
699 733 866 813 prudenter
879 732 997 795 credere
1011 737 1096 813 potes
1115 737 1145 794 te
1158 731 1239 795 nihil
1258 730 1408 795 omisisse.
1429 767 1472 779 —

195 821 232 883 S.
247 821 365 903 1111.
381 822 667 899 1554111011,
683 828 739 884 etc.

235 914 285 974 51.
300 944 342 958 ·-
354 911 455 986 Qunu.
472 914 504 974 50
517 911 569 972 Aa
580 909 730 992 Religiosi
737 957 745 985 ,
761 909 910 992 qaijusto
922 909 959 973 de
969 928 1060 971 caasa
1071 910 1164 972 citoro
1179 928 1239 970 aon
1253 910 1471 990 interveniunt,
1589 911 1590 914 ’

195 997 418 1062 terreamursub
430 1000 522 1081 gravi
536 998 679 1082 Officium
690 999 836 1080 priuatim
850 999 998 1061 recitare?

234 1086 323 1170 Hesp.
338 1088 464 1170 Affirm.
478 1087 567 1152 Ratio
579 1091 639 1162 est,
652 1087 727 1168 quia
740 1086 917 1168 principalis
931 1087 1076 1168 obligatio
1090 1106 1144 1169 pro
1158 1086 1307 1166 Religioso
1318 1106 1382 1152 non
1392 1085 1474 1151 cadit

193 1175 228 1240 in
242 1177 388 1251 chorum
404 1175 504 1240 sedin
518 1175 730 1240 recitationem
739 1175 835 1238 Officii
848 1175 965 1239 ratione
981 1175 1162 1256 Religionis,
1172 1194 1240 1256 qne
1254 1195 1331 1240 onus
1343 1177 1421 1240 illud
1435 1195 1474 1239 ex
1589 1223 1590 1252 ,

194 1284 250 1328 suo
264 1264 409 1328 instituto
424 1264 567 1346 suscepit.
583 1267 653 1328 Haec
667 1263 811 1344 obligatio
823 1269 942 1327 constat
953 1284 991 1327 ex
1009 1264 1177 1328 universali
1198 1283 1289 1327 sensu
1304 1270 1333 1327 et
1348 1283 1474 1328 consue·
1589 1267 1590 1342 ῗ

193 1354 304 1418 tudine
328 1353 564 1434 Religiosorum,
582 1353 654 1435 qui,
679 1371 751 1416 cum
772 1353 861 1416 choro
882 1353 1029 1416 interesse
1049 1371 1112 1416 non
1132 1361 1276 1434 possunt,
1293 1373 1324 1417 se
1344 1355 1474 1417 credunt
1589 1363 1590 1430 j

195 1441 254 1505 sub
273 1442 359 1521 gravi
377 1440 525 1522 obligatos
548 1444 588 1505 ad
606 1440 745 1505 Officium
764 1441 912 1522 privatim
932 1441 1136 1505 recitandum.
1155 1443 1350 1506 Consuetudo
1367 1449 1475 1506 autem
1589 1459 1590 1504 3

194 1529 397 1605 universalis,
413 1549 482 1612 quaa
500 1549 572 1593 curn
591 1548 703 1611 magno
724 1530 949 1592 incommodos
966 1529 1126 1610 Religiosis
1147 1537 1178 1593 et
1197 1529 1382 1594 Monialibus
1401 1548 1474 1594 con-

195 1623 312 1682 stanter
327 1619 487 1682 observata
506 1617 582 1694 1111,
604 1625 823 1699 argumentum
839 1617 990 1682 sufficiens
1003 1618 1118 1699 praebet
1135 1620 1172 1682 de
1189 1619 1276 1699 gravi
1290 1619 1474 1700 obligatione
1589 1621 1590 1690 l

195 1713 345 1789 suscepta.
362 1709 448 1773 Unde
463 1727 525 1771 non
544 1713 589 1771 est
604 1708 771 1789 probabilis
787 1706 891 1789 opinio
905 1707 1098 1789 aliquorum,
1115 1706 1169 1789 qui
1186 1707 1294 1771 dicunt
1312 1707 1473 1788 obligatio·
1589 1741 1590 1784 ,

191 1814 269 1862 nem
288 1796 383 1859 Officii
402 1816 465 1861 non
483 1815 591 1878 urgere
604 1797 792 1878 Religiosum
806 1802 893 1860 extra
911 1795 1050 1859 chorum.
1068 1833 1108 1842 -
1126 1795 1161 1858 S.
1182 1796 1267 1877 Liq,
1290 1818 1322 1858 rr.
1344 1800 1418 1870 111,
1442 1805 1474 1859 et
1589 1799 1590 1894 p

194 1884 253 1948 otti
266 1886 472 1949 communiter.
1589 1943 1590 1946 ,

236 1977 285 2037 55.
301 2009 342 2022 -
353 1975 454 2050 Quna.
471 1979 503 2038 6ο
518 1975 567 2035 Ao
578 1985 676 2057 peccet
692 1980 830 2057 praviter
843 1974 1014 2056 Religiosus
1029 1974 1084 2056 qui
1095 1973 1238 2056 Officium
1250 1977 1358 2036 recitat
1364 1974 1475 2056 privo·
1589 1997 1590 2054 ,

196 2061 267 2148 tim,
284 2062 355 2124 dum
369 2063 460 2143 focile
476 2063 565 2124 choro
580 2067 721 2126 interesse
730 2062 844 2146 possit?

235 2151 326 2236 Besp.
346 2150 426 2234 Nep.
443 2150 593 2231 obligatio
607 2151 692 2214 enirn
703 2151 803 2227 chori,
817 2151 887 2215 licat
901 2152 942 2215 sit
954 2151 1055 2232 gravis
1070 2170 1124 2232 pro
1137 2151 1382 2226 communitate,
1398 2151 1474 2214 loris

198 2247 301 2304 tamen
320 2239 451 2302 habetur
473 2257 527 2320 pro
550 2239 680 2319 singulis
701 2239 844 2321 privatis,
868 2241 957 2303 modo
978 2258 1102 2321 prorsus
1120 2240 1230 2303 chorus
1251 2259 1314 2303 non
1338 2239 1474 2303 tollatur.

196 2330 245 2392 ad
259 2327 388 2390 chorum
402 2331 506 2390 autem
521 2326 677 2390 sufficiunt
690 2335 824 2408 quatuor
836 2328 985 2408 expediti,
1002 2347 1056 2391 scu
1070 2327 1163 2391 validi
1178 2329 1217 2391 ad
1236 2329 1364 2392 chorum
1380 2327 1476 2392 susti·

196 2417 346 2479 nendum.
364 2413 396 2479 Si
410 2434 482 2478 vero
493 2415 637 2496 Religicsi
651 2417 713 2479 sint
725 2416 896 2498 pauciores,
908 2417 1084 2480 nullatcnus
1097 2416 1272 2496 obligantur
1286 2419 1324 2480 ad
1335 2415 1474 2481 Officium
1589 2429 1590 2490 t

196 2504 232 2567 in
246 2503 336 2566 choro
349 2503 555 2580 recitandum
570 2504 775 2568 arecitatione
789 2511 895 2569 tamen
909 2503 1030 2587 privata
1046 2523 1108 2568 non
1125 2506 1317 2580 eximuntur,
1332 2508 1368 2567 ut
1384 2506 1475 2568 modo
1589 2495 1590 2524 ³

197 2592 386 2655 dictumest.
403 2629 443 2638 -
459 2592 495 2655 S.
511 2593 587 2676 119.
605 2615 637 2655 a.
655 2599 728 2668 113,
745 2604 774 2656 et
788 2594 844 2657 olii
856 2599 1063 2659 communiter.
1589 2607 1590 2614 ’

238 2681 339 2756 Quae.
353 2686 386 2743 7⁰
397 2681 446 2742 Aa
458 2681 590 2763 obligati
601 2682 643 2743 ad
660 2682 804 2765 Officium
823 2692 982 2747 teneantur
999 2683 1138 2768 supplere
1152 2703 1187 2746 eo
1201 2703 1266 2766 quac
1283 2682 1423 2744 omittant
1440 2684 1475 2746 ia
1589 2679 1590 2726 l

199 2769 290 2832 choro
312 2769 540 2852 obstrictione
562 2771 648 2834 ebori
673 2791 685 2832 .·
708 2792 738 2834 o.
760 2794 823 2855 pr„
843 2773 993 2855 putraado
1012 2791 1187 2856 compartus,
1208 2773 1256 2835 cel
1273 2790 1404 2854 119111,
1423 2783 1477 2834 eat
1589 2779 1590 2834 ἒ

200 2857 339 2921 Pserimos
350 2859 549 2943 perquirendo
554 2906 564 2936 ,
581 2869 611 2922 et
624 2861 686 2923 clia
696 2859 832 2924 similia?

240 2947 330 3030 Resp.
345 2948 422 3030 Nep.
443 2948 531 3014 Ratio
552 2955 614 3024 est,
635 2949 709 3030 quia
728 2951 853 3015 omissio
872 2951 906 3014 in
924 2951 1027 3024 choro,
1045 2951 1135 3014 modo
1153 2949 1251 3012 nimia
1264 2967 1328 3012 non
1348 2947 1404 3023 sit,
1422 2968 1475 3032 per

202 3036 295 3100 socios
311 3038 479 3118 suppletur.
497 3038 545 3101 Sic
561 3038 725 3115 satisfacit,
740 3040 796 3122 qui
813 3040 881 3103 aliis
895 3039 1095 3102 recitantibus
1111 3039 1216 3114 tussit,
1232 3041 1303 3114 etc,
1320 3043 1350 3102 et
1368 3039 1475 3120 proba·
1589 3045 1590 3112 ζ

200 3123 305 3186 biliter
318 3124 428 3202 etiam,
445 3126 471 3189 si
492 3125 610 3206 integer
625 3127 765 3191 Psalmus
782 3129 899 3192 interea
916 3127 1046 3191 dicatur.
1067 3127 1094 3188 A
1116 3128 1245 3209 fortiori
1262 3134 1396 3209 repetere
1414 3145 1476 3191 non

201 3217 336 3287 tenetur,
357 3213 412 3294 qui
426 3214 575 3277 nonnulla
596 3214 695 3295 partis
708 3217 841 3280 adrersae
861 3235 922 3279 non
937 3215 1067 3279 audivit.
1084 3253 1125 3264 -
1140 3217 1176 3280 S.
1197 3217 1281 3299 Liy„
1303 3237 1335 3280 1.
1355 3219 1429 3290 itt,
1446 3225 1475 3277 et
1589 3219 1590 3292 ξ

202 3299 261 3363 alii
274 3305 481 3363 communiter.

242 3393 292 3453 56.
306 3425 346 3435 -
358 3393 460 3466 Quina.
475 3394 508 3456 8⁰
520 3391 656 3468 anaam
670 3393 831 3456 Breviorio
848 3396 988 3460 utendum
999 3393 1061 3459 sit?

242 3479 332 3562 Besp.
349 3507 362 3544 .-
378 3481 425 3542 nx
434 3482 504 3561 J‘ure
522 3481 680 3546 communi
698 3483 761 3545 solo
780 3483 966 3547 Breviorioa
985 3485 1015 3544 S.
1033 3481 1087 3545 Pio
1106 3485 1134 3542 V
1149 3481 1309 3543 reformato
1323 3478 1478 3546 utendum
1589 3473 1590 3528 ἶ

203 3573 265 3643 est;
282 3574 402 3632 constat
415 3587 454 3632 en
463 3568 552 3632 Bulla
567 3571 704 3651 ejusdem
716 3572 745 3633 S.
760 3569 807 3633 Pii
821 3573 858 3643 V,
872 3569 959 3644 Quod
971 3567 1101 3640 anobis,
1115 3567 1186 3630 data
1200 3567 1248 3630 die
1262 3573 1280 3630 7
1295 3565 1475 3632 1111111568.
1589 3613 1590 3618 1

203 3658 240 3717 ln
255 3656 311 3719 hac
325 3657 412 3721 Bulla
424 3657 565 3722 Pontifex
580 3659 661 3721 tollit
677 3665 707 3720 et
721 3657 820 3720 abolet
840 3655 943 3718 omnia
956 3656 1016 3718 alia
1029 3655 1199 3728 Breviaria‚
1215 3673 1284 3737 quae
1298 3673 1334 3717 ex
1346 3652 1477 3719 institu-

204 3742 288 3805 tione
308 3746 356 3807 111
376 3745 596 3809 consuetudine
619 3743 757 3825 legitima
775 3762 837 3806 non
851 3748 1004 3823 superant
1025 3743 1172 3805 ducentos
1192 3761 1299 3806 annos.
1321 3742 1478 3820 Permittit
1589 3771 1590 3816 t

204 3837 326 3906 tamen,
343 3841 379 3895 ut
396 3833 491 3896 etiam
511 3831 650 3895 ducentis
667 3831 759 3894 annis
780 3829 953 3912 antiquiora
971 3829 1091 3912 possint
1105 3828 1140 3892 in
1158 3829 1349 3894 marianum
1367 3835 1478 3896 Roma·
1589 3855 1590 3880 t

206 3936 284 3981 num
297 3917 475 3998 immutari,
489 3920 516 3984 si
531 3918 694 4001 Episcopus
706 3925 736 3982 ct
746 3917 1113 4000 universumOapitulum
1127 3917 1329 3982 consentiant.
1338 3918 1479 4000 Pracipit
1589 3913 1590 3926 ³

207 4025 293 4080 vero,
311 4006 465 4071 observari
476 4008 533 4074 hoc
547 4005 738 4072 breviarium
753 4012 818 4069 toto
832 4006 903 4070 orbe
916 4024 988 4070 cum
999 4007 1065 4071 sola
1079 4007 1251 4089 exceptione
1266 4009 1357 4071 modo
1370 4007 1476 4070 relata.

204 4097 272 4158 Imo
289 4095 323 4157 in
342 4094 402 4157 alia
419 4094 659 4170 Constitutione,
675 4112 744 4176 quas
763 4094 895 4176 incipit:
912 4095 968 4158 Ee
983 4097 1142 4178 proximo,
1164 4095 1295 4160 decbrat
1315 4113 1420 4160 omnes
1438 4094 1478 4157 ad
1589 4093 1590 4166 l

206 4187 302 4248 Horas
322 4183 469 4264 obligatos
487 4204 550 4250 non
568 4183 776 4248 satisfacturos
797 4184 920 4248 muneri
941 4203 1012 4260 sno,
1029 4184 1056 4248 si
1079 4185 1137 4249 alio
1160 4185 1315 4250 Breviario
1335 4190 1476 4258 utantur,
1589 4203 1590 4214 ³

207 4279 299 4353 atque
311 4273 384 4335 adeo
395 4271 587 4337 beneficiatos
602 4291 663 4336 non
676 4271 772 4337 facere
783 4272 901 4336 fructus
913 4291 995 4338 suos,
1291 4280 1294 4288 '
1589 4289 1590 4300 ¹

247 4365 297 4426 51.
313 4395 355 4408 -
368 4363 468 4438 Quas.
484 4364 517 4424 9θ
531 4361 614 4438 Quid
624 4361 808 4426 sentiendum
822 4361 859 4425 de
870 4363 910 4426 iis
924 4365 979 4445 qui
991 4368 1121 4428 recitant
1134 4361 1220 4427 alritd
1233 4361 1428 4426 Brentesium
1443 4379 1482 4424 ee

207 4449 420 4516 consuetudine
435 4449 496 4512 loci
503 4451 672 4514 servatam?
