<?xml version="1.0" encoding="UTF-8"?>
<!DOCTYPE html PUBLIC "-//W3C//DTD XHTML 1.0 Transitional//EN"
    "http://www.w3.org/TR/xhtml1/DTD/xhtml1-transitional.dtd">
<html xmlns="http://www.w3.org/1999/xhtml" xml:lang="en" lang="en">
 <head>
  <title>
</title>
<meta http-equiv="Content-Type" content="text/html;charset=utf-8" />
  <meta name='ocr-system' content='tesseract 3.04.00' />
  <meta name='ocr-capabilities' content='ocr_page ocr_carea ocr_par ocr_line ocrx_word'/>
</head>
<body>
  <div class='ocr_page' id='page_1' title='image "./compendiumtheol03gurygoog_0103.png"; bbox 0 0 3198 5036; ppageno 0'>
   <div class='ocr_carea' id='block_1_1' title="bbox 738 197 946 246">
    <p class='ocr_par' dir='ltr' id='par_1_1' title="bbox 738 197 946 246">
     <span class='ocr_line' id='line_1_1' title="bbox 738 197 946 246; baseline 0.005 -1"><span class='ocrx_word' id='word_1_1' title='bbox 738 197 946 246; x_wconf 71' lang='lat' dir='ltr'><strong>rubemus</strong></span> 
     </span>
    </p>
   </div>
   <div class='ocr_carea' id='block_1_2' title="bbox 711 379 968 443">
    <p class='ocr_par' dir='ltr' id='par_1_2' title="bbox 711 379 968 443">
     <span class='ocr_line' id='line_1_2' title="bbox 711 379 968 443; baseline -0.004 -2"><span class='ocrx_word' id='word_1_2' title='bbox 711 379 921 443; x_wconf 75' lang='lat' dir='ltr'><strong>ARTICULUS</strong></span> <span class='ocrx_word' id='word_1_3' title='bbox 941 380 968 440; x_wconf 87' lang='lat' dir='ltr'><strong>ll</strong></span> 
     </span>
    </p>
   </div>
   <div class='ocr_carea' id='block_1_3' title="bbox 636 537 1048 582">
    <p class='ocr_par' dir='ltr' id='par_1_3' title="bbox 636 537 1048 582">
     <span class='ocr_line' id='line_1_3' title="bbox 636 537 1048 582; baseline 0.002 -2"><span class='ocrx_word' id='word_1_4' title='bbox 636 537 678 580; x_wconf 78' lang='lat' dir='ltr'><strong>DE</strong></span> <span class='ocrx_word' id='word_1_5' title='bbox 709 537 848 581; x_wconf 75' lang='grc'><strong>0111111110</strong></span> <span class='ocrx_word' id='word_1_6' title='bbox 879 537 1048 582; x_wconf 78' lang='lat' dir='ltr'><strong>MINISTRI</strong></span> 
     </span>
    </p>
   </div>
   <div class='ocr_carea' id='block_1_4' title="bbox 202 679 1480 850">
    <p class='ocr_par' dir='ltr' id='par_1_4' title="bbox 202 679 1480 850">
     <span class='ocr_line' id='line_1_4' title="bbox 244 679 1480 762; baseline 0.001 -19"><span class='ocrx_word' id='word_1_7' title='bbox 244 686 276 743; x_wconf 84' lang='lat' dir='ltr'><strong>l⁰</strong></span> <span class='ocrx_word' id='word_1_8' title='bbox 290 680 395 757; x_wconf 84' lang='lat' dir='ltr'><strong>Quoad</strong></span> <span class='ocrx_word' id='word_1_9' title='bbox 413 679 628 760; x_wconf 80' lang='lat' dir='ltr'><strong>obligationem</strong></span> <span class='ocrx_word' id='word_1_10' title='bbox 648 680 847 743; x_wconf 89' lang='lat' dir='ltr'><strong>ministrandi</strong></span> <span class='ocrx_word' id='word_1_11' title='bbox 867 683 1076 756; x_wconf 86' lang='lat' dir='ltr'><strong>Sacramenta;</strong></span> <span class='ocrx_word' id='word_1_12' title='bbox 1093 685 1126 743; x_wconf 70' lang='lat'><strong>2⁰</strong></span> <span class='ocrx_word' id='word_1_13' title='bbox 1141 681 1241 760; x_wconf 92' lang='lat' dir='ltr'><strong>quoad</strong></span> <span class='ocrx_word' id='word_1_14' title='bbox 1259 679 1480 762; x_wconf 79' lang='lat' dir='ltr'><strong>obligationem</strong></span> 
     </span>
     <span class='ocr_line' id='line_1_5' title="bbox 202 768 1180 850; baseline 0 -20"><span class='ocrx_word' id='word_1_15' title='bbox 202 787 238 830; x_wconf 85' lang='lat' dir='ltr'><strong>ea</strong></span> <span class='ocrx_word' id='word_1_16' title='bbox 250 769 413 849; x_wconf 87' lang='lat' dir='ltr'><strong>aliquando</strong></span> <span class='ocrx_word' id='word_1_17' title='bbox 428 769 612 850; x_wconf 87' lang='lat' dir='ltr'><strong>denegandi;</strong></span> <span class='ocrx_word' id='word_1_18' title='bbox 629 773 662 832; x_wconf 87' lang='lat'><strong>3⁰</strong></span> <span class='ocrx_word' id='word_1_19' title='bbox 675 770 774 850; x_wconf 87' lang='lat' dir='ltr'><strong>quoad</strong></span> <span class='ocrx_word' id='word_1_20' title='bbox 788 770 917 832; x_wconf 90' lang='lat' dir='ltr'><strong>modum</strong></span> <span class='ocrx_word' id='word_1_21' title='bbox 931 770 984 832; x_wconf 93' lang='lat' dir='ltr'><strong>illa</strong></span> <span class='ocrx_word' id='word_1_22' title='bbox 997 768 1180 832; x_wconf 83' lang='lat' dir='ltr'><strong>conserendi.</strong></span> 
     </span>
    </p>
   </div>
   <div class='ocr_carea' id='block_1_5' title="bbox 409 944 1268 1035">
    <p class='ocr_par' dir='ltr' id='par_1_5' title="bbox 409 944 1268 1035">
     <span class='ocr_line' id='line_1_6' title="bbox 409 944 1268 1035; baseline 0.003 -23"><span class='ocrx_word' id='word_1_23' title='bbox 409 944 426 1034; x_wconf 56' lang='grc' dir='ltr'>ᾖ</span> <span class='ocrx_word' id='word_1_24' title='bbox 445 946 472 1013; x_wconf 90' lang='grc'><strong>1.</strong></span> <span class='ocrx_word' id='word_1_25' title='bbox 495 949 542 1014; x_wconf 88' lang='lat' dir='ltr'><strong>Dc</strong></span> <span class='ocrx_word' id='word_1_26' title='bbox 560 947 767 1035; x_wconf 69' lang='lat' dir='ltr'><strong>obligatione</strong></span> <span class='ocrx_word' id='word_1_27' title='bbox 783 948 1012 1015; x_wconf 80' lang='lat' dir='ltr'><strong>ministrandi</strong></span> <span class='ocrx_word' id='word_1_28' title='bbox 1030 947 1268 1016; x_wconf 74' lang='lat' dir='ltr'><strong>Sacramenta.</strong></span> 
     </span>
    </p>
   </div>
   <div class='ocr_carea' id='block_1_6' title="bbox 327 1109 552 1188">
    <p class='ocr_par' dir='ltr' id='par_1_6' title="bbox 327 1109 552 1188">
     <span class='ocr_line' id='line_1_7' title="bbox 327 1109 552 1188; baseline -0.013 -14"><span class='ocrx_word' id='word_1_29' title='bbox 327 1109 552 1188; x_wconf 85' lang='lat' dir='ltr'><strong>Princlpla.</strong></span> 
     </span>
    </p>
   </div>
   <div class='ocr_carea' id='block_1_7' title="bbox 202 1253 1585 2312">
    <p class='ocr_par' dir='ltr' id='par_1_7' title="bbox 204 1253 1584 1600">
     <span class='ocr_line' id='line_1_8' title="bbox 244 1253 1480 1334; baseline 0.003 -18"><span class='ocrx_word' id='word_1_30' title='bbox 244 1258 312 1318; x_wconf 73' lang='lat'><strong>213.</strong></span> <span class='ocrx_word' id='word_1_31' title='bbox 330 1289 369 1298; x_wconf 86' lang='lat'>-</span> <span class='ocrx_word' id='word_1_32' title='bbox 384 1255 407 1315; x_wconf 91' lang='lat'><strong>1.</strong></span> <span class='ocrx_word' id='word_1_33' title='bbox 426 1256 538 1316; x_wconf 84' lang='lat' dir='ltr'><strong>Curam</strong></span> <span class='ocrx_word' id='word_1_34' title='bbox 554 1253 734 1316; x_wconf 77' lang='lat' dir='ltr'><strong>ammarum</strong></span> <span class='ocrx_word' id='word_1_35' title='bbox 749 1254 896 1316; x_wconf 86' lang='lat' dir='ltr'><strong>habentes</strong></span> <span class='ocrx_word' id='word_1_36' title='bbox 911 1260 1055 1317; x_wconf 90' lang='lat' dir='ltr'><strong>tenentur</strong></span> <span class='ocrx_word' id='word_1_37' title='bbox 1069 1254 1127 1316; x_wconf 90' lang='lat' dir='ltr'><strong>sub</strong></span> <span class='ocrx_word' id='word_1_38' title='bbox 1139 1254 1225 1334; x_wconf 81' lang='lat' dir='ltr'><strong>gravi</strong></span> <span class='ocrx_word' id='word_1_39' title='bbox 1239 1253 1410 1334; x_wconf 82' lang='lat' dir='ltr'><strong>exjustitia</strong></span> <span class='ocrx_word' id='word_1_40' title='bbox 1425 1257 1480 1320; x_wconf 87' lang='lat' dir='ltr'><strong>Sa-</strong></span> 
     </span>
     <span class='ocr_line' id='line_1_9' title="bbox 205 1341 1584 1426; baseline 0.003 -22"><span class='ocrx_word' id='word_1_41' title='bbox 205 1347 358 1404; x_wconf 87' lang='lat' dir='ltr'><strong>cramenta</strong></span> <span class='ocrx_word' id='word_1_42' title='bbox 375 1341 553 1404; x_wconf 88' lang='lat' dir='ltr'><strong>ministrare</strong></span> <span class='ocrx_word' id='word_1_43' title='bbox 573 1341 704 1404; x_wconf 85' lang='lat' dir='ltr'><strong>subditis</strong></span> <span class='ocrx_word' id='word_1_44' title='bbox 726 1343 791 1405; x_wconf 88' lang='lat' dir='ltr'><strong>suis</strong></span> <span class='ocrx_word' id='word_1_45' title='bbox 809 1341 1033 1406; x_wconf 82' lang='lat' dir='ltr'><strong>rationabiliter</strong></span> <span class='ocrx_word' id='word_1_46' title='bbox 1053 1342 1241 1423; x_wconf 89' lang='lat' dir='ltr'><strong>petentibus.</strong></span> <span class='ocrx_word' id='word_1_47' title='bbox 1261 1345 1374 1406; x_wconf 85' lang='lat' dir='ltr'><strong>Curam</strong></span> <span class='ocrx_word' id='word_1_48' title='bbox 1391 1341 1481 1408; x_wconf 85' lang='lat' dir='ltr'><strong>enim</strong></span> <span class='ocrx_word' id='word_1_49' title='bbox 1583 1419 1584 1426; x_wconf 8' lang='grc' dir='ltr'>ἵ</span> 
     </span>
     <span class='ocr_line' id='line_1_10' title="bbox 207 1429 1584 1510; baseline -0.002 -19"><span class='ocrx_word' id='word_1_50' title='bbox 207 1430 384 1492; x_wconf 87' lang='lat' dir='ltr'><strong>animarum</strong></span> <span class='ocrx_word' id='word_1_51' title='bbox 406 1429 597 1510; x_wconf 90' lang='lat' dir='ltr'><strong>suscipiendo</strong></span> <span class='ocrx_word' id='word_1_52' title='bbox 617 1433 653 1494; x_wconf 90' lang='lat' dir='ltr'><strong>ad</strong></span> <span class='ocrx_word' id='word_1_53' title='bbox 673 1431 705 1493; x_wconf 92' lang='lat' dir='ltr'><strong>id</strong></span> <span class='ocrx_word' id='word_1_54' title='bbox 724 1450 787 1493; x_wconf 92' lang='lat' dir='ltr'><strong>sese</strong></span> <span class='ocrx_word' id='word_1_55' title='bbox 805 1430 1018 1510; x_wconf 87' lang='lat' dir='ltr'><strong>obligaverunt</strong></span> <span class='ocrx_word' id='word_1_56' title='bbox 1032 1431 1122 1494; x_wconf 90' lang='lat' dir='ltr'><strong>tacito</strong></span> <span class='ocrx_word' id='word_1_57' title='bbox 1137 1437 1294 1494; x_wconf 85' lang='lat' dir='ltr'><strong>contractu</strong></span> <span class='ocrx_word' id='word_1_58' title='bbox 1307 1429 1387 1493; x_wconf 90' lang='lat' dir='ltr'><strong>inito</strong></span> <span class='ocrx_word' id='word_1_59' title='bbox 1403 1449 1481 1494; x_wconf 90' lang='lat' dir='ltr'><strong>cum</strong></span> <span class='ocrx_word' id='word_1_60' title='bbox 1583 1453 1584 1488; x_wconf 70' lang='grc'><strong>1</strong></span> 
     </span>
     <span class='ocr_line' id='line_1_11' title="bbox 204 1517 1584 1600; baseline 0.002 -20"><span class='ocrx_word' id='word_1_61' title='bbox 204 1517 353 1590; x_wconf 91' lang='lat' dir='ltr'><strong>subditis,</strong></span> <span class='ocrx_word' id='word_1_62' title='bbox 367 1518 511 1600; x_wconf 85' lang='lat' dir='ltr'><strong>aquibus</strong></span> <span class='ocrx_word' id='word_1_63' title='bbox 525 1520 782 1582; x_wconf 90' lang='lat' dir='ltr'><strong>sustentationem</strong></span> <span class='ocrx_word' id='word_1_64' title='bbox 796 1525 849 1581; x_wconf 87' lang='lat' dir='ltr'><strong>aut</strong></span> <span class='ocrx_word' id='word_1_65' title='bbox 861 1521 968 1582; x_wconf 89' lang='lat' dir='ltr'><strong>saltem</strong></span> <span class='ocrx_word' id='word_1_66' title='bbox 980 1519 1126 1582; x_wconf 89' lang='lat' dir='ltr'><strong>honorem</strong></span> <span class='ocrx_word' id='word_1_67' title='bbox 1138 1519 1303 1600; x_wconf 88' lang='lat' dir='ltr'><strong>accipiunt.</strong></span> <span class='ocrx_word' id='word_1_68' title='bbox 1583 1535 1584 1560; x_wconf 64' lang='lat'>¹</span> 
     </span>
    </p>

    <p class='ocr_par' dir='ltr' id='par_1_8' title="bbox 202 1607 1585 2042">
     <span class='ocr_line' id='line_1_12' title="bbox 242 1607 1481 1690; baseline 0.004 -23"><span class='ocrx_word' id='word_1_69' title='bbox 242 1609 397 1670; x_wconf 81' lang='lat' dir='ltr'><strong>Tenentur</strong></span> <span class='ocrx_word' id='word_1_70' title='bbox 409 1608 517 1687; x_wconf 90' lang='lat' dir='ltr'><strong>igitur,</strong></span> <span class='ocrx_word' id='word_1_71' title='bbox 530 1607 556 1669; x_wconf 92' lang='lat' dir='ltr'><strong>si</strong></span> <span class='ocrx_word' id='word_1_72' title='bbox 572 1615 660 1688; x_wconf 85' lang='lat' dir='ltr'><strong>urget</strong></span> <span class='ocrx_word' id='word_1_73' title='bbox 670 1626 834 1671; x_wconf 90' lang='lat' dir='ltr'><strong>commune</strong></span> <span class='ocrx_word' id='word_1_74' title='bbox 843 1615 1029 1689; x_wconf 78' lang='lat' dir='ltr'><strong>pracceptum</strong></span> <span class='ocrx_word' id='word_1_75' title='bbox 1042 1608 1095 1670; x_wconf 91' lang='lat' dir='ltr'><strong>illa</strong></span> <span class='ocrx_word' id='word_1_76' title='bbox 1109 1608 1304 1689; x_wconf 87' lang='lat' dir='ltr'><strong>suscipiendi,</strong></span> <span class='ocrx_word' id='word_1_77' title='bbox 1318 1608 1365 1669; x_wconf 87' lang='lat' dir='ltr'><strong>vel</strong></span> <span class='ocrx_word' id='word_1_78' title='bbox 1375 1607 1402 1670; x_wconf 88' lang='lat' dir='ltr'><strong>si</strong></span> <span class='ocrx_word' id='word_1_79' title='bbox 1413 1609 1481 1690; x_wconf 90' lang='lat' dir='ltr'><strong>pri-</strong></span> 
     </span>
     <span class='ocr_line' id='line_1_13' title="bbox 202 1695 1480 1778; baseline 0.004 -23"><span class='ocrx_word' id='word_1_80' title='bbox 202 1701 274 1756; x_wconf 82' lang='lat' dir='ltr'><strong>vata</strong></span> <span class='ocrx_word' id='word_1_81' title='bbox 285 1695 418 1775; x_wconf 89' lang='lat' dir='ltr'><strong>petentis</strong></span> <span class='ocrx_word' id='word_1_82' title='bbox 432 1696 596 1759; x_wconf 86' lang='lat' dir='ltr'><strong>necessitas</strong></span> <span class='ocrx_word' id='word_1_83' title='bbox 606 1697 654 1760; x_wconf 77' lang='lat' dir='ltr'><strong>vel</strong></span> <span class='ocrx_word' id='word_1_84' title='bbox 666 1697 784 1760; x_wconf 88' lang='lat' dir='ltr'><strong>utilitas</strong></span> <span class='ocrx_word' id='word_1_85' title='bbox 794 1696 1094 1760; x_wconf 87' lang='lat' dir='ltr'><strong>administrationem</strong></span> <span class='ocrx_word' id='word_1_86' title='bbox 1108 1696 1213 1776; x_wconf 77' lang='lat' dir='ltr'><strong>exigit,</strong></span> <span class='ocrx_word' id='word_1_87' title='bbox 1224 1715 1253 1758; x_wconf 82' lang='lat' dir='ltr'><strong>v.</strong></span> <span class='ocrx_word' id='word_1_88' title='bbox 1264 1715 1322 1776; x_wconf 75' lang='lat' dir='ltr'><strong>gn,</strong></span> <span class='ocrx_word' id='word_1_89' title='bbox 1334 1695 1361 1758; x_wconf 88' lang='lat' dir='ltr'><strong>si</strong></span> <span class='ocrx_word' id='word_1_90' title='bbox 1369 1703 1480 1778; x_wconf 90' lang='lat' dir='ltr'><strong>petens</strong></span> 
     </span>
     <span class='ocr_line' id='line_1_14' title="bbox 202 1783 1480 1866; baseline 0.005 -21"><span class='ocrx_word' id='word_1_91' title='bbox 202 1783 368 1866; x_wconf 75' lang='lat' dir='ltr'><strong>praevideat</strong></span> <span class='ocrx_word' id='word_1_92' title='bbox 383 1784 506 1866; x_wconf 87' lang='lat' dir='ltr'><strong>aliquod</strong></span> <span class='ocrx_word' id='word_1_93' title='bbox 528 1786 716 1866; x_wconf 88' lang='lat' dir='ltr'><strong>periculum,</strong></span> <span class='ocrx_word' id='word_1_94' title='bbox 733 1787 781 1850; x_wconf 88' lang='lat' dir='ltr'><strong>vel</strong></span> <span class='ocrx_word' id='word_1_95' title='bbox 799 1786 834 1850; x_wconf 91' lang='grc'><strong>11</strong></span> <span class='ocrx_word' id='word_1_96' title='bbox 854 1786 1023 1850; x_wconf 84' lang='lat' dir='ltr'><strong>tentatione</strong></span> <span class='ocrx_word' id='word_1_97' title='bbox 1036 1792 1184 1860; x_wconf 83' lang='lat' dir='ltr'><strong>versetur,</strong></span> <span class='ocrx_word' id='word_1_98' title='bbox 1204 1790 1235 1847; x_wconf 91' lang='lat' dir='ltr'><strong>et</strong></span> <span class='ocrx_word' id='word_1_99' title='bbox 1256 1784 1354 1864; x_wconf 90' lang='lat' dir='ltr'><strong>gratia</strong></span> <span class='ocrx_word' id='word_1_100' title='bbox 1372 1789 1480 1850; x_wconf 87' lang='lat' dir='ltr'><strong>Sacra-</strong></span> 
     </span>
     <span class='ocr_line' id='line_1_15' title="bbox 202 1865 1585 1954; baseline 0.007 -21"><span class='ocrx_word' id='word_1_101' title='bbox 202 1871 299 1934; x_wconf 87' lang='lat' dir='ltr'><strong>menti</strong></span> <span class='ocrx_word' id='word_1_102' title='bbox 318 1872 469 1954; x_wconf 84' lang='lat' dir='ltr'><strong>indigeat,</strong></span> <span class='ocrx_word' id='word_1_103' title='bbox 484 1876 532 1938; x_wconf 88' lang='lat' dir='ltr'><strong>vel</strong></span> <span class='ocrx_word' id='word_1_104' title='bbox 553 1876 580 1938; x_wconf 92' lang='lat' dir='ltr'><strong>si</strong></span> <span class='ocrx_word' id='word_1_105' title='bbox 603 1876 796 1939; x_wconf 88' lang='lat' dir='ltr'><strong>devotionem</strong></span> <span class='ocrx_word' id='word_1_106' title='bbox 817 1875 911 1938; x_wconf 85' lang='lat' dir='ltr'><strong>statui</strong></span> <span class='ocrx_word' id='word_1_107' title='bbox 933 1893 988 1938; x_wconf 86' lang='lat' dir='ltr'><strong>suo</strong></span> <span class='ocrx_word' id='word_1_108' title='bbox 1007 1874 1236 1938; x_wconf 86' lang='lat' dir='ltr'><strong>convenientem</strong></span> <span class='ocrx_word' id='word_1_109' title='bbox 1252 1891 1403 1948; x_wconf 83' lang='lat' dir='ltr'><strong>exercere,</strong></span> <span class='ocrx_word' id='word_1_110' title='bbox 1420 1883 1481 1942; x_wconf 86' lang='lat' dir='ltr'><strong>aut</strong></span> <span class='ocrx_word' id='word_1_111' title='bbox 1584 1865 1585 1906; x_wconf 59' lang='lat'><em>³</em></span> 
     </span>
     <span class='ocr_line' id='line_1_16' title="bbox 203 1961 1585 2042; baseline 0.004 -20"><span class='ocrx_word' id='word_1_112' title='bbox 203 1961 429 2042; x_wconf 88' lang='lat' dir='ltr'><strong>Indulgentiam</strong></span> <span class='ocrx_word' id='word_1_113' title='bbox 442 1964 555 2028; x_wconf 90' lang='lat' dir='ltr'><strong>lucrari</strong></span> <span class='ocrx_word' id='word_1_114' title='bbox 570 1965 659 2039; x_wconf 86' lang='lat' dir='ltr'><strong>velit,</strong></span> <span class='ocrx_word' id='word_1_115' title='bbox 676 1972 732 2028; x_wconf 88' lang='lat' dir='ltr'><strong>etc.</strong></span> <span class='ocrx_word' id='word_1_116' title='bbox 747 1965 936 2028; x_wconf 82' lang='lat' dir='ltr'><strong>-Scaar&#39;ni.</strong></span> <span class='ocrx_word' id='word_1_117' title='bbox 1584 1961 1585 1970; x_wconf 44' lang='lat'><em>³</em></span> 
     </span>
    </p>

    <p class='ocr_par' dir='ltr' id='par_1_9' title="bbox 203 2050 1479 2312">
     <span class='ocr_line' id='line_1_17' title="bbox 241 2050 1479 2117; baseline 0.005 -7"><span class='ocrx_word' id='word_1_118' title='bbox 241 2050 352 2113; x_wconf 81' lang='grc'><strong>1111111</strong></span> <span class='ocrx_word' id='word_1_119' title='bbox 367 2070 473 2114; x_wconf 90' lang='lat' dir='ltr'><strong>curam</strong></span> <span class='ocrx_word' id='word_1_120' title='bbox 493 2053 670 2116; x_wconf 89' lang='lat' dir='ltr'><strong>animarum</strong></span> <span class='ocrx_word' id='word_1_121' title='bbox 691 2071 752 2115; x_wconf 91' lang='lat' dir='ltr'><strong>non</strong></span> <span class='ocrx_word' id='word_1_122' title='bbox 774 2054 920 2117; x_wconf 89' lang='lat' dir='ltr'><strong>habentes</strong></span> <span class='ocrx_word' id='word_1_123' title='bbox 937 2072 999 2116; x_wconf 89' lang='lat' dir='ltr'><strong>non</strong></span> <span class='ocrx_word' id='word_1_124' title='bbox 1016 2060 1161 2116; x_wconf 88' lang='lat' dir='ltr'><strong>tenentur</strong></span> <span class='ocrx_word' id='word_1_125' title='bbox 1174 2052 1347 2114; x_wconf 87' lang='lat' dir='ltr'><strong>ministrare</strong></span> <span class='ocrx_word' id='word_1_126' title='bbox 1365 2055 1479 2116; x_wconf 87' lang='lat' dir='ltr'><strong>Sacra-</strong></span> 
     </span>
     <span class='ocr_line' id='line_1_18' title="bbox 203 2140 1477 2222; baseline 0.005 -22"><span class='ocrx_word' id='word_1_127' title='bbox 203 2145 307 2202; x_wconf 88' lang='lat' dir='ltr'><strong>menta</strong></span> <span class='ocrx_word' id='word_1_128' title='bbox 321 2159 359 2202; x_wconf 79' lang='grc'><strong>01</strong></span> <span class='ocrx_word' id='word_1_129' title='bbox 369 2141 509 2221; x_wconf 86' lang='lat' dir='ltr'><strong>justitia;</strong></span> <span class='ocrx_word' id='word_1_130' title='bbox 523 2141 686 2222; x_wconf 90' lang='lat' dir='ltr'><strong>aliquando</strong></span> <span class='ocrx_word' id='word_1_131' title='bbox 703 2148 808 2204; x_wconf 91' lang='lat' dir='ltr'><strong>tamen</strong></span> <span class='ocrx_word' id='word_1_132' title='bbox 827 2145 969 2205; x_wconf 87' lang='lat' dir='ltr'><strong>tenentur</strong></span> <span class='ocrx_word' id='word_1_133' title='bbox 987 2161 1025 2204; x_wconf 78' lang='lat' dir='ltr'><strong>ex</strong></span> <span class='ocrx_word' id='word_1_134' title='bbox 1045 2141 1194 2216; x_wconf 79' lang='lat' dir='ltr'><strong>Caritate,</strong></span> <span class='ocrx_word' id='word_1_135' title='bbox 1212 2141 1324 2204; x_wconf 88' lang='lat' dir='ltr'><strong>scilicet</strong></span> <span class='ocrx_word' id='word_1_136' title='bbox 1337 2140 1372 2204; x_wconf 93' lang='lat' dir='ltr'><strong>in</strong></span> <span class='ocrx_word' id='word_1_137' title='bbox 1388 2143 1477 2222; x_wconf 84' lang='lat' dir='ltr'><strong>gravi</strong></span> 
     </span>
     <span class='ocr_line' id='line_1_19' title="bbox 205 2228 837 2312; baseline 0.003 -23"><span class='ocrx_word' id='word_1_138' title='bbox 205 2228 337 2307; x_wconf 86' lang='lat' dir='ltr'><strong>proximi</strong></span> <span class='ocrx_word' id='word_1_139' title='bbox 350 2230 537 2292; x_wconf 85' lang='lat' dir='ltr'><strong>necessitate.</strong></span> <span class='ocrx_word' id='word_1_140' title='bbox 551 2265 591 2274; x_wconf 90' lang='lat'>-</span> <span class='ocrx_word' id='word_1_141' title='bbox 602 2229 636 2290; x_wconf 89' lang='lat' dir='ltr'><strong>S.</strong></span> <span class='ocrx_word' id='word_1_142' title='bbox 651 2230 723 2312; x_wconf 72' lang='lat' dir='ltr'><strong>Liq.</strong></span> <span class='ocrx_word' id='word_1_143' title='bbox 739 2251 769 2290; x_wconf 83' lang='lat' dir='ltr'><strong>n.</strong></span> <span class='ocrx_word' id='word_1_144' title='bbox 788 2235 837 2294; x_wconf 77' lang='lat'><strong>58.</strong></span> 
     </span>
    </p>
   </div>
   <div class='ocr_carea' id='block_1_8' title="bbox 322 2382 517 2460">
    <p class='ocr_par' dir='ltr' id='par_1_10' title="bbox 322 2382 517 2460">
     <span class='ocr_line' id='line_1_20' title="bbox 322 2382 517 2460; baseline -0.005 -14"><span class='ocrx_word' id='word_1_145' title='bbox 322 2382 517 2460; x_wconf 84' lang='lat' dir='ltr'><strong>Quaeslta.</strong></span> 
     </span>
    </p>
   </div>
   <div class='ocr_carea' id='block_1_9' title="bbox 239 2517 1303 2605">
    <p class='ocr_par' dir='ltr' id='par_1_11' title="bbox 239 2517 1303 2605">
     <span class='ocr_line' id='line_1_21' title="bbox 239 2517 1303 2605; baseline -0.003 -12"><span class='ocrx_word' id='word_1_146' title='bbox 239 2534 309 2593; x_wconf 66' lang='lat' dir='ltr'><strong>all.</strong></span> <span class='ocrx_word' id='word_1_147' title='bbox 327 2531 480 2605; x_wconf 74' lang='grc'><strong>-11011,</strong></span> <span class='ocrx_word' id='word_1_148' title='bbox 499 2535 529 2593; x_wconf 88' lang='lat' dir='ltr'><strong>l⁰</strong></span> <span class='ocrx_word' id='word_1_149' title='bbox 545 2528 672 2604; x_wconf 71' lang='lat' dir='ltr'><strong>(lainam</strong></span> <span class='ocrx_word' id='word_1_150' title='bbox 686 2517 858 2592; x_wconf 73' lang='lat' dir='ltr'><strong>concedatur</strong></span> <span class='ocrx_word' id='word_1_151' title='bbox 872 2533 1040 2592; x_wconf 80' lang='lat' dir='ltr'><strong>naturarum</strong></span> <span class='ocrx_word' id='word_1_152' title='bbox 1054 2549 1157 2591; x_wconf 84' lang='lat' dir='ltr'><strong>curam</strong></span> <span class='ocrx_word' id='word_1_153' title='bbox 1175 2529 1303 2592; x_wconf 82' lang='lat' dir='ltr'><strong>babere?</strong></span> 
     </span>
    </p>
   </div>
   <div class='ocr_carea' id='block_1_10' title="bbox 239 2616 1587 2701">
    <p class='ocr_par' dir='ltr' id='par_1_12' title="bbox 239 2616 1587 2701">
     <span class='ocr_line' id='line_1_22' title="bbox 239 2616 1587 2701; baseline 0.001 -20"><span class='ocrx_word' id='word_1_154' title='bbox 239 2619 329 2701; x_wconf 82' lang='lat' dir='ltr'><strong>Resp.</strong></span> <span class='ocrx_word' id='word_1_155' title='bbox 345 2639 357 2680; x_wconf 90' lang='lat'><strong>.·</strong></span> <span class='ocrx_word' id='word_1_156' title='bbox 370 2617 395 2680; x_wconf 95' lang='lat' dir='ltr'><strong>li</strong></span> <span class='ocrx_word' id='word_1_157' title='bbox 407 2636 528 2692; x_wconf 89' lang='lat' dir='ltr'><strong>omnes,</strong></span> <span class='ocrx_word' id='word_1_158' title='bbox 544 2616 598 2699; x_wconf 91' lang='lat' dir='ltr'><strong>qui</strong></span> <span class='ocrx_word' id='word_1_159' title='bbox 613 2636 650 2680; x_wconf 86' lang='lat' dir='ltr'><strong>ex</strong></span> <span class='ocrx_word' id='word_1_160' title='bbox 662 2617 772 2692; x_wconf 89' lang='lat' dir='ltr'><strong>officio,</strong></span> <span class='ocrx_word' id='word_1_161' title='bbox 788 2637 841 2682; x_wconf 87' lang='lat' dir='ltr'><strong>seu</strong></span> <span class='ocrx_word' id='word_1_162' title='bbox 856 2618 947 2681; x_wconf 89' lang='lat' dir='ltr'><strong>titulo</strong></span> <span class='ocrx_word' id='word_1_163' title='bbox 959 2619 1081 2699; x_wconf 89' lang='lat' dir='ltr'><strong>speciali</strong></span> <span class='ocrx_word' id='word_1_164' title='bbox 1092 2618 1314 2700; x_wconf 86' lang='lat' dir='ltr'><strong>jurisdictionis</strong></span> <span class='ocrx_word' id='word_1_165' title='bbox 1329 2617 1479 2698; x_wconf 81' lang='lat' dir='ltr'><strong>spiritua·</strong></span> <span class='ocrx_word' id='word_1_166' title='bbox 1586 2625 1587 2672; x_wconf 71' lang='grc'><strong>1</strong></span> 
     </span>
    </p>
   </div>
   <div class='ocr_carea' id='block_1_11' title="bbox 193 2706 1478 4565">
    <p class='ocr_par' dir='ltr' id='par_1_13' title="bbox 199 2706 1478 3144">
     <span class='ocr_line' id='line_1_23' title="bbox 201 2706 1477 2788; baseline 0 -18"><span class='ocrx_word' id='word_1_167' title='bbox 201 2709 239 2770; x_wconf 91' lang='lat' dir='ltr'><strong>lis</strong></span> <span class='ocrx_word' id='word_1_168' title='bbox 254 2715 308 2770; x_wconf 91' lang='lat' dir='ltr'><strong>aut</strong></span> <span class='ocrx_word' id='word_1_169' title='bbox 322 2707 529 2788; x_wconf 86' lang='lat' dir='ltr'><strong>delegationis,</strong></span> <span class='ocrx_word' id='word_1_170' title='bbox 540 2707 676 2788; x_wconf 89' lang='lat' dir='ltr'><strong>aliquam</strong></span> <span class='ocrx_word' id='word_1_171' title='bbox 686 2713 805 2788; x_wconf 89' lang='lat' dir='ltr'><strong>partem</strong></span> <span class='ocrx_word' id='word_1_172' title='bbox 815 2707 903 2770; x_wconf 88' lang='lat' dir='ltr'><strong>ovilis</strong></span> <span class='ocrx_word' id='word_1_173' title='bbox 913 2707 1027 2772; x_wconf 89' lang='lat' dir='ltr'><strong>Christi</strong></span> <span class='ocrx_word' id='word_1_174' title='bbox 1039 2725 1157 2788; x_wconf 87' lang='lat' dir='ltr'><strong>pascere</strong></span> <span class='ocrx_word' id='word_1_175' title='bbox 1168 2725 1222 2770; x_wconf 92' lang='lat' dir='ltr'><strong>seu</strong></span> <span class='ocrx_word' id='word_1_176' title='bbox 1231 2725 1337 2770; x_wconf 86' lang='lat' dir='ltr'><strong>curare</strong></span> <span class='ocrx_word' id='word_1_177' title='bbox 1349 2706 1477 2770; x_wconf 64' lang='lat' dir='ltr'><strong>debent„</strong></span> 
     </span>
     <span class='ocr_line' id='line_1_24' title="bbox 200 2795 1478 2878; baseline 0.001 -22"><span class='ocrx_word' id='word_1_178' title='bbox 200 2797 286 2860; x_wconf 86' lang='lat' dir='ltr'><strong>Tales</strong></span> <span class='ocrx_word' id='word_1_179' title='bbox 300 2795 396 2875; x_wconf 89' lang='lat' dir='ltr'><strong>igitur</strong></span> <span class='ocrx_word' id='word_1_180' title='bbox 410 2802 485 2860; x_wconf 91' lang='lat' dir='ltr'><strong>sunt</strong></span> <span class='ocrx_word' id='word_1_181' title='bbox 495 2796 646 2878; x_wconf 82' lang='lat' dir='ltr'><strong>Episcopi,</strong></span> <span class='ocrx_word' id='word_1_182' title='bbox 659 2797 794 2872; x_wconf 88' lang='lat' dir='ltr'><strong>Parocbi,</strong></span> <span class='ocrx_word' id='word_1_183' title='bbox 807 2803 837 2860; x_wconf 90' lang='lat' dir='ltr'><strong>et</strong></span> <span class='ocrx_word' id='word_1_184' title='bbox 851 2796 1038 2878; x_wconf 83' lang='lat' dir='ltr'><strong>quicumque</strong></span> <span class='ocrx_word' id='word_1_185' title='bbox 1053 2815 1158 2860; x_wconf 87' lang='lat' dir='ltr'><strong>curam</strong></span> <span class='ocrx_word' id='word_1_186' title='bbox 1173 2795 1393 2860; x_wconf 87' lang='lat' dir='ltr'><strong>subsidiariam</strong></span> <span class='ocrx_word' id='word_1_187' title='bbox 1406 2795 1478 2858; x_wconf 84' lang='lat' dir='ltr'><strong>ani-</strong></span> 
     </span>
     <span class='ocr_line' id='line_1_25' title="bbox 202 2884 1478 2966; baseline 0.003 -20"><span class='ocrx_word' id='word_1_188' title='bbox 202 2901 325 2946; x_wconf 91' lang='lat' dir='ltr'><strong>marum</strong></span> <span class='ocrx_word' id='word_1_189' title='bbox 346 2884 460 2948; x_wconf 89' lang='lat' dir='ltr'><strong>babent</strong></span> <span class='ocrx_word' id='word_1_190' title='bbox 479 2905 516 2948; x_wconf 86' lang='lat' dir='ltr'><strong>ox</strong></span> <span class='ocrx_word' id='word_1_191' title='bbox 534 2885 749 2950; x_wconf 83' lang='lat' dir='ltr'><strong>commissione</strong></span> <span class='ocrx_word' id='word_1_192' title='bbox 768 2905 822 2949; x_wconf 90' lang='lat' dir='ltr'><strong>seu</strong></span> <span class='ocrx_word' id='word_1_193' title='bbox 840 2903 968 2948; x_wconf 88' lang='lat' dir='ltr'><strong>munere</strong></span> <span class='ocrx_word' id='word_1_194' title='bbox 986 2884 1121 2966; x_wconf 87' lang='lat' dir='ltr'><strong>publice,</strong></span> <span class='ocrx_word' id='word_1_195' title='bbox 1138 2891 1175 2946; x_wconf 88' lang='lat' dir='ltr'><strong>ut</strong></span> <span class='ocrx_word' id='word_1_196' title='bbox 1191 2892 1266 2948; x_wconf 90' lang='lat' dir='ltr'><strong>sunt</strong></span> <span class='ocrx_word' id='word_1_197' title='bbox 1279 2885 1478 2964; x_wconf 77' lang='lat' dir='ltr'><strong>doadjutores</strong></span> 
     </span>
     <span class='ocr_line' id='line_1_26' title="bbox 199 2972 1477 3055; baseline 0.002 -21"><span class='ocrx_word' id='word_1_198' title='bbox 199 2991 254 3036; x_wconf 90' lang='lat' dir='ltr'><strong>seu</strong></span> <span class='ocrx_word' id='word_1_199' title='bbox 267 2973 382 3036; x_wconf 88' lang='lat' dir='ltr'><strong>Vicarii</strong></span> <span class='ocrx_word' id='word_1_200' title='bbox 396 2975 611 3038; x_wconf 84' lang='lat' dir='ltr'><strong>Parachorum.</strong></span> <span class='ocrx_word' id='word_1_201' title='bbox 628 2977 706 3037; x_wconf 89' lang='lat' dir='ltr'><strong>ltem</strong></span> <span class='ocrx_word' id='word_1_202' title='bbox 722 2979 858 3055; x_wconf 90' lang='lat' dir='ltr'><strong>respectu</strong></span> <span class='ocrx_word' id='word_1_203' title='bbox 875 2972 1074 3054; x_wconf 86' lang='lat' dir='ltr'><strong>Regularium</strong></span> <span class='ocrx_word' id='word_1_204' title='bbox 1092 2973 1212 3037; x_wconf 80' lang='lat' dir='ltr'><strong>Pralati</strong></span> <span class='ocrx_word' id='word_1_205' title='bbox 1229 2991 1282 3036; x_wconf 86' lang='lat' dir='ltr'><strong>seu</strong></span> <span class='ocrx_word' id='word_1_206' title='bbox 1296 2972 1477 3052; x_wconf 83' lang='lat' dir='ltr'><strong>Superiores</strong></span> 
     </span>
     <span class='ocr_line' id='line_1_27' title="bbox 202 3060 625 3144; baseline 0.002 -21"><span class='ocrx_word' id='word_1_207' title='bbox 202 3060 328 3142; x_wconf 89' lang='lat' dir='ltr'><strong>proprii.</strong></span> <span class='ocrx_word' id='word_1_208' title='bbox 343 3062 428 3124; x_wconf 88' lang='lat' dir='ltr'><strong>-S.</strong></span> <span class='ocrx_word' id='word_1_209' title='bbox 441 3063 509 3144; x_wconf 75' lang='lat' dir='ltr'><strong>Liq.</strong></span> <span class='ocrx_word' id='word_1_210' title='bbox 527 3084 558 3124; x_wconf 84' lang='lat' dir='ltr'><strong>c.</strong></span> <span class='ocrx_word' id='word_1_211' title='bbox 575 3069 625 3127; x_wconf 83' lang='lat'><strong>58.</strong></span> 
     </span>
    </p>

    <p class='ocr_par' dir='ltr' id='par_1_14' title="bbox 193 3150 1476 3321">
     <span class='ocr_line' id='line_1_28' title="bbox 238 3150 1476 3227; baseline -0.001 -14"><span class='ocrx_word' id='word_1_212' title='bbox 238 3155 342 3227; x_wconf 68' lang='lat' dir='ltr'><strong>Quae.</strong></span> <span class='ocrx_word' id='word_1_213' title='bbox 360 3155 393 3214; x_wconf 63' lang='grc' dir='ltr'><strong>ΞΟ</strong></span> <span class='ocrx_word' id='word_1_214' title='bbox 407 3153 547 3227; x_wconf 81' lang='lat' dir='ltr'><strong>Quaenam</strong></span> <span class='ocrx_word' id='word_1_215' title='bbox 562 3153 807 3215; x_wconf 72' lang='lat' dir='ltr'><strong>Sacramentum</strong></span> <span class='ocrx_word' id='word_1_216' title='bbox 821 3153 993 3216; x_wconf 77' lang='lat' dir='ltr'><strong>necessitate</strong></span> <span class='ocrx_word' id='word_1_217' title='bbox 1005 3150 1205 3216; x_wconf 80' lang='lat' dir='ltr'><strong>ministranda</strong></span> <span class='ocrx_word' id='word_1_218' title='bbox 1220 3150 1291 3226; x_wconf 83' lang='lat' dir='ltr'><strong>sint,</strong></span> <span class='ocrx_word' id='word_1_219' title='bbox 1305 3153 1396 3215; x_wconf 82' lang='lat' dir='ltr'><strong>ctiam</strong></span> <span class='ocrx_word' id='word_1_220' title='bbox 1405 3169 1476 3212; x_wconf 84' lang='lat' dir='ltr'><strong>cum</strong></span> 
     </span>
     <span class='ocr_line' id='line_1_29' title="bbox 193 3238 1329 3321; baseline -0.001 -20"><span class='ocrx_word' id='word_1_221' title='bbox 193 3239 334 3321; x_wconf 83' lang='lat' dir='ltr'><strong>periculo</strong></span> <span class='ocrx_word' id='word_1_222' title='bbox 349 3242 467 3318; x_wconf 86' lang='lat' dir='ltr'><strong>mortis,</strong></span> <span class='ocrx_word' id='word_1_223' title='bbox 481 3245 543 3303; x_wconf 82' lang='lat' dir='ltr'><strong>aive</strong></span> <span class='ocrx_word' id='word_1_224' title='bbox 554 3241 592 3302; x_wconf 87' lang='grc'><strong>01</strong></span> <span class='ocrx_word' id='word_1_225' title='bbox 607 3241 783 3304; x_wconf 74' lang='lat' dir='ltr'><strong>tacentibus</strong></span> <span class='ocrx_word' id='word_1_226' title='bbox 797 3261 898 3304; x_wconf 86' lang='lat' dir='ltr'><strong>curam</strong></span> <span class='ocrx_word' id='word_1_227' title='bbox 914 3243 1098 3314; x_wconf 84' lang='lat' dir='ltr'><strong>animarum,</strong></span> <span class='ocrx_word' id='word_1_228' title='bbox 1114 3241 1224 3304; x_wconf 78' lang='grc'><strong>1100111</strong></span> <span class='ocrx_word' id='word_1_229' title='bbox 1239 3238 1329 3302; x_wconf 80' lang='lat' dir='ltr'><strong>aliis?</strong></span> 
     </span>
    </p>

    <p class='ocr_par' dir='ltr' id='par_1_15' title="bbox 197 3329 1477 3946">
     <span class='ocr_line' id='line_1_30' title="bbox 239 3329 1476 3412; baseline 0 -21"><span class='ocrx_word' id='word_1_230' title='bbox 239 3329 328 3412; x_wconf 80' lang='lat' dir='ltr'><strong>Reop.</strong></span> <span class='ocrx_word' id='word_1_231' title='bbox 345 3335 397 3392; x_wconf 84' lang='lat' dir='ltr'><strong>l0:</strong></span> <span class='ocrx_word' id='word_1_232' title='bbox 414 3329 472 3404; x_wconf 84' lang='lat' dir='ltr'><strong>Qui</strong></span> <span class='ocrx_word' id='word_1_233' title='bbox 488 3347 594 3392; x_wconf 88' lang='lat' dir='ltr'><strong>curam</strong></span> <span class='ocrx_word' id='word_1_234' title='bbox 613 3330 790 3394; x_wconf 89' lang='lat' dir='ltr'><strong>animarum</strong></span> <span class='ocrx_word' id='word_1_235' title='bbox 810 3350 873 3394; x_wconf 90' lang='lat' dir='ltr'><strong>non</strong></span> <span class='ocrx_word' id='word_1_236' title='bbox 895 3338 1020 3411; x_wconf 87' lang='lat' dir='ltr'><strong>gerunt,</strong></span> <span class='ocrx_word' id='word_1_237' title='bbox 1037 3341 1116 3393; x_wconf 86' lang='lat' dir='ltr'><strong>certo</strong></span> <span class='ocrx_word' id='word_1_238' title='bbox 1134 3336 1279 3392; x_wconf 88' lang='lat' dir='ltr'><strong>tenentur</strong></span> <span class='ocrx_word' id='word_1_239' title='bbox 1293 3334 1420 3392; x_wconf 85' lang='lat' dir='ltr'><strong>tantum</strong></span> <span class='ocrx_word' id='word_1_240' title='bbox 1433 3329 1476 3391; x_wconf 90' lang='lat' dir='ltr'><strong>ad</strong></span> 
     </span>
     <span class='ocr_line' id='line_1_31' title="bbox 197 3416 1477 3499; baseline 0 -19"><span class='ocrx_word' id='word_1_241' title='bbox 197 3417 406 3480; x_wconf 88' lang='lat' dir='ltr'><strong>ministranda</strong></span> <span class='ocrx_word' id='word_1_242' title='bbox 418 3420 611 3482; x_wconf 85' lang='lat' dir='ltr'><strong>Sacramenta</strong></span> <span class='ocrx_word' id='word_1_243' title='bbox 625 3420 762 3482; x_wconf 89' lang='lat' dir='ltr'><strong>absolute</strong></span> <span class='ocrx_word' id='word_1_244' title='bbox 777 3419 944 3484; x_wconf 87' lang='lat' dir='ltr'><strong>necessaria</strong></span> <span class='ocrx_word' id='word_1_245' title='bbox 953 3421 992 3482; x_wconf 95' lang='lat' dir='ltr'><strong>ad</strong></span> <span class='ocrx_word' id='word_1_246' title='bbox 1002 3421 1142 3492; x_wconf 85' lang='lat' dir='ltr'><strong>salutem,</strong></span> <span class='ocrx_word' id='word_1_247' title='bbox 1153 3417 1347 3499; x_wconf 76' lang='lat' dir='ltr'><strong>baptismum</strong></span> <span class='ocrx_word' id='word_1_248' title='bbox 1358 3416 1477 3480; x_wconf 84' lang='lat' dir='ltr'><strong>scilicet</strong></span> 
     </span>
     <span class='ocr_line' id='line_1_32' title="bbox 200 3503 1474 3588; baseline -0.002 -18"><span class='ocrx_word' id='word_1_249' title='bbox 200 3515 231 3570; x_wconf 89' lang='lat' dir='ltr'><strong>et</strong></span> <span class='ocrx_word' id='word_1_250' title='bbox 245 3506 479 3583; x_wconf 73' lang='lat' dir='ltr'><strong>Paenitentiam,</strong></span> <span class='ocrx_word' id='word_1_251' title='bbox 496 3508 543 3571; x_wconf 87' lang='lat' dir='ltr'><strong>vel</strong></span> <span class='ocrx_word' id='word_1_252' title='bbox 558 3510 736 3571; x_wconf 81' lang='lat' dir='ltr'><strong>Extremam</strong></span> <span class='ocrx_word' id='word_1_253' title='bbox 753 3509 945 3582; x_wconf 89' lang='lat' dir='ltr'><strong>Unctionem,</strong></span> <span class='ocrx_word' id='word_1_254' title='bbox 963 3508 1085 3588; x_wconf 92' lang='lat' dir='ltr'><strong>quando</strong></span> <span class='ocrx_word' id='word_1_255' title='bbox 1100 3507 1169 3586; x_wconf 88' lang='lat' dir='ltr'><strong>quis</strong></span> <span class='ocrx_word' id='word_1_256' title='bbox 1181 3505 1266 3568; x_wconf 91' lang='lat' dir='ltr'><strong>nullo</strong></span> <span class='ocrx_word' id='word_1_257' title='bbox 1277 3505 1368 3568; x_wconf 88' lang='lat' dir='ltr'><strong>modo</strong></span> <span class='ocrx_word' id='word_1_258' title='bbox 1379 3503 1474 3568; x_wconf 87' lang='lat' dir='ltr'><strong>coufi-</strong></span> 
     </span>
     <span class='ocr_line' id='line_1_33' title="bbox 199 3593 1474 3678; baseline 0.002 -22"><span class='ocrx_word' id='word_1_259' title='bbox 199 3597 256 3658; x_wconf 89' lang='lat' dir='ltr'><strong>teri</strong></span> <span class='ocrx_word' id='word_1_260' title='bbox 269 3602 370 3678; x_wconf 87' lang='lat' dir='ltr'><strong>queat.</strong></span> <span class='ocrx_word' id='word_1_261' title='bbox 387 3596 476 3660; x_wconf 87' lang='lat' dir='ltr'><strong>Ratio</strong></span> <span class='ocrx_word' id='word_1_262' title='bbox 489 3603 551 3671; x_wconf 89' lang='lat' dir='ltr'><strong>est,</strong></span> <span class='ocrx_word' id='word_1_263' title='bbox 569 3597 642 3678; x_wconf 90' lang='lat' dir='ltr'><strong>quia</strong></span> <span class='ocrx_word' id='word_1_264' title='bbox 659 3615 720 3660; x_wconf 90' lang='lat' dir='ltr'><strong>non</strong></span> <span class='ocrx_word' id='word_1_265' title='bbox 735 3601 878 3660; x_wconf 69' lang='grc'><strong>11101111</strong></span> <span class='ocrx_word' id='word_1_266' title='bbox 892 3597 953 3659; x_wconf 91' lang='lat' dir='ltr'><strong>nisi</strong></span> <span class='ocrx_word' id='word_1_267' title='bbox 968 3615 1006 3660; x_wconf 81' lang='lat' dir='ltr'><strong>ex</strong></span> <span class='ocrx_word' id='word_1_268' title='bbox 1018 3595 1080 3658; x_wconf 86' lang='lat' dir='ltr'><strong>sola</strong></span> <span class='ocrx_word' id='word_1_269' title='bbox 1091 3595 1223 3658; x_wconf 85' lang='lat' dir='ltr'><strong>Caritate</strong></span> <span class='ocrx_word' id='word_1_270' title='bbox 1237 3595 1276 3657; x_wconf 89' lang='lat' dir='ltr'><strong>ad</strong></span> <span class='ocrx_word' id='word_1_271' title='bbox 1288 3593 1474 3658; x_wconf 82' lang='lat' dir='ltr'><strong>subuenien-</strong></span> 
     </span>
     <span class='ocr_line' id='line_1_34' title="bbox 199 3681 1476 3767; baseline 0.002 -22"><span class='ocrx_word' id='word_1_272' title='bbox 199 3683 275 3747; x_wconf 89' lang='lat' dir='ltr'><strong>dum</strong></span> <span class='ocrx_word' id='word_1_273' title='bbox 294 3686 431 3766; x_wconf 82' lang='lat' dir='ltr'><strong>proximo</strong></span> <span class='ocrx_word' id='word_1_274' title='bbox 449 3686 482 3748; x_wconf 91' lang='lat' dir='ltr'><strong>in</strong></span> <span class='ocrx_word' id='word_1_275' title='bbox 506 3686 686 3767; x_wconf 87' lang='lat' dir='ltr'><strong>gravissimo</strong></span> <span class='ocrx_word' id='word_1_276' title='bbox 710 3685 818 3748; x_wconf 83' lang='lat' dir='ltr'><strong>salutis</strong></span> <span class='ocrx_word' id='word_1_277' title='bbox 840 3685 981 3765; x_wconf 90' lang='lat' dir='ltr'><strong>periculo.</strong></span> <span class='ocrx_word' id='word_1_278' title='bbox 1003 3683 1071 3746; x_wconf 89' lang='lat' dir='ltr'><strong>Sola</strong></span> <span class='ocrx_word' id='word_1_279' title='bbox 1094 3689 1199 3745; x_wconf 90' lang='lat' dir='ltr'><strong>autem</strong></span> <span class='ocrx_word' id='word_1_280' title='bbox 1226 3681 1351 3763; x_wconf 76' lang='lat' dir='ltr'><strong>prolata</strong></span> <span class='ocrx_word' id='word_1_281' title='bbox 1373 3699 1476 3748; x_wconf 73' lang='lat' dir='ltr'><strong>sacra-</strong></span> 
     </span>
     <span class='ocr_line' id='line_1_35' title="bbox 200 3769 1475 3853; baseline -0.002 -19"><span class='ocrx_word' id='word_1_282' title='bbox 200 3779 305 3836; x_wconf 85' lang='lat' dir='ltr'><strong>menta</strong></span> <span class='ocrx_word' id='word_1_283' title='bbox 317 3782 392 3838; x_wconf 89' lang='lat' dir='ltr'><strong>sunt</strong></span> <span class='ocrx_word' id='word_1_284' title='bbox 402 3776 441 3838; x_wconf 91' lang='lat' dir='ltr'><strong>ad</strong></span> <span class='ocrx_word' id='word_1_285' title='bbox 453 3776 583 3838; x_wconf 86' lang='lat' dir='ltr'><strong>salutem</strong></span> <span class='ocrx_word' id='word_1_286' title='bbox 596 3776 775 3837; x_wconf 86' lang='lat' dir='ltr'><strong>necessaria.</strong></span> <span class='ocrx_word' id='word_1_287' title='bbox 791 3777 879 3853; x_wconf 86' lang='lat' dir='ltr'><strong>Ergo,</strong></span> <span class='ocrx_word' id='word_1_288' title='bbox 894 3779 950 3836; x_wconf 87' lang='lat' dir='ltr'><strong>etc.</strong></span> <span class='ocrx_word' id='word_1_289' title='bbox 965 3807 1004 3818; x_wconf 89' lang='lat'><strong>--</strong></span> <span class='ocrx_word' id='word_1_290' title='bbox 1017 3772 1068 3833; x_wconf 84' lang='lat' dir='ltr'><strong>Ita</strong></span> <span class='ocrx_word' id='word_1_291' title='bbox 1084 3775 1321 3834; x_wconf 79' lang='lat' dir='ltr'><strong>caramanissime</strong></span> <span class='ocrx_word' id='word_1_292' title='bbox 1341 3769 1475 3853; x_wconf 73' lang='grc' dir='ltr'><strong>1110010ρί</strong></span> 
     </span>
     <span class='ocr_line' id='line_1_36' title="bbox 199 3862 821 3946; baseline 0 -26"><span class='ocrx_word' id='word_1_293' title='bbox 199 3879 265 3921; x_wconf 84' lang='lat' dir='ltr'><strong>cum</strong></span> <span class='ocrx_word' id='word_1_294' title='bbox 281 3862 317 3922; x_wconf 86' lang='lat' dir='ltr'><strong>S.</strong></span> <span class='ocrx_word' id='word_1_295' title='bbox 333 3863 418 3946; x_wconf 68' lang='lat' dir='ltr'><strong>Lep,</strong></span> <span class='ocrx_word' id='word_1_296' title='bbox 435 3884 466 3924; x_wconf 83' lang='grc'><strong>11.</strong></span> <span class='ocrx_word' id='word_1_297' title='bbox 483 3867 537 3939; x_wconf 84' lang='grc'><strong>58,</strong></span> <span class='ocrx_word' id='word_1_298' title='bbox 552 3874 579 3924; x_wconf 83' lang='lat' dir='ltr'><strong>et</strong></span> <span class='ocrx_word' id='word_1_299' title='bbox 596 3862 649 3924; x_wconf 86' lang='grc'><strong>111.</strong></span> <span class='ocrx_word' id='word_1_300' title='bbox 667 3865 707 3937; x_wconf 94' lang='lat' dir='ltr'><strong>ll,</strong></span> <span class='ocrx_word' id='word_1_301' title='bbox 724 3883 755 3922; x_wconf 84' lang='lat' dir='ltr'><strong>n.</strong></span> <span class='ocrx_word' id='word_1_302' title='bbox 772 3865 821 3924; x_wconf 75' lang='lat'><strong>27.</strong></span> 
     </span>
    </p>

    <p class='ocr_par' dir='ltr' id='par_1_16' title="bbox 197 3948 1475 4565">
     <span class='ocr_line' id='line_1_37' title="bbox 239 3948 1474 4032; baseline 0.002 -23"><span class='ocrx_word' id='word_1_303' title='bbox 239 3948 325 4031; x_wconf 79' lang='lat' dir='ltr'><strong>Hesp.</strong></span> <span class='ocrx_word' id='word_1_304' title='bbox 337 3957 370 4013; x_wconf 68' lang='lat'><strong>2⁰</strong></span> <span class='ocrx_word' id='word_1_305' title='bbox 385 3971 393 4014; x_wconf 92' lang='lat'><strong>:</strong></span> <span class='ocrx_word' id='word_1_306' title='bbox 410 3952 513 4015; x_wconf 87' lang='lat' dir='ltr'><strong>Etiam</strong></span> <span class='ocrx_word' id='word_1_307' title='bbox 528 3969 633 4014; x_wconf 88' lang='lat' dir='ltr'><strong>curam</strong></span> <span class='ocrx_word' id='word_1_308' title='bbox 649 3950 825 4014; x_wconf 84' lang='lat' dir='ltr'><strong>animarum</strong></span> <span class='ocrx_word' id='word_1_309' title='bbox 842 3956 979 4029; x_wconf 83' lang='lat' dir='ltr'><strong>gerentes</strong></span> <span class='ocrx_word' id='word_1_310' title='bbox 989 3949 1182 4032; x_wconf 75' lang='lat' dir='ltr'><strong>probabilius</strong></span> <span class='ocrx_word' id='word_1_311' title='bbox 1197 3956 1342 4017; x_wconf 87' lang='lat' dir='ltr'><strong>tenentur</strong></span> <span class='ocrx_word' id='word_1_312' title='bbox 1356 3949 1393 4012; x_wconf 93' lang='lat' dir='ltr'><strong>ad</strong></span> <span class='ocrx_word' id='word_1_313' title='bbox 1409 3949 1474 4012; x_wconf 85' lang='lat' dir='ltr'><strong>sola</strong></span> 
     </span>
     <span class='ocr_line' id='line_1_38' title="bbox 200 4035 1475 4120; baseline 0.002 -22"><span class='ocrx_word' id='word_1_314' title='bbox 200 4035 326 4117; x_wconf 85' lang='lat' dir='ltr'><strong>praefata</strong></span> <span class='ocrx_word' id='word_1_315' title='bbox 340 4041 533 4104; x_wconf 86' lang='lat' dir='ltr'><strong>Sacramenta</strong></span> <span class='ocrx_word' id='word_1_316' title='bbox 548 4059 618 4102; x_wconf 93' lang='lat' dir='ltr'><strong>cum</strong></span> <span class='ocrx_word' id='word_1_317' title='bbox 632 4037 741 4120; x_wconf 90' lang='lat' dir='ltr'><strong>quovis</strong></span> <span class='ocrx_word' id='word_1_318' title='bbox 755 4039 889 4120; x_wconf 88' lang='lat' dir='ltr'><strong>periculo</strong></span> <span class='ocrx_word' id='word_1_319' title='bbox 904 4037 1120 4102; x_wconf 85' lang='lat' dir='ltr'><strong>ministranda.</strong></span> <span class='ocrx_word' id='word_1_320' title='bbox 1135 4037 1224 4102; x_wconf 88' lang='lat' dir='ltr'><strong>Ratio</strong></span> <span class='ocrx_word' id='word_1_321' title='bbox 1242 4044 1303 4114; x_wconf 88' lang='lat' dir='ltr'><strong>est,</strong></span> <span class='ocrx_word' id='word_1_322' title='bbox 1320 4037 1394 4118; x_wconf 88' lang='lat' dir='ltr'><strong>quia</strong></span> <span class='ocrx_word' id='word_1_323' title='bbox 1411 4036 1475 4100; x_wconf 75' lang='lat' dir='ltr'><strong>alla</strong></span> 
     </span>
     <span class='ocr_line' id='line_1_39' title="bbox 199 4125 1474 4208; baseline 0.002 -22"><span class='ocrx_word' id='word_1_324' title='bbox 199 4127 392 4188; x_wconf 85' lang='lat' dir='ltr'><strong>Sacramenta</strong></span> <span class='ocrx_word' id='word_1_325' title='bbox 403 4145 464 4191; x_wconf 91' lang='grc'><strong>101</strong></span> <span class='ocrx_word' id='word_1_326' title='bbox 475 4133 548 4192; x_wconf 87' lang='lat' dir='ltr'><strong>sunt</strong></span> <span class='ocrx_word' id='word_1_327' title='bbox 558 4136 652 4192; x_wconf 76' lang='lat' dir='ltr'><strong>tantae</strong></span> <span class='ocrx_word' id='word_1_328' title='bbox 664 4127 864 4200; x_wconf 66' lang='lat' dir='ltr'><strong>necessitatis</strong></span> <span class='ocrx_word' id='word_1_329' title='bbox 875 4126 991 4208; x_wconf 87' lang='lat' dir='ltr'><strong>utquis</strong></span> <span class='ocrx_word' id='word_1_330' title='bbox 1003 4127 1042 4190; x_wconf 94' lang='lat' dir='ltr'><strong>ad</strong></span> <span class='ocrx_word' id='word_1_331' title='bbox 1052 4127 1104 4189; x_wconf 86' lang='lat' dir='ltr'><strong>ille</strong></span> <span class='ocrx_word' id='word_1_332' title='bbox 1115 4125 1375 4190; x_wconf 75' lang='lat' dir='ltr'><strong>conferendarum</strong></span> <span class='ocrx_word' id='word_1_333' title='bbox 1385 4125 1474 4205; x_wconf 81' lang='lat' dir='ltr'><strong>gruvi</strong></span> 
     </span>
     <span class='ocr_line' id='line_1_40' title="bbox 197 4213 1472 4298; baseline 0.002 -22"><span class='ocrx_word' id='word_1_334' title='bbox 197 4214 270 4276; x_wconf 81' lang='lat' dir='ltr'><strong>vita</strong></span> <span class='ocrx_word' id='word_1_335' title='bbox 288 4213 464 4278; x_wconf 81' lang='lat' dir='ltr'><strong>discrimine</strong></span> <span class='ocrx_word' id='word_1_336' title='bbox 482 4225 634 4282; x_wconf 86' lang='lat' dir='ltr'><strong>teneatur.</strong></span> <span class='ocrx_word' id='word_1_337' title='bbox 647 4254 687 4264; x_wconf 91' lang='lat'>-</span> <span class='ocrx_word' id='word_1_338' title='bbox 699 4216 750 4280; x_wconf 83' lang='lat' dir='ltr'><strong>lta</strong></span> <span class='ocrx_word' id='word_1_339' title='bbox 768 4213 804 4278; x_wconf 88' lang='lat' dir='ltr'><strong>S.</strong></span> <span class='ocrx_word' id='word_1_340' title='bbox 817 4216 902 4298; x_wconf 64' lang='lat' dir='ltr'><strong>Lep,</strong></span> <span class='ocrx_word' id='word_1_341' title='bbox 919 4217 955 4277; x_wconf 88' lang='lat' dir='ltr'><strong>de</strong></span> <span class='ocrx_word' id='word_1_342' title='bbox 972 4216 1005 4277; x_wconf 84' lang='lat' dir='ltr'><em>E</em></span> <span class='ocrx_word' id='word_1_343' title='bbox 1006 4215 1188 4290; x_wconf 75' lang='lat' dir='ltr'><strong>eukaristia,</strong></span> <span class='ocrx_word' id='word_1_344' title='bbox 1204 4237 1235 4277; x_wconf 86' lang='lat' dir='ltr'><strong>n.</strong></span> <span class='ocrx_word' id='word_1_345' title='bbox 1250 4217 1325 4290; x_wconf 70' lang='lat'><strong>233,</strong></span> <span class='ocrx_word' id='word_1_346' title='bbox 1342 4213 1472 4278; x_wconf 71' lang='lat' dir='ltr'><strong>maiam</strong></span> 
     </span>
     <span class='ocr_line' id='line_1_41' title="bbox 198 4300 1469 4388; baseline -0.002 -24"><span class='ocrx_word' id='word_1_347' title='bbox 198 4300 397 4364; x_wconf 85' lang='lat' dir='ltr'><strong>Declaratioui</strong></span> <span class='ocrx_word' id='word_1_348' title='bbox 414 4306 548 4385; x_wconf 84' lang='lat' dir='ltr'><strong>Gregorii</strong></span> <span class='ocrx_word' id='word_1_349' title='bbox 570 4309 636 4372; x_wconf 90' lang='lat' dir='ltr'><strong>XllI</strong></span> <span class='ocrx_word' id='word_1_350' title='bbox 657 4309 712 4388; x_wconf 68' lang='grc'><strong>(11</strong></span> <span class='ocrx_word' id='word_1_351' title='bbox 730 4307 793 4368; x_wconf 85' lang='lat' dir='ltr'><strong>Oct.</strong></span> <span class='ocrx_word' id='word_1_352' title='bbox 814 4305 919 4386; x_wconf 82' lang='grc'><strong>1576),</strong></span> <span class='ocrx_word' id='word_1_353' title='bbox 936 4311 967 4367; x_wconf 89' lang='lat' dir='ltr'><strong>et</strong></span> <span class='ocrx_word' id='word_1_354' title='bbox 984 4303 1059 4367; x_wconf 90' lang='lat' dir='ltr'><strong>item</strong></span> <span class='ocrx_word' id='word_1_355' title='bbox 1078 4303 1279 4366; x_wconf 84' lang='lat' dir='ltr'><strong>Declaratioui</strong></span> <span class='ocrx_word' id='word_1_356' title='bbox 1297 4303 1333 4368; x_wconf 86' lang='lat' dir='ltr'><strong>S.</strong></span> <span class='ocrx_word' id='word_1_357' title='bbox 1353 4301 1469 4384; x_wconf 75' lang='lat' dir='ltr'><strong>Conpr.</strong></span> 
     </span>
     <span class='ocr_line' id='line_1_42' title="bbox 200 4390 1471 4476; baseline 0 -24"><span class='ocrx_word' id='word_1_358' title='bbox 200 4390 327 4462; x_wconf 76' lang='lat' dir='ltr'><strong>Caecilii</strong></span> <span class='ocrx_word' id='word_1_359' title='bbox 343 4390 382 4454; x_wconf 89' lang='lat' dir='ltr'><strong>ab</strong></span> <span class='ocrx_word' id='word_1_360' title='bbox 401 4393 506 4456; x_wconf 91' lang='lat' dir='ltr'><strong>eodem</strong></span> <span class='ocrx_word' id='word_1_361' title='bbox 523 4395 665 4459; x_wconf 85' lang='lat' dir='ltr'><strong>Pontifice</strong></span> <span class='ocrx_word' id='word_1_362' title='bbox 680 4393 861 4476; x_wconf 73' lang='lat' dir='ltr'><strong>approbate.</strong></span> <span class='ocrx_word' id='word_1_363' title='bbox 879 4429 918 4440; x_wconf 85' lang='lat'><strong>-·-</strong></span> <span class='ocrx_word' id='word_1_364' title='bbox 933 4391 1153 4456; x_wconf 85' lang='lat' dir='ltr'><strong>Vcrumtamen</strong></span> <span class='ocrx_word' id='word_1_365' title='bbox 1168 4392 1223 4473; x_wconf 90' lang='lat' dir='ltr'><strong>qui</strong></span> <span class='ocrx_word' id='word_1_366' title='bbox 1237 4398 1349 4472; x_wconf 87' lang='lat' dir='ltr'><strong>gerunt</strong></span> <span class='ocrx_word' id='word_1_367' title='bbox 1359 4407 1471 4454; x_wconf 84' lang='lat' dir='ltr'><strong>curam</strong></span> 
     </span>
     <span class='ocr_line' id='line_1_43' title="bbox 197 4477 1469 4565; baseline -0.002 -21"><span class='ocrx_word' id='word_1_368' title='bbox 197 4479 384 4556; x_wconf 87' lang='lat' dir='ltr'><strong>animamm,</strong></span> <span class='ocrx_word' id='word_1_369' title='bbox 399 4486 544 4546; x_wconf 88' lang='lat' dir='ltr'><strong>tenentur</strong></span> <span class='ocrx_word' id='word_1_370' title='bbox 559 4483 817 4565; x_wconf 80' lang='lat' dir='ltr'><strong>vitam&#39;exponere</strong></span> <span class='ocrx_word' id='word_1_371' title='bbox 831 4501 892 4548; x_wconf 88' lang='lat' dir='ltr'><strong>non</strong></span> <span class='ocrx_word' id='word_1_372' title='bbox 908 4490 1031 4546; x_wconf 84' lang='lat' dir='ltr'><strong>tantmn</strong></span> <span class='ocrx_word' id='word_1_373' title='bbox 1047 4481 1079 4544; x_wconf 93' lang='lat' dir='ltr'><strong>in</strong></span> <span class='ocrx_word' id='word_1_374' title='bbox 1095 4488 1246 4554; x_wconf 82' lang='lat' dir='ltr'><strong>extrema,</strong></span> <span class='ocrx_word' id='word_1_375' title='bbox 1262 4479 1421 4544; x_wconf 86' lang='lat' dir='ltr'><strong>sedetiam</strong></span> <span class='ocrx_word' id='word_1_376' title='bbox 1435 4477 1469 4542; x_wconf 87' lang='lat' dir='ltr'><strong>iu</strong></span> 
     </span>
    </p>
   </div>
   <div class='ocr_carea' id='block_1_12' title="bbox 0 0 1604 5036">
    <p class='ocr_par' dir='ltr' id='par_1_17' title="bbox 0 0 1604 5036">
     <span class='ocr_line' id='line_1_44' title="bbox 0 0 1604 5036; baseline 0 4"><span class='ocrx_word' id='word_1_377' title='bbox 0 0 1604 5036; x_wconf 95' lang='lat' dir='ltr'><strong> </strong></span> 
     </span>
    </p>
   </div>
  </div>
 </body>
</html>
