3180 5040
618 241 660 286 ΒΕ
681 240 856 286 crisonis

728 399 757 457 ll

416 507 455 565 In
469 505 672 564 benectiomtas
686 503 845 580 ellepis-ime
857 506 1071 566 Matrimonia.

140 615 170 671 Si
186 613 250 684 quis
266 611 409 667 Parocbus
423 610 469 668 vol
484 610 559 666 alius
574 609 726 678 Sacerdos,
744 609 805 665 sive
825 609 965 680 regularis
985 611 1047 667 sive
1062 612 1208 670 saecularis
1225 613 1276 684 sit,
1293 615 1379 670 etiam

105 695 129 750 si
153 693 181 748 id
201 691 257 748 sibi
277 708 311 748 ex
331 691 482 766 privilegio
497 690 542 746 vel
563 689 784 746 immemorabili
798 691 1004 747 consuetudine
1024 691 1110 748 licere
1126 693 1290 762 contendat,
1307 693 1380 750 alte-

103 774 165 829 rius
180 771 321 845 parochiae
335 787 455 845 sponsos
471 771 534 826 sine
549 770 664 826 illorum
684 769 802 826 Parocbi
818 769 936 827 licentia
950 771 1131 829 Matrimonii>
1145 776 1316 845 conjungere
1331 777 1380 830 aut

103 852 272 908 benedicere
288 867 376 907 ausus
393 851 496 918 luerit,
513 850 576 922 ipso
588 851 653 920 jure
666 849 775 905 tamdiu
790 865 950 922 suspensus
958 852 1085 920 maneat,
1097 853 1235 924 quamdiu
1249 854 1285 908 ab
1298 853 1381 911 Ordi-

103 933 184 988 nario
199 933 263 1004 ejus
278 931 412 998 Paroebi,
427 931 475 1002 qui
488 929 669 987 Matrimonia
685 929 825 986 interesse
841 929 961 986 debebat
976 947 1028 987 seu
1043 948 1059 987 a
1074 948 1129 1004 quo
1144 933 1306 991 benedictio
1317 950 1381 991 sus-

105 1011 239 1086 cipienda
253 1011 330 1081 erat,
346 1008 520 1068 absolvatur.
719 1089 766 1146 m

508 1185 546 1241 ln
563 1183 729 1258 Episcopos
746 1181 979 1242 incontinentes.

139 1303 291 1378 Episcopi,
314 1305 389 1376 quod
411 1303 501 1373 absit,
524 1303 550 1360 si
573 1303 764 1373 concubinas,
785 1304 835 1359 aut
856 1303 929 1359 alias
955 1302 1091 1359 mulieres
1109 1303 1143 1360 de
1165 1305 1270 1376 quibus
1289 1309 1381 1380 possit

103 1385 204 1442 haberi
221 1385 364 1458 suspicio,
381 1386 410 1440 in
424 1384 507 1440 domo
517 1383 562 1441 vel
572 1385 653 1440 entra
667 1384 830 1452 detineant,
846 1385 896 1440 aut
909 1399 976 1440 cum
990 1384 1027 1440 iis
1040 1383 1131 1440 ullam
1145 1386 1382 1442 consuetudinem

102 1464 243 1534 babeant,
259 1468 288 1522 et
303 1481 320 1521 a
335 1464 443 1538 synodo
457 1464 628 1537 provinciali
641 1463 782 1520 admoniti
798 1479 829 1520 se
844 1479 901 1520 non
912 1464 1140 1534 emendaverint,
1154 1465 1218 1538 ipso
1232 1467 1382 1524 factasunt

104 1545 251 1618 suspensi.

819 1615 906 1688 (Sese.
923 1616 1010 1685 XXV,
1027 1631 1093 1690 cap.
1110 1631 1169 1686 xvv,
1185 1615 1221 1674 dc
1234 1617 1311 1692 Res.)

301 1784 352 1844 lll.
369 1816 409 1827 -
423 1799 580 1844 susannsvo
602 1799 742 1842 annnvm
761 1797 859 1844 nvvna
880 1797 1015 1846 ounmnu
1035 1799 1074 1845 nx
1094 1799 1189 1846 emm

575 1910 729 1971 Romanos
749 1909 910 1991 Pontifex.
955 1939 959 1948 ·

140 2037 222 2094 volo.
237 2037 326 2094 -Ex
340 2037 378 2094 iis
392 2037 422 2093 in
437 2053 508 2110 quos
523 2036 581 2094 lata
596 2037 640 2093 est
651 2039 908 2095 excommunicatio
918 2038 985 2094 latae
999 2037 1150 2095 sententia
1162 2041 1242 2096 Rom.
1252 2039 1383 2098 Pontifici

103 2118 228 2192 speciali
247 2118 330 2174 modo
347 2119 507 2186 reservata,
523 2134 609 2190 quam
623 2135 718 2192 supra
736 2136 768 2174 n.
789 2117 842 2175 999
861 2119 1096 2188 memoravimus,
1114 2120 1139 2175 si
1158 2119 1208 2193 qui
1227 2119 1384 2196 episcopali

103 2199 270 2256 charactere
285 2199 344 2256 siut
360 2197 507 2270 insigniti,
523 2199 553 2254 in
570 2215 683 2271 poenam
700 2199 901 2272 suspensionis
917 2199 953 2256 ab
968 2199 1103 2256 exercitio
1118 2199 1340 2272 pontificalium,
1356 2203 1384 2256 et

104 2279 253 2335 interdicti
271 2279 307 2334 ab
323 2277 456 2350 ingressu
471 2278 602 2335 eeclesia
617 2279 680 2352 ipso
695 2279 784 2348 lacto,
804 2279 914 2351 absque
933 2279 993 2336 ulla
1012 2279 1217 2351 declaratione,
1238 2281 1383 2348 incidunt,

103 2361 133 2416 S.
150 2358 220 2416 Sedi
235 2359 343 2432 pariter
357 2359 478 2432 speciali
492 2359 575 2415 modo
591 2361 775 2416 reservatam.

618 2523 872 2577 APPENDICULA

504 2643 537 2678 ea
554 2643 721 2680 nerosvrvorve
738 2645 770 2680 ar
787 2643 988 2680 naonrnsmonn

147 2745 238 2804 1050.
255 2772 295 2784 -
315 2739 471 2817 Dispositio
493 2743 523 2798 et
545 2740 724 2817 depredatio
745 2744 819 2800 sunt
842 2755 938 2817 poeuae
961 2736 1167 2814 gravissima,
1192 2739 1385 2817 suspensioni

106 2827 196 2888 valde
211 2823 326 2896 affines,
338 2831 369 2883 et
380 2823 439 2902 ipsi
452 2823 618 2884 assimilari
633 2825 741 2896 solent,
758 2823 831 2903 quia
843 2824 920 2885 solos
934 2822 1071 2884 alliciunt
1084 2823 1222 2898 Clericos,
1237 2831 1267 2888 at
1281 2827 1386 2888 ecdem

105 2913 199 2978 modo
213 2909 416 2992 privationem
427 2909 549 2989 jurium
563 2915 594 2972 et
605 2910 823 2974 beneficiorum
837 2910 1107 2976 ecclesiasticorum
1122 2911 1285 2975 inducunt.
1301 2915 1386 2977 Atta-

106 3020 183 3065 men
198 3018 259 3064 non
274 3003 350 3062 sunt
365 2997 484 3079 proprie
498 3015 644 3074 censura,
654 2998 728 3081 quia
740 2999 858 3062 rabone
872 3003 996 3062 tantum
1007 3019 1115 3082 panae,
1129 3018 1191 3064 non
1205 3019 1277 3064 vero
1289 3002 1385 3066 medi-

106 3091 187 3154 cinae
201 3087 396 3166 infliguntur.

151 3175 303 3258 Depositio
318 3181 365 3238 cst
379 3193 469 3257 pana
482 3175 696 3253 ecclesiastica,
713 3197 775 3258 qua
791 3175 924 3240 Clericus
938 3175 1079 3257 privatur
1093 3193 1153 3238 usu
1166 3179 1326 3257 potcstatis
1339 3197 1385 3242 ec-

107 3265 299 3340 clesiasticae,
317 3271 347 3327 et
361 3263 447 3328 omni
466 3264 558 3328 titulo
573 3265 696 3330 radicati
710 3267 748 3329 ab
763 3285 830 3330 eam
844 3265 1058 3338 exercendam,
1076 3281 1193 3326 necnon
1214 3265 1300 3328 omni
1316 3269 1386 3347 jure

106 3357 147 3420 ad
162 3353 310 3418 beneficia
321 3353 420 3417 valide
435 3354 626 3434 possidenda,
644 3353 735 3437 idque
747 3355 781 3418 in
793 3361 986 3436 perpetuum.
1003 3357 1058 3418 Est
1071 3351 1169 3433 igitur
1175 3373 1237 3436 pen
1250 3374 1282 3417 sc
1297 3373 1387 3438 poena

106 3443 342 3508 irremissibilis.
358 3477 399 3488 -
420 3443 491 3504 Vide
504 3443 542 3506 S.
557 3443 641 3526 Lip,
658 3464 689 3506 n.
706 3448 766 3508 aab
780 3455 882 3526 etseq.

150 3531 331 3612 Degradatio
345 3538 392 3595 est
411 3531 555 3595 solemnis
575 3532 707 3614 privatio
731 3533 873 3596 omnium
890 3531 1069 3606 titulorum,
1083 3530 1249 3605 bonorum,
1266 3531 1387 3612 privile-

107 3621 248 3702 gionun,
269 3624 299 3682 et
316 3621 468 3684 bonorum
489 3621 775 3699 ecclesiasticorum,
792 3621 835 3684 ita
858 3629 895 3684 ut
912 3621 1108 3702 degradatus,
1126 3620 1188 3682 solo
1208 3626 1388 3683 remanente

107 3709 235 3773 Ordinis
247 3709 418 3774 charactere
430 3710 601 3786 indelebili,
618 3712 656 3775 ad
674 3710 881 3775 conditionem
898 3709 1034 3773 laicalem
1049 3709 1220 3772 reducatur.
1237 3707 1315 3770 llinc
1325 3709 1386 3771 dii-

107 3800 167 3861 fert
182 3817 200 3860 a
214 3797 414 3880 depositione,
434 3805 465 3862 ιο
482 3799 556 3882 quia
570 3800 745 3880 degradatio
763 3807 809 3864 est
828 3797 972 3864 solemnis
986 3797 1117 3880 privatio
1129 3798 1282 3860 bonorum
1296 3798 1386 3860 eccle·

108 3887 322 3962 siasticorum,
339 3887 487 3969 depositio
506 3894 612 3952 antem
633 3907 696 3952 non
715 3888 774 3968 ita,
794 3893 825 3952 2⁰
841 3888 915 3970 quia
939 3887 1112 3968 degradatio
1135 3885 1238 3967 privat
1257 3894 1389 3967 utroque

107 3973 270 4057 privilegio
283 3976 426 4050 clericali,
445 3976 558 4040 scilicet
572 3977 696 4042 canonis
717 3983 749 4041 et
770 3978 843 4053 lori,
859 3976 1006 4060 depositio
1027 3983 1131 4038 autern
1148 3973 1199 4037 bis
1219 3973 1387 4056 privilegiis

107 4082 174 4126 non
193 4064 303 4145 privat.
321 4065 399 4126 Hinc
413 4066 586 4145 percutiens
601 4067 772 4147 depositum
793 4067 929 4130 incurret
945 4062 1307 4139 excommunicationem,
1323 4082 1388 4128 non

109 4169 183 4214 vero
198 4153 223 4214 si
237 4153 271 4214 in
285 4153 485 4233 degradatum
499 4154 648 4218 violentas
662 4174 774 4218 manus
788 4155 922 4237 injiciat;
937 4153 1043 4217 alaioo
1056 4151 1140 4215 enim
1155 4169 1218 4215 non
1230 4151 1344 4215 differt.

152 4240 331 4320 Degradatio
345 4259 407 4303 non
421 4248 522 4322 potest
535 4243 650 4323 infligi,
667 4241 729 4306 nisi
743 4262 797 4323 pro
814 4243 1005 4306 immanibus
1021 4239 1198 4315 sceleribus,
1213 4237 1388 4320 oijnsmodi

110 4333 187 4392 sunt
199 4329 316 4392 crimen
327 4330 451 4393 haeresis
463 4331 674 4409 manifestum,
688 4331 858 4396 falsificatio
871 4331 1060 4395 Litterarum
1073 4329 1328 4410 Apustoboarum,
1340 4346 1386 4391 so-

109 4417 616 4594 domgadgrgqulerlsqtatgbeltlnotcria,
633 4421 816 4506 gravissima
828 4421 984 4488 calumnia
998 4419 1143 4502 Episcopo
1151 4415 1309 4500 ‚apposita
1325 4420 1384 4481 etc-
