3206 5042
202 319 271 378 408
738 320 944 366 reserares

244 442 322 503 Hinc
345 439 439 501 etiam
459 443 597 518 apparet,
620 451 779 497 censuram
801 449 864 492 non
884 431 1028 510 perpetuo
1045 429 1175 505 durare,
1193 434 1246 495 sed
1265 433 1361 497 finem
1382 441 1495 502 sortiri

205 548 275 593 eum
288 527 493 608 delinquentis
508 524 733 597 emendatione;
752 529 826 584 tunc
839 519 923 582 enim
938 517 1015 580 solvi
1030 519 1185 582 avinculo
1200 539 1338 586 censurae
1352 526 1460 590 debet.

243 620 405 700 suspensio
428 622 459 678 et
479 615 674 676 interdictum
693 611 782 673 modo
800 628 946 674 censurae,
970 607 1060 668 modo
1077 625 1177 687 poenae
1196 611 1408 692 vindicatioae,
1434 636 1493 679 na·
1591 656 1592 673 l

205 716 308 770 turam
322 707 469 768 induunt.
487 703 647 784 Dignosaes
661 705 764 763 autem
779 716 842 760 esse
855 714 979 777 poenam
994 695 1229 774 vindicatiram
1246 707 1315 762 tum
1331 703 1357 764 si
1370 702 1493 768 feratur
1591 690 1592 759 ἶ

205 799 326 876 propter
344 794 489 856 delictum
510 810 593 852 mere
614 788 824 870 preteritum,
846 789 912 847 tum
935 784 963 846 si
982 783 1144 864 infligatur
1166 786 1201 848 in
1226 798 1410 870 perpetuum
1433 799 1492 857 aut

205 884 298 946 etiarn
322 885 359 946 acl
379 886 499 962 tempus
522 878 778 950 determinatum,
794 880 870 955 puta
890 891 945 954 pro
968 873 1089 936 duobus
1112 873 1160 936 rel
1180 876 1281 940 tribus
1307 881 1488 954 mensibus;

205 973 270 1035 liaeo
291 972 375 1034 enim
397 977 477 1032 certo
499 972 572 1030 suut
591 965 704 1027 indicio
719 983 782 1026 non
800 963 844 1024 rei
860 961 1121 1036 emendationem,
1137 964 1190 1024 sed
1210 968 1276 1044 ejus
1290 967 1489 1045 punitionem

205 1061 336 1122 intendi.

582 1184 626 1251 ll.
641 1221 685 1232 -
708 1182 837 1250 Divisio
857 1201 1098 1250 censurarum.

248 1388 318 1446 933.
334 1419 374 1428 -
391 1381 489 1444 Variae
504 1379 752 1457 distinguuntur,
770 1374 899 1438 scilicet:

249 1478 280 1533 1⁰
301 1467 605 1543 Eacorrcmunicctio,
630 1466 787 1545 suspensio
794 1511 803 1542 ,
836 1461 1045 1542 interdictum,
1071 1463 1107 1526 de
1128 1461 1240 1542 quibus
1258 1463 1409 1543 speciatim
1432 1466 1485 1526 di-

209 1579 322 1622 cemus.

249 1654 282 1710 2⁰
306 1649 449 1710 Censura
476 1645 560 1723 tata,
582 1644 630 1707 rel
654 1643 788 1724 ferendae
811 1643 979 1719 sententia,
1004 1647 1096 1722 prout
1118 1639 1251 1721 Superior
1275 1639 1397 1715 statuit,
1425 1661 1483 1705 eas

209 1738 408 1800 incurrendae
427 1754 491 1796 osse
510 1734 575 1814 ipso
599 1733 691 1806 facto,
715 1749 775 1812 quo
796 1731 866 1812 quis
885 1732 983 1810 legem
1005 1729 1180 1804 violaverit,
1205 1729 1251 1791 rel
1269 1735 1389 1792 tantum
1407 1737 1485 1811 post

211 1826 396 1888 sententiam
408 1823 521 1905 judicis
532 1821 724 1884 ecclesiastici
736 1820 917 1900 infligendas
931 1839 1007 1882 esse.

253 1920 283 1978 3⁰
301 1915 441 1978 Censura
461 1911 529 1974 tota
544 1933 562 1971 a
575 1912 651 1993 jure
666 1911 713 1972 vel
735 1909 923 1986 abdomine,
945 1913 1036 1988 prout
1057 1907 1200 1970 feruntur
1215 1925 1268 1988 per
1286 1925 1414 1970 canones
1431 1913 1485 1970 aut

212 2010 329 2068 statuta
348 2001 561 2075 ecelesiastica,
579 2018 632 2062 seu
655 2018 709 2080 per
727 1999 822 2078 legem
844 1997 985 2060 stabilem
1005 2015 1039 2059 ac
1057 2003 1306 2077 permanentem;
1321 1998 1369 2060 vel
1385 2016 1400 2059 e
1414 2015 1484 2059 con-

210 2094 321 2166 trario,
336 2112 390 2174 per
405 2091 589 2154 sententiam
604 2088 739 2168 aliquam
750 2086 962 2168 judiciariam,
980 2093 1035 2148 aut
1052 2086 1237 2149 mandatum
1254 2085 1481 2158 transitorium,

211 2181 274 2242 sire
299 2181 332 2241 iu
357 2197 456 2242 unum
481 2177 595 2242 sivein
614 2179 726 2258 plures.
744 2178 813 2238 Hac
837 2175 863 2237 si
886 2173 999 2237 afficiat
1016 2191 1160 2254 personas
1183 2175 1412 2246 determinatae,
1436 2179 1484 2235 est

207 2269 430 2352 particularis;
452 2268 479 2331 si
507 2286 577 2331 vero
604 2265 784 2346 generaliter
807 2271 837 2327 et
858 2264 973 2343 absque
1007 2263 1263 2325 determinatione
1288 2281 1484 2343 personarum

210 2358 337 2434 feratur,
360 2357 510 2440 pancratis
535 2361 592 2418 est.
608 2391 647 2400 -
662 2358 797 2417 Censura
815 2354 877 2415 lata
896 2355 997 2432 ojure
1009 2359 1077 2432 post
1092 2359 1222 2414 mortem
1242 2352 1391 2425 auctoris,
1407 2350 1487 2412 sicut

211 2454 326 2507 caeterae
342 2447 419 2524 leges
437 2463 558 2516 omnes,
576 2450 763 2521 perseverat;
780 2443 842 2504 lata
863 2441 901 2502 ob
921 2442 1056 2520 domine,
1081 2447 1199 2502 mortuo
1217 2447 1353 2515 auctore,
1371 2446 1483 2514 cessat,

212 2540 364 2612 quatenus
379 2531 511 2610 amplius
526 2530 642 2592 incurri
654 2531 772 2611 nequit.

252 2625 286 2682 -l0
303 2619 442 2682 Censura
459 2629 633 2696 reservatae,
653 2620 701 2682 rel
715 2640 776 2680 non
792 2632 964 2698 reseruata,
982 2625 1071 2700 prout
1089 2617 1227 2696 Superior
1241 2633 1345 2676 aarum
1358 2615 1487 2677 absolu-

212 2710 329 2773 tionem
344 2708 403 2771 sihi
423 2707 604 2782 reservavit,
622 2709 669 2770 vel
686 2709 851 2772 ordinariis
875 2709 1029 2771 ministris
1045 2706 1079 2769 ab
1103 2703 1140 2766 iis
1159 2702 1308 2765 absolvere
1322 2701 1479 2780 permisit.

214 2799 290 2861 alia
306 2804 408 2861 autem
424 2803 497 2861 suut
509 2800 597 2878 Papae
612 2806 784 2872 reservatae,
802 2799 868 2862 aliae
883 2797 1051 2878 Episcopis.
1067 2793 1205 2858 Censura
1219 2791 1255 2852 ab
1271 2790 1390 2851 lorraine
1405 2808 1485 2851 sem-

214 2907 266 2967 por
281 2896 440 2951 reservata
453 2893 624 2959 censentur,
641 2887 703 2950 nisi
717 2906 770 2967 per
785 2887 970 2950 sententiam
986 2883 1155 2966 generalem
1166 2882 1232 2943 lata
1246 2879 1321 2941 siut.

254 2983 287 3039 5⁰
303 2977 327 3038 C
328 2995 446 3038 erisnroe
462 2979 605 3052 notoriae,
624 2976 672 3038 vel
691 2976 834 3052 occultae,
851 2983 941 3056 prout
961 2974 1081 3054 publice
1095 2973 1212 3035 constat
1226 2968 1359 3048 aliquem
1374 2985 1423 3029 eas
1435 2965 1484 3028 in-

215 3065 345 3128 currisse
359 3065 396 3126 ob
412 3065 542 3136 laetum,
559 3065 641 3144 quod
656 3071 702 3126 est
716 3065 760 3127 ita
774 3065 946 3144 cognitum,
965 3069 1000 3124 ut
1011 3067 1077 3143 jain
1092 3059 1181 3124 celari
1195 3057 1327 3138 amplius
1342 3059 1482 3136 nequeat;

214 3155 370 3216 velserus
785 3171 787 3176 ·

256 3247 289 3304 6⁰
310 3242 453 3306 Censura
473 3244 584 3326 justoe,
609 3244 656 3304 rel
680 3245 823 3323 iujustoe;
845 3241 969 3318 validm,
989 3241 1037 3302 vel
1057 3237 1218 3314 inualidoe;
1238 3241 1330 3320 prput
1348 3230 1485 3312 Superior

213 3331 360 3411 justitie,
376 3331 498 3396 veritati
513 3339 543 3394 et
557 3332 614 3411 legi
630 3331 830 3404 consuluerit,
848 3349 956 3404 necne,
974 3328 1008 3390 in
1022 3345 1151 3390 corisum
1165 3323 1355 3406 imponenda.

542 3536 604 3603 lll.
621 3575 665 3585 -
689 3536 904 3601 Condiciones
923 3551 1165 3600 censurarum.

258 3717 328 3777 93t.
345 3749 383 3760 -
399 3714 578 3794 Requiritur
590 3715 629 3775 ad
642 3731 777 3776 sensura
791 3713 997 3784 validitatem,
1014 3715 1239 3789 mpetratum,
1256 3702 1306 3766 aui
1325 3698 1484 3779 infligitur.

218 3801 258 3862 sit
274 3801 415 3879 mortale,
433 3810 610 3878 externum,
628 3808 892 3876 consummatum,
910 3819 971 3862 non
994 3817 1076 3860 mere
1094 3795 1301 3876 praeteritum,
1318 3796 1349 3851 et
1365 3789 1487 3868 conjun-

217 3896 302 3952 ctum
317 3911 387 3954 eum
403 3892 603 3957 contumacia.

257 3993 290 4048 10
302 3990 450 4071 Mortale,
465 3992 513 4054 rel
527 3991 642 4053 ratione
657 3989 723 4064 sui,
740 3991 787 4052 rel
802 3989 919 4052 ratione
931 3987 1060 4066 alicujus
1070 3985 1222 4064 adjuncta
1237 3972 1486 4040 circumstantiae.

215 4081 291 4154 puta
314 4082 460 4156 scandali,
488 4079 630 4162 periculi,
647 4085 700 4142 aut
724 4079 795 4141 finis
816 4077 948 4156 graviter
972 4095 989 4136 a
1011 4072 1181 4153 legislatore
1206 4066 1338 4140 intenti;
1366 4077 1489 4126 censura

217 4160 315 4240 essim,
333 4182 402 4226 cum
416 4169 458 4230 sit
471 4189 560 4250 poena
575 4168 770 4250 gravissima,
788 4166 946 4229 mortalem
962 4163 1083 4243 culpam
1098 4156 1239 4240 requirit.

258 4257 289 4316 2⁰
310 4254 501 4336 Ecetranum·
524 4277 597 4322 nam
621 4257 753 4320 Ecclesia
772 4257 889 4336 judicat
910 4255 945 4318 in
963 4253 1026 4316 foro
1045 4255 1186 4322 externo,
1203 4247 1242 4308 ad
1256 4245 1339 4326 quod
1359 4254 1490 4304 censura

218 4345 389 4422 pertinent,
402 4365 465 4410 non
479 4367 549 4412 vero
563 4350 599 4410 de
613 4366 695 4410 mere
709 4346 852 4408 internis.
1196 4408 1199 4414 A

258 4438 290 4494 3⁰
309 4435 556 4498 Consrunmntum
576 4458 680 4520 opere,
698 4453 752 4498 seu
766 4435 950 4515 completum
970 4433 1003 4494 in
1021 4447 1129 4510 genere
1144 4444 1217 4499 sim,
1233 4421 1409 4486 secundum
1427 4431 1493 4496 pli}

217 4519 378 4597 prietatem
392 4527 555 4589 verborum
577 4545 644 4606 quae
668 4526 700 4586 in
720 4530 865 4606 praecepto
885 4543 938 4586 seu
952 4523 1015 4602 lege
1034 4518 1243 4586 continentur,
1265 4511 1298 4573 id
1314 4513 1378 4580 est,
1402 4509 1494 4587 prout

220 4603 372 4686 legislator
392 4612 469 4675 illud
491 4613 625 4676 intendit
647 4614 703 4675 sub
726 4632 853 4676 censura
870 4610 1044 4693 prohihere;
1067 4605 1141 4690 quia
1164 4605 1243 4684 leges
1262 4596 1399 4681 poenales
1421 4595 1494 4654 sunt
