3220 5042
488 157 531 238 un
552 192 788 242 sncnnunnro
809 191 1046 236 rmurrnurrn
1335 177 1407 236 245

168 304 275 367 ,iliam
288 309 391 364 tamen
407 303 588 365 sententiam
601 301 740 382 sequitur
751 301 786 363 S.
802 298 898 382 Alplz.
913 300 1093 380 precedenti
1105 301 1191 362 valde
1203 299 1339 376 affinem,
1354 304 1405 364 sed

118 393 232 473 nangis
246 391 430 466 restrictam,
445 410 514 472 qua
528 393 613 454 docet
626 391 747 453 licitum
760 390 885 471 quidem
898 409 961 452 esse
976 388 1154 451 ministrare
1167 389 1223 452 hoc
1235 391 1406 452 Sacramen-

119 489 202 545 tum
212 479 404 544 Poenitentiae
414 498 484 542 cum
496 479 709 560 jurisdictione
720 478 880 559 probabili,
891 479 943 540 sed
952 476 1077 540 nonnisi
1087 477 1209 557 quando
1221 477 1306 540 adest
1315 497 1405 540 cansa

119 570 235 651 gravm
247 569 446 642 necessitatis,
460 576 516 631 aut
528 586 647 650 magnae
660 567 818 640 utilitatis,
835 573 871 630 ut
883 566 972 630 aiunt
985 566 1018 628 E
1022 565 1081 627 llel
1096 573 1126 628 et
1147 565 1241 646 Wip,
1254 567 1302 628 vel
1315 585 1405 629 carisa

121 658 559 738 rationabilia,11tinquiunt
580 658 695 720 Suarcz
713 661 743 718 et
761 655 884 738 Sporer.
904 655 993 720 Ratio
1012 655 1105 736 hujus
1126 654 1320 717 limitationis
1341 663 1402 730 est,

119 748 206 828 quia
223 747 294 809 licet
313 747 445 808 Ecclesia
459 765 492 809 eo
508 765 579 809 casu
599 747 637 809 ob
658 745 775 809 bonum
794 745 972 807 animarum
986 745 1063 806 bene
1076 744 1191 806 censeri
1205 743 1299 823 possit
1309 745 1404 825 J'uris-

119 836 296 898 dictionem
317 835 470 916 supplere,
487 841 592 897 tamen
615 853 678 898 non
703 834 912 914 presumitur,
929 833 1014 895 ncilla
1024 834 1110 914 Justa
1126 851 1216 895 causa
1230 833 1401 906 accedente,

118 926 206 988 velle
221 924 381 988 connivere
395 942 485 986 mera
500 924 637 986 libertati
652 924 857 985 Sacerdotum.

165 1027 242 1086 550.
254 1057 295 1066 -
313 1022 413 1097 Qann.
431 1023 464 1084 5⁰
483 1019 531 1081 An
558 1019 695 1081 Vicarius
711 1019 864 1101 pancratis
882 1019 993 1080 lubeat
1009 1009 1258 1099 jurisdictionem
1280 1019 1404 1081 ordina-

117 1112 227 1186 riam,
244 1114 288 1172 ita
302 1119 336 1170 at
347 1111 443 1192 possit
454 1110 531 1172 alios
546 1109 684 1191 deleqare
696 1107 737 1170 ad
748 1109 821 1189 cans
820 1111 945 1170 essiones
958 1107 1144 1170 audiendas?

167 1207 262 1288 Besp.
278 1228 291 1269 .·
305 1206 463 1268 Sententia
474 1205 667 1268 communior
686 1209 716 1267 et
733 1223 804 1266 vera
821 1204 962 1286 affirmat
978 1211 1082 1266 contra
1095 1223 1217 1285 pancos.
1237 1204 1326 1269 Ratio
1340 1213 1400 1280 est,

117 1296 204 1375 quia
219 1295 358 1358 Vicarius
374 1295 539 1375 generalia,
553 1294 622 1356 licet
641 1294 679 1356 ab
701 1293 846 1375 Episcopo
867 1293 1062 1368 nominatus,
1076 1291 1322 1374 jurisdictionem
1341 1312 1403 1356 non

117 1383 222 1446 habet
238 1384 277 1447 ab
294 1383 440 1464 Episcopo
451 1383 533 1464 ipso,
550 1384 633 1445 seda
648 1401 776 1456 canone,
793 1401 854 1463 quo
868 1382 1046 1457 declaratur,
1063 1399 1134 1443 eum
1153 1381 1228 1462 quid
1243 1399 1343 1443 unum
1359 1381 1401 1442 sa-

117 1491 195 1534 cere
209 1491 281 1535 cum
295 1473 449 1552 Episcopo.
466 1508 507 1518 -
525 1472 550 1534 S
555 1521 560 1532 .
574 1472 643 1554 Lip.
656 1491 687 1532 n.
702 1475 773 1535 558.

164 1571 270 1644 (lanu.
288 1575 320 1633 6ο
333 1569 382 1628 An
398 1569 532 1632 haretici
545 1577 574 1630 et
590 1571 839 1630 excommunicati
852 1567 974 1629 vitandi
988 1567 1087 1628 valide
1098 1565 1258 1629 absolvant
1273 1569 1304 1627 in
1316 1572 1402 1649 peri-

118 1657 197 1719 culo
212 1659 332 1728 mortis,
350 1657 506 1738 deficiente
521 1657 584 1718 olla
601 1655 786 1718 Sacerdote?

165 1753 260 1834 Resp.
280 1751 405 1832 Affima.
420 1753 510 1817 Ratio
523 1759 580 1825 est,
597 1751 670 1832 quia
681 1770 786 1813 omncs
800 1753 983 1826 Sacerdotes,
995 1753 1085 1831 juxta
1098 1751 1179 1812 dicta
1192 1750 1226 1811 in
1238 1751 1336 1813 Princ.
1349 1755 1399 1826 IV,

119 1845 261 1920 possunt
281 1839 434 1901 absolvere
455 1839 488 1900 in
512 1838 640 1903 articulo
661 1839 785 1913 mortis,
806 1845 843 1900 ut
860 1845 977 1901 constat
996 1858 1034 1900 ex
1053 1838 1205 1913 Trident,
1227 1857 1300 1900 sess.
1321 1840 1399 1914 Xlll,

118 1947 195 2008 cap.
213 1947 268 2002 vu,
287 1931 374 2009 cujus
388 1928 452 1990 hac
465 1934 538 1991 sunt
550 1929 641 1990 verba
654 1947 660 1989 :
675 1928 730 1989 Pie
744 1927 913 2002 admodum,
928 1947 964 1988 ne
977 1929 1033 1988 ltac
1045 1929 1111 2008 ipso
1126 1927 1277 1988 occasione
1290 1925 1402 2015 aliquis

111 2025 242 2097 pereat,
258 2017 290 2076 in
304 2015 404 2078 cadem
414 2016 554 2078 Ecclesia
565 2017 624 2078 Del
637 2016 813 2078 custoditam
825 2035 940 2098 semper
951 2016 1023 2096 snit,
1039 2014 1173 2076 utnulla
1187 2018 1227 2075 sit
1238 2019 1400 2077 reservatio

118 2107 154 2166 in
171 2105 303 2166 articulo
321 2106 423 2167 martc's
433 2126 446 2167 .·
461 2115 551 2187 atque
567 2106 632 2166 ideo
646 2125 745 2166 omncs
758 2104 934 2167 Sacerdotes
948 2104 1095 2184 quoslibet
1102 2104 1285 2186 paenitentes
1300 2125 1319 2164 a
1334 2109 1400 2186 qni-

118 2195 226 2255 basais
236 2195 371 2276 peccatis
385 2205 415 2256 et
429 2195 560 2256 censuris
573 2194 725 2256 absolvere
735 2203 868 2276 poscant.
883 2229 923 2237 -
946 2193 1017 2255 Vide
1033 2193 1070 2256 S.
1086 2193 1169 2274 Lep,
1187 2214 1218 2253 n.
1233 2197 1292 2256 660
1306 2199 1336 2255 et
1348 2214 1397 2276 qq.

117 2292 250 2346 retract.
268 2287 368 2345 arser.
386 2303 417 2344 n.
435 2287 484 2346 la.

164 2381 237 2442 55l.
253 2415 293 2424 -
308 2382 409 2457 Qatnu.
427 2385 459 2442 7⁰
476 2380 527 2441 An
549 2378 675 2461 simplex
693 2379 841 2441 Sacerdos
856 2379 954 2461 possit
973 2377 1125 2440 absolvere
1143 2397 1203 2438 non
1224 2386 1342 2440 tantum
1368 2383 1400 2439 in

118 2468 258 2529 articulo
265 2515 275 2546 ,
289 2467 342 2530 secl
356 2470 444 2530 etiam
460 2472 493 2528 in
503 2467 640 2550 periculo
654 2469 780 2530 mortis?

163 2565 257 2646 Besp.
271 2564 297 2624 Α
300 2567 389 2646 ffirm.
403 2565 493 2629 Ratio
508 2571 564 2641 est,
581 2565 655 2645 quia
669 2565 774 2627 eadem
788 2563 848 2627 fere
861 2571 908 2627 est
921 2563 1102 2645 paenitentis
1121 2563 1284 2627 necessitas
1300 2563 1333 2626 in
1349 2583 1400 2645 pe-

120 2653 242 2727 ricula,
259 2659 350 2732 atque
369 2653 402 2715 in
424 2653 551 2716 articulo
570 2653 691 2716 mortis.
712 2653 844 2715 Aliunde
866 2659 986 2716 constat
1009 2673 1047 2715 ex
1070 2655 1143 2714 lure
1164 2653 1323 2728 canonico,
1347 2673 1399 2732 pro

118 2742 233 2804 eodem
248 2740 342 2818 accipi
356 2741 528 2803 articulum
536 2744 566 2802 et
578 2741 749 2821 periculcun
763 2742 934 2804 mortis-
949 2742 985 2804 S.
1000 2742 1070 2822 Liq.
1088 2759 1119 2800 n.
1137 2745 1207 2803 aar.

164 2844 351 2923 Hujusmodi
371 2849 474 2906 autem
496 2843 665 2924 periculum
686 2851 826 2908 censetur
850 2847 953 2908 adesse
977 2852 1008 2907 l⁰
1034 2844 1069 2906 in
1089 2845 1195 2906 morbo
1216 2843 1396 2924 periculoso;

119 2939 156 2996 2⁰
173 2936 312 3010 tempore
326 2931 436 3011 pestis;
454 2936 486 2994 3ο
505 2931 538 2993 in
557 2937 647 3012 partu
661 2931 791 3008 difficili;
807 2937 838 2995 4⁰
856 2933 890 2995 in
905 2933 1077 3013 operatione
1095 2931 1267 3012 chirurgica
1285 2933 1396 3008 ardua;

120 3027 154 3084 5⁰
170 3025 244 3083 ante
258 3018 485 3099 navigationem
508 3020 594 3082 valde
608 3021 823 3100 periculosam;
846 3025 879 3084 6⁰
898 3021 933 3083 in
952 3020 1070 3100 praelio,
1089 3025 1143 3083 aut
1162 3019 1230 3083 aliis
1245 3019 1398 3082 similibus

120 3107 291 3191 adjunctis.
307 3142 348 3153 —
361 3107 397 3170 S.
414 3107 483 3190 Lip.
502 3108 578 3168 ibid.

162 3209 267 3282 Qann.
282 3209 315 3268 8⁰
330 3203 380 3263 An
390 3206 494 3286 possit
504 3203 636 3285 sirnplea
648 3203 796 3266 Sacerdos
815 3205 966 3268 absolvere
981 3206 1193 3268 moribundam
1214 3206 1304 3268 etiam
1316 3224 1398 3287 pra-

119 3304 206 3356 sente
222 3292 412 3376 Confesscrio
427 3293 618 3375 approbato?

161 3391 255 3472 desp.
270 3410 282 3451 .·
296 3389 490 3453 Dissentiunt
501 3389 583 3452 inter
598 3407 628 3451 se
643 3392 792 3452 Doctores.

161 3485 195 3548 1⁰
225 3485 387 3548 Sententia
406 3493 512 3566 nepot,
539 3491 606 3548 tum
627 3484 700 3566 quia
718 3484 889 3548 Concilium
903 3486 1122 3550 Tridentinum
1141 3485 1220 3549 nihil
1239 3486 1348 3548 dehac
1364 3505 1396 3548 re

122 3573 300 3649 innovavit,
317 3576 369 3638 sed
383 3574 414 3637 id
426 3582 552 3637 tantum
566 3574 731 3637 declaravit
745 3574 827 3654 quod
846 3577 879 3634 in
893 3575 1035 3637 Ecclesia
1053 3575 1108 3637 Dei
1128 3574 1310 3637 custoditam
1322 3593 1395 3637 scm-

117 3683 179 3743 pcr
192 3664 317 3746 suerot:
332 3663 459 3744 antiquo
478 3669 583 3726 autem
597 3667 667 3745 jure
681 3663 725 3744 (c.
745 3663 921 3745 Presbyter,
938 3684 1017 3727 cans.
1031 3669 1086 3740 26,
1104 3684 1135 3746 q.
1152 3669 1182 3727 6.
1198 3699 1237 3710 -
1258 3663 1392 3726 Extrao.

120 3771 227 3813 comm.
242 3753 262 3813 l.
279 3758 314 3828 5,
331 3751 367 3814 dc
378 3750 502 3821 Praeti„
519 3772 544 3814 c.
563 3753 672 3834 llnon
682 3751 931 3833 permittebatur,
948 3760 984 3816 ut
998 3753 1287 3826 alienus‘Sacerdos,
1299 3752 1393 3815 etiam

121 3839 155 3902 in
169 3858 243 3903 casu
257 3841 458 3917 necessitatis,
476 3840 675 3904 moribundos
689 3840 859 3904 absolveret
871 3841 936 3905 sine
951 3843 1014 3906 ulla
1025 3841 1228 3924 dependentia
1242 3860 1259 3903 a
1272 3841 1393 3922 proprio

120 3929 294 4006 Sacerdote,
310 3947 378 4010 qua
397 3929 554 3992 commode
569 3930 676 3992 saltem
694 3937 795 4010 posset
810 3929 931 4007 haberi;
950 3936 1021 3994 tum
1036 3930 1110 4011 quia
1126 3949 1169 4004 ex,
1181 3929 1285 3992 eodem
1306 3929 1389 3992 Trid.

120 4017 268 4080 omnibus
287 4017 498 4080 Sacerdotibus
515 4017 668 4080 confertur
685 4017 719 4080 in
739 4019 795 4081 hoc
814 4025 950 4082 extremo
965 4017 1143 4082 discrimine
1152 4018 1341 4100 jurisdicti0,
1357 4039 1393 4081 ne

120 4103 234 4186 aliquis
250 4116 375 4189 pereot,·
394 4111 426 4168 at
445 4105 510 4168 hac
528 4105 606 4168 ratio
621 4111 732 4180 cessat,
749 4107 870 4186 quando
887 4109 972 4170 adest
985 4106 1127 4170 Sacerdos
1143 4107 1337 4187 approbatus.
1352 4143 1391 4152 -

121 4193 344 4257 admittuntur
363 4201 469 4257 tamen
490 4194 697 4274 exceptiones,
722 4213 856 4276 quarum
878 4195 1038 4275 praecipua
1059 4201 1134 4258 sunt
1145 4214 1152 4257 ε
1165 4195 1191 4258 si
1210 4197 1391 4278 approbatus

122 4282 217 4344 nollet
231 4283 279 4345 vel
292 4302 354 4346 non
368 4287 468 4364 posset
480 4282 585 4344 andire
601 4281 834 4358 confessionem
849 4283 876 4344 si
891 4283 1035 4346 infirmus
1053 4302 1116 4346 nou
1134 4291 1237 4366 posset
1252 4285 1390 4349 confiteri

123 4370 288 4450 approbato
303 4371 369 4434 sine
383 4387 495 4450 magna
506 4369 682 4434 difficultate
696 4377 750 4432 aut
769 4372 987 4451 repugnantia;
1007 4373 1032 4436 si
1048 4374 1231 4453 approbatus
1247 4391 1389 4456 superse

124 4457 202 4534 uiat,
216 4458 337 4540 incepta
347 4463 414 4542 jam
424 4459 609 4523 confessione
621 4479 639 4521 a
652 4477 714 4522 non
728 4459 945 4540 approbato.—
954 4459 988 4523 S.
1006 4461 1089 4544 Lip,
1104 4483 1135 4524 n.
1153 4467 1228 4539 562,
1244 4469 1318 4536 663,
1335 4461 1387 4542 qui
