3206 5042
238 213 307 272 420
768 211 975 258 renaturus

279 346 368 424 Itesp.
379 361 391 404 .·
401 346 468 406 Non
483 337 596 402 sufficit
608 333 771 399 notorietas
781 332 939 414 quaelibet,
952 336 989 392 ut
999 336 1120 392 constat
1130 349 1169 393 ex
1177 333 1264 396 Bulla
1275 332 1328 396 cit.
1341 337 1479 402 Martini
1494 346 1525 409 t:

239 435 291 498 sed
306 429 475 513 requiritur
490 434 526 490 ut
544 427 660 489 iactum
679 423 771 486 istius
791 418 1118 483 excommunicationis
1138 419 1181 483 sit
1190 422 1323 502 juridice
1342 429 1523 498 notorium.
1575 422 1579 455 '

238 522 352 586 scilicet
366 525 404 582 ut
417 536 487 580 reus
501 536 520 578 a
531 515 633 597 Judice
647 517 836 593 competente
849 507 943 571 fuerit
957 508 1146 570 nominatim
1160 517 1192 572 et
1206 511 1327 590 publice
1339 531 1523 582 excommu-

239 611 375 682 nicatus,
398 607 445 670 vel
466 604 669 669 denuntiatus
691 609 728 663 nt
745 605 811 682 jam
830 596 1146 661 excommunicatione
1165 599 1291 678 ligatus.
1310 637 1354 648 -
1374 604 1413 666 S.
1436 608 1519 688 Lep„

239 723 269 761 a.
288 704 357 762 137.
374 733 414 742 -
429 695 479 758 Ille
491 713 562 756 xero
580 699 627 754 est
642 689 828 753 nominatim
847 684 1146 762 excommunicatus
1161 687 1216 768 qui
1235 706 1379 769 expresso
1393 695 1444 756 vel
1459 716 1518 758 non

238 805 375 867 expresso
397 784 537 856 nomine,
560 780 737 859 designatur
756 776 857 840 verbis
877 780 931 838 aut
950 774 1047 853 signis
1066 777 1139 838 adeo
1158 775 1315 855 indubiis,
1336 789 1376 843 ut
1393 783 1434 844 ab
1452 785 1516 846 aliis

238 876 364 938 omnino
379 880 563 936 secernatur.
577 905 618 916 -
633 869 669 930 S.
687 869 755 948 Lip.
776 887 809 928 n.
824 869 893 929 l36.

279 970 511 1034 advertendum
525 985 596 1028 vero
611 971 672 1039 est,
687 963 782 1044 quod,
799 962 868 1024 licet
882 977 944 1023 non
958 960 1089 1022 tenearis
1102 961 1200 1023 vitare
1212 967 1513 1031 excommunicatum

238 1079 301 1122 non
313 1057 546 1128 denuntiatum,
561 1061 645 1134 potes
661 1059 764 1114 tamen
779 1069 851 1113 eum
866 1050 978 1123 vitare,
994 1049 1088 1112 etiam
1101 1050 1236 1128 publice,
1252 1053 1280 1114 si
1290 1055 1411 1133 publice
1423 1065 1513 1120 notus

238 1151 334 1211 estut
348 1142 641 1208 excommunicatus.
658 1177 697 1186 —-
711 1140 746 1201 S.
761 1141 829 1222 Lz'p.
846 1161 876 1200 n.
895 1143 964 1200 137.

278 1243 493 1322 [incipiebatur
507 1244 610 1301 autern
625 1238 660 1299 in
674 1238 760 1301 Bulla
772 1235 895 1300 Martini
907 1237 933 1294 V
946 1234 1000 1314 qui
1013 1235 1173 1314 sacrilegas
1190 1255 1302 1300 manus
1314 1240 1349 1302 in
1363 1242 1509 1304 Clericum

238 1331 401 1413 injecisset,
413 1329 458 1390 ita
467 1336 503 1402 ut
513 1331 578 1408 ejus
589 1327 735 1388 delictum
747 1343 845 1405 neque
857 1323 960 1404 aliqua
969 1323 1221 1402 tergiversatione
1230 1327 1328 1404 celari,
1341 1347 1441 1410 neque
1452 1332 1509 1393 ullo

238 1425 323 1498 pacto
334 1417 471 1480 excusari
481 1422 591 1495 posset.
606 1418 649 1489 ls,
662 1414 807 1494 inquam,
818 1413 940 1488 statim,
954 1420 983 1474 et
994 1415 1064 1475 ante
1075 1412 1295 1496 ipsamJudicis
1306 1419 1507 1488 sententiam.

238 1506 413 1569 incurrebat
426 1503 790 1576 excommunicationem,
807 1508 899 1582 atque
915 1501 1009 1563 vitari
1024 1500 1163 1563 debebat.
1183 1505 1291 1564 Verum
1305 1505 1438 1582 exceptio
1451 1505 1507 1567 illa

237 1594 270 1656 in
294 1593 529 1656 desuetudinem
548 1592 658 1654 abiisse
678 1591 812 1665 videtur,
838 1589 943 1670 inquit
962 1591 1076 1652 Auctor
1097 1590 1225 1672 Eptem.
1245 1592 1309 1652 Act.
1332 1591 1368 1652 S.
1391 1591 1506 1668 Sedis,

237 1683 295 1744 vol.
317 1685 371 1755 Vl,
394 1703 464 1762 app.
486 1701 525 1755 n,
546 1699 644 1760 neque
662 1679 760 1759 ipsius
779 1679 842 1740 ulla
863 1678 980 1740 montio
998 1678 1130 1740 habetur
1150 1679 1297 1742 indonet.
1318 1680 1508 1761 Apostolicae

238 1771 341 1848 Sedis,
359 1771 398 1832 iis
413 1770 447 1832 in
464 1770 536 1832 locis
551 1769 664 1849 quibus
680 1786 741 1830 non
757 1772 926 1848 opportuna
941 1767 1056 1842 solum,
1072 1769 1124 1829 sed
1138 1774 1168 1829 et
1182 1768 1349 1831 necessaria
1361 1771 1506 1850 quodam-

236 1861 326 1922 modo
340 1859 431 1934 soret;
446 1879 477 1920 v.
493 1877 551 1938 gr,
565 1859 693 1919 Errant.
709 1858 806 1938 simpl.
821 1875 932 1917 resero.
948 1861 1001 1929 ld,
1017 1861 1065 1929 Π,
1081 1863 1111 1918 et
1123 1856 1241 1918 Inter-cl.
1255 1877 1366 1920 resero.
1379 1864 1411 1921 Ξ.
1424 1863 1505 1924 unae

237 1968 304 2011 eam
319 1968 401 2011 nunc
414 1947 547 2028 amplius
562 1965 624 2008 non
637 1946 739 2025 vigere
752 1944 1038 2026 probabilissimum
1051 1952 1111 2016 est,
1129 1963 1168 2007 ne
1180 1945 1283 2008 dicam
1298 1955 1427 2010 certum.

279 2048 379 2120 Quaen.
394 2049 428 2107 2⁰
444 2044 524 2119 Ouid
538 2044 575 2104 de
589 2041 894 2105 recommum'cotione
909 2059 1015 2104 ninom
1032 2041 1191 2104 tenendum
1204 2045 1263 2106 sit?

279 2141 368 2221 Itesp.
382 2159 394 2201 .·
409 2143 455 2202 Ex
465 2145 535 2222 jure
549 2158 628 2202 noro
642 2157 695 2219 per
706 2139 823 2202 bullam
838 2137 1020 2220 Apostoliroe
1037 2137 1123 2200 Sedis
1139 2138 1288 2203 instituto
1305 2141 1404 2204 nullus
1418 2158 1505 2204 casus

235 2233 301 2312 jam
317 2229 452 2304 exsistit,
470 2229 505 2291 in
518 2247 592 2309 qino,
609 2229 673 2308 lege
688 2228 797 2290 saltem
811 2227 949 2290 Ecclesia
964 2225 1111 2306 generali,
1125 2230 1397 2293 excommunicatio
1408 2231 1505 2292 minor

237 2319 414 2382 incurratur
424 2330 446 2379 ¹.
463 2318 549 2393 Quod
564 2324 668 2380 autem
681 2318 719 2379 ad
730 2321 782 2397 Jus
797 2316 934 2378 anterius
949 2320 1076 2396 spectat,
1091 2316 1155 2380 baec
1171 2335 1269 2396 pauca
1284 2326 1384 2382 teneto
1399 2339 1406 2380 :

278 2420 309 2474 1⁰
320 2416 386 2474 Non
399 2413 615 2473 incurrebatur
630 2412 691 2473 nisi
702 2418 824 2491 propter
837 2413 1134 2474 cornmnnicntionem
1146 2431 1217 2475 cum
1232 2415 1368 2478 litando.
1386 2415 1463 2478 Hinc
1474 2417 1503 2477 in

236 2498 289 2559 illa
299 2501 366 2578 jam
384 2498 521 2559 Ecclesiae
539 2498 697 2578 disciplina
711 2499 869 2561 rarissima
884 2506 963 2575 erat,
980 2519 1049 2563 omn
1067 2501 1149 2564 valde
1163 2519 1231 2562 raro
1246 2504 1504 2566 excommunicati
1582 2497 1583 2570 ζ

237 2585 358 2648 vitandi
371 2590 560 2666 apparerent.

277 2686 311 2744 9⁰
326 2681 470 2744 Prirabat
488 2687 612 2745 tantum
628 2683 816 2764 perceptione
833 2689 1105 2758 sacramentorum,
1122 2688 1152 2744 et
1165 2680 1305 2744 electione
1318 2683 1449 2762 passiva
1469 2689 1509 2750 ad
1582 2681 1583 2758 l

238 2771 384 2834 beneficia
396 2778 426 2834 ct
440 2771 606 2852 dignitates
620 2773 769 2836 Ecclesia.
786 2775 864 2838 Hinc
879 2794 940 2837 non
956 2773 1094 2854 privabat
1107 2771 1248 2834 iactitate
1261 2771 1510 2838 administrandi
1582 2783 1583 2862 t

237 2863 442 2923 Sacramenta.
458 2864 498 2923 Et
514 2862 640 2941 proinde
657 2881 755 2943 neque
772 2864 905 2943 graviter
918 2864 1073 2943 peccabat,
1088 2879 1184 2942 neque
1197 2860 1386 2942 probabilius
1405 2866 1507 2924 venro-

239 2949 318 3026 b'ter,
336 2949 390 3030 qui
407 2949 546 3010 irretitus
560 2950 613 3012 tati
626 2952 938 3015 excommunicatione
952 2957 1145 3015 Sacramenta
1158 2950 1366 3012 ministrabat.

278 3049 310 3106 3⁰
325 3044 459 3118 Quilibet
472 3047 614 3109 Sacerdos
626 3047 664 3108 ab
679 3048 825 3129 Episcopo
836 3047 1022 3128 approbatus
1037 3048 1075 3110 ab
1087 3048 1139 3109 illa
1151 3047 1305 3110 absolvere
1317 3051 1444 3126 poterat.
1459 3048 1508 3109 Sic

237 3131 321 3194 eninr
336 3131 507 3196 invaluerat
520 3154 608 3198 usus.
621 3172 661 3180 -
675 3136 726 3198 Ita
740 3157 851 3198 ornnes.

1582 3829 1583 3872 t

1582 4023 1583 4066 t

1582 4169 1583 4230 l

276 3233 346 3292 958.
363 3232 517 3305 -Quen
535 3237 566 3294 3⁰
580 3233 629 3292 Αη
644 3233 857 3313 requirebatur
875 3233 963 3316 rubro
981 3235 1087 3314 pravis
1102 3233 1142 3294 ud
1154 3233 1370 3296 incurrendam
1386 3253 1509 3295 excom-

237 3320 471 3380 municationem
485 3321 652 3382 minorem?

277 3413 365 3495 Resp.
383 3415 476 3496 Nep,
498 3417 549 3477 sed
569 3416 734 3480 sufficiebat
755 3420 842 3500 culpa
861 3419 989 3483 venialis
1006 3421 1092 3500 plene
1112 3419 1282 3482 deliberata.
1304 3418 1408 3487 Ratio,
1432 3419 1511 3497 quia

237 3521 297 3565 nou
310 3502 451 3584 privabat
462 3505 541 3568 bono
551 3507 623 3568 adeo
633 3507 777 3584 notabili,
792 3509 973 3572 etfacillime
986 3508 1070 3570 illiue
1083 3508 1235 3570 absolutio
1246 3505 1377 3569 obtineri
1387 3512 1509 3586 poterat

237 3610 255 3652 a
269 3609 462 3672 quocumque
476 3595 642 3658 Sacerdote.
661 3601 727 3660 Non
743 3603 846 3660 tamen
860 3597 963 3660 omitti
978 3601 1095 3678 poterat
1109 3597 1144 3658 in
1155 3595 1341 3660 consessione
1354 3595 1458 3674 culpa,
1473 3593 1508 3655 ob

236 3699 330 3760 quam
342 3679 427 3744 illata
437 3685 502 3743 erat
511 3685 786 3749 excommunicatio
793 3686 905 3760 minor,
918 3686 989 3749 licet
998 3693 1077 3748 esset
1089 3685 1229 3758 venialia,
1241 3684 1314 3765 quia
1323 3681 1508 3746 Sacramenti

235 3769 457 3850 perceptionem
471 3770 666 3851 impediebat.
681 3809 721 3819 —
731 3773 765 3835 S.
782 3775 852 3856 Lip.
870 3797 900 3836 n.
916 3780 991 3851 153,
1006 3780 1076 3839 tac.
1582 3773 1583 3776 ’

274 3869 316 3927 De
328 3868 389 3930 sola
402 3868 714 3932 excommunicatione
728 3871 835 3952 majori
849 3871 1023 3952 accipienda
1036 3876 1143 3945 crunt,
1158 3889 1227 3951 quae
1240 3870 1275 3932 in
1290 3875 1450 3950 posterum
1464 3865 1507 3927 di-
1582 3887 1583 3956 ζ

236 3958 353 4016 centur.
1582 3959 1583 3992 l

264 4195 274 4230 1
287 4195 419 4256 Quidamo
438 4204 620 4255 recentioribus
633 4202 786 4256 ductoribus
798 4205 871 4256 aliter
884 4207 1040 4266 sentiebaut;
1053 4217 1145 4255 rorum
1156 4203 1234 4254 dubio
1248 4203 1282 4254 ab
1296 4203 1381 4266 Episc.
1396 4204 1513 4252 Parato-
1582 4231 1583 4248 r

233 4269 300 4319 rensi
314 4269 350 4320 sic
359 4273 486 4336 proposito
498 4289 503 4323 :
515 4278 579 4325 Fere
588 4291 676 4325 ornnes
692 4278 801 4327 Constat.
815 4277 965 4340 Apostolicae
976 4277 1043 4327 sedis
1057 4277 1277 4326 commentatores
1288 4274 1400 4334 docent,
1414 4283 1516 4322 enona-

233 4343 438 4394 municuticnem
456 4347 626 4397 minoremve·
642 4346 721 4412 tusae
736 4348 940 4398 Constitutione
960 4347 1090 4398 obolitum
1109 4361 1171 4396 esse.
1197 4346 1290 4394 Utrum
1309 4345 1363 4394 baec
1384 4339 1520 4393 sementia

233 4411 289 4458 tuto
303 4412 389 4464 doceri
401 4418 486 4480 possit
503 4418 531 4466 in
546 4420 709 4470 seminario?
723 4419 766 4469 SS.
780 4418 876 4482 lnquis.
890 4421 1016 4484 congreg.
1033 4418 1073 4470 die
1091 4423 1120 4468 10
1136 4419 1195 4468 Dec.
1212 4422 1288 4476 1883,
1303 4413 1459 4480 respondit:
1476 4411 1521 4472 Af·

230 4477 370 4540 firmative.
380 4511 411 4522 -
421 4489 453 4535 V.
464 4487 588 4538 Naucelle
604 4489 685 4538 Recita
704 4489 798 4550 Tittoi,
812 4493 830 4540 t.
842 4489 913 4550 XVl,
929 4505 956 4540 n.
971 4497 993 4543 l.
1582 4467 1583 4528 i

1582 4665 1583 4702 t
