3224 5044
201 252 269 314 350
730 255 939 302 irrorares

199 375 351 450 celibem,
364 371 488 436 etiamsi
502 389 555 451 per
569 369 707 432 fraudem
722 367 756 430 in
770 367 853 430 hunc
868 383 1001 429 errorem
1018 364 1166 430 inductus
1180 366 1289 444 luerit;
1305 367 1483 437 namneus

199 464 318 528 inducit
339 461 465 544 quidem
486 457 703 539 obligationem
729 455 892 536 reparandi
912 455 1076 536 injuriam,
1104 474 1168 518 non
1187 460 1291 520 autem
1310 457 1419 536 efficit,
1442 471 1482 526 ut

184 571 363 617 ‘consensus
377 570 440 614 non
451 555 593 614 versetur
607 546 687 610 circa
700 544 905 608 substantiam
918 544 974 618 rei,
986 545 1023 607 de
1037 563 1100 624 qua
1113 544 1226 625 agitur.
1237 549 1301 610 imo
1313 547 1370 610 hoc
1383 551 1479 626 valet,

199 643 269 706 licet
289 648 370 706 certo
382 639 562 704 contrahere
583 635 748 708 noluisset,
774 633 800 696 si
822 633 908 713 prius
926 651 995 696 eam
1014 633 1141 696 viduam
1160 652 1225 698 esse
1244 635 1397 714 novisset;
1414 658 1481 703 non

198 731 282 793 enim
295 730 387 804 adid,
402 729 483 809 quod
496 727 573 789 forte
585 725 633 787 vel
647 724 742 786 etiam
755 728 835 784 certo
848 721 918 802 quis
932 721 1068 784 facturus
1084 721 1206 799 fuisset,
1224 725 1277 786 sod
1288 726 1327 786 ad
1339 725 1381 801 id,
1394 731 1480 810 qnod

198 839 301 900 reapse
314 818 400 893 fecit,
415 815 636 879 attendendum
648 820 705 876 est.

239 913 271 972 3ο
286 907 392 970 Valide
407 904 559 967 contrahit
569 901 669 983 puella
683 899 794 962 nobilis
809 917 881 962 cum
899 897 966 960 viro
978 917 1069 978 vago,
1091 899 1147 980 qui
1165 901 1239 963 falso
1259 921 1290 964 se
1305 905 1400 984 jactat
1420 926 1477 970 no-

197 997 292 1060 bilem
309 997 461 1058 bonorum
485 993 657 1054 multorum
676 1005 895 1070 possessorem,
919 986 1011 1068 idque
1036 987 1121 1052 falsis
1148 989 1332 1053 testimoniis
1353 995 1473 1074 prohat.

198 1085 256 1148 Sed
280 1083 392 1146 mulier
413 1081 465 1144 illa
487 1098 550 1142 nou
574 1085 696 1140 tenetur
716 1094 787 1138 cum
810 1075 876 1156 ipso
902 1074 1091 1150 cohabitare,
1121 1082 1150 1140 et
1175 1078 1345 1144 divortium
1370 1100 1476 1164 perpo-

197 1181 289 1234 tuum
304 1173 404 1254 quoad
422 1175 525 1232 torum
543 1171 573 1230 et
586 1165 809 1229 habitationem
823 1163 931 1226 statim
950 1162 1047 1228 iacere
1063 1171 1172 1245 potest.
1182 1202 1221 1212 -
1235 1167 1272 1230 S.
1288 1167 1360 1251 rip.
1378 1181 1408 1232 et
1418 1172 1478 1234 olii

196 1281 306 1322 07717188.

744 1416 886 1462 Punctum
907 1417 931 1461 11

571 1539 612 1592 De
626 1534 832 1608 impedimento
846 1534 905 1592 voti
919 1538 947 1592 ct
963 1534 1093 1594 Ordinis.

235 1705 305 1764 797.
322 1737 361 1744 —
377 1702 401 1761 Ι.
420 1701 536 1760 Votum
566 1696 716 1759 dirimens
744 1695 980 1760 Matrimonium
1006 1699 1180 1762 est'solum
1205 1707 1315 1764 votum
1339 1703 1470 1768 solemne

194 1788 365 1862 castitatis,
393 1805 446 1867 per
477 1784 695 1866 professionem
725 1783 759 1845 in
791 1783 946 1863 Religione
981 1787 1145 1866 approbata
1173 1787 1332 1852 emissum.
1356 1793 1470 1855 Votum

192 1879 279 1942 euim
299 1875 429 1955 simplex
448 1873 613 1946 eastitatis,
638 1871 731 1934 etiam
752 1871 889 1952 perfecta
912 1877 942 1934 et
962 1879 1129 1954 perpetuae,
1150 1876 1385 1942 Matrimonium
1410 1900 1470 1944 non

195 1965 331 2041 dirimit,
356 1965 408 2030 sed
426 1969 551 2026 tantum
571 1961 717 2042 impedit,
729 1963 821 2042 juata
845 1961 985 2042 superius
1004 1962 1084 2024 diota
1103 1982 1135 2024 n.
1152 1968 1275 2028 7711-
1290 1969 1336 2030 Ex
1349 1970 1468 2048 speciali

194 2055 350 2136 privilegio
374 2050 509 2131 Gregorii
532 2053 600 2114 XIII
629 2056 703 2111 sunt
729 2049 906 2129 excipienda
933 2057 1004 2113 vota
1026 2049 1178 2131 simplicia
1201 2073 1270 2135 qua
1294 2063 1357 2135 post
1379 2057 1464 2119 bien-

194 2144 284 2206 nium
306 2140 451 2222 tyrocinii
472 2138 662 2202 omittuntur
681 2139 716 2200 in
735 2139 881 2202 Societate
900 2141 983 2202 lesu.
999 2174 1041 2188 -
1053 2140 1162 2202 Recole
1178 2144 1269 2205 etiam
1288 2144 1367 2206 dicta
1383 2166 1462 2228 sup,

193 2254 224 2294 η.
240 2237 290 2296 ll.

231 2323 269 2383 ll.
285 2320 363 2384 Ordo
377 2325 481 2382 autem
490 2316 722 2380 Matrimonium
737 2316 886 2380 dirimens
898 2323 945 2380 est
956 2319 1033 2380 Ordo
1048 2336 1141 2394 sacer,
1153 2338 1264 2402 nempe
1276 2325 1467 2408 Presbyteru-

192 2417 254 2484 tuS,
271 2410 454 2474 Diaconatus
467 2413 498 2467 et
513 2405 762 2467 subdiaconatus.

231 2501 273 2558 De
295 2503 425 2574 utroque
447 2494 504 2554 boe
529 2491 750 2571 impedimento
775 2493 913 2572 loquitur
938 2494 1053 2558 Conril.
1081 2497 1185 2558 Later.
1210 2499 1279 2562 let
1300 2501 1347 2576 ll,
1373 2509 1466 2583 atque

192 2583 293 2662 Trea,
310 2601 379 2643 sess.
396 2583 501 2655 XXIV,
518 2600 584 2642 curt.
602 2583 637 2655 9,
652 2579 757 2662 inquit
773 2600 780 2642 :
796 2581 832 2642 Si
846 2584 912 2663 quis
927 2584 1052 2662 dixerit,
1071 2585 1204 2648 Clerieos
1216 2589 1247 2646 in
1261 2592 1357 2648 sacr-ri
1373 2591 1467 2650 Ordi-

190 2673 278 2734 nibus
293 2672 484 2742 constitutos,
502 2667 550 2731 vel
562 2667 730 2747 Repulores
744 2671 910 2733 rastilotem
929 2671 1104 2735 solenniter
1114 2675 1275 2756 professor,
1291 2695 1379 2757 pesae
1394 2677 1466 2739 Mo-

190 2761 366 2822 trirnour'um
377 2758 564 2832 contrahere,
575 2767 823 2842 contractumque
838 2779 898 2823 esse
912 2762 1057 2842 validum,
1070 2781 1133 2826 aori
1148 2764 1358 2846 obstante-tege
1372 2765 1466 2827 ecete-

189 2852 310 2912 siastica
325 2850 372 2912 uel
382 2859 460 2927 voto,
478 2846 639 2909 anatoona
654 2849 707 2908 sit.
1332 2861 1334 2866 ·

311 2986 509 3064 Quaesita.

226 3120 296 3180 798.
313 3151 352 3160 -
366 3117 467 3189 Quae.
486 3119 518 3177 κ’
534 3113 669 3190 Quonam
679 3113 753 3196 jure
768 3115 919 3198 praedicta
937 3119 1155 3199 impedimenta
1168 3119 1406 3183 Matrimonium
1419 3121 1464 3184 di-

187 3207 324 3267 timont?

148 3339 151 3347 »
227 3295 318 3376 Besp.
332 3300 385 3356 1⁰:
402 3281 663 3373 Impediirrentum
679 3292 805 3354 Ordinis
817 3295 912 3374 ¹juata
926 3297 1111 3360 senteutiam
1128 3317 1325 3363 communem
1342 3300 1462 3364 dirimit

186 3389 310 3446 tantum
328 3385 398 3465 jure
421 3381 630 3444 ecclesiastico.
656 3382 744 3446 Ratio
761 3388 822 3458 est,
839 3383 912 3464 quia
935 3403 973 3447 ex
994 3405 1057 3448 arna
1077 3393 1162 3467 parte
1182 3387 1262 3452 Ordo
1275 3409 1331 3471 per
1347 3408 1378 3449 se
1395 3407 1459 3450 non

185 3478 334 3552 repugnat
346 3489 417 3533 cum
430 3477 514 3534 statu
526 3471 692 3551 conjugali,
707 3477 877 3552 votumque
892 3473 920 3535 ei
937 3474 1093 3537 adnexum
1105 3476 1172 3538 vim
1187 3476 1353 3540 dirimendi
1366 3475 1460 3539 hahet

184 3579 221 3622 ex
234 3562 296 3622 sola
308 3559 465 3623 voluntate
480 3559 636 3635 Ecclesiae3
653 3577 707 3621 nec
720 3561 805 3622 adest
823 3579 860 3622 ex
872 3561 967 3624 altera
980 3571 1066 3643 parte
1078 3565 1246 3645 prohibitio
1264 3567 1326 3630 ulla
1337 3564 1459 3638 divina,

184 3667 252 3729 quae
266 3649 300 3710 in
312 3648 478 3729 scripturis
490 3653 544 3709 aut
558 3647 592 3709 in
606 3648 772 3710 traditione
787 3649 974 3713 inveniatur.
992 3650 1074 3714 -S.
1090 3653 1161 3736 Lig.
1178 3675 1209 3714 n.
1227 3659 1318 3718 1059.

223 3738 313 3820 Hesp.
323 3741 357 3800 2⁰
373 3755 379 3798 :
396 3740 474 3800 Cum
489 3735 665 3798 solemnitas
680 3736 744 3799 voti
756 3737 797 3800 sit
807 3738 888 3819 juris
899 3740 1104 3818 ecclesiastici,
1120 3761 1154 3806 eo
1167 3743 1233 3824 ipso
1245 3749 1327 3825 Papa
1341 3745 1463 3825 dispeu-

184 3843 249 3888 sare
262 3830 374 3907 potest,
389 3825 556 3888 dummodo
574 3823 656 3887 adsit
670 3844 762 3889 causa
777 3825 945 3904 sufficiens,
965 3829 998 3892 id
1013 3836 1059 3893 est
1073 3831 1118 3894 rei
1132 3831 1278 3912 gravitati
1291 3833 1463 3914 proportio·

182 3921 266 3977 nata.
279 3951 320 3961 -
339 3915 375 3977 V.
390 3914 538 3988 Soucbcz,
555 3913 576 3974 l.
594 3915 671 3988 VIII,
688 3915 769 3998 disp.
785 3935 853 3990 rur,
871 3938 902 3978 n.
919 3922 949 3980 7.

223 4005 314 4077 Quen
325 4008 358 4065 2⁰
372 4003 513 4080 Quonam
529 4002 709 4066 conditiones
723 4006 932 4087 requirantur,
947 4016 982 4068 ut
997 4021 1096 4072 votum
1111 4011 1241 4076 solemne
1254 4021 1285 4076 et
1299 4011 1381 4076 Ordo
1395 4013 1463 4075 Ma-

182 4091 360 4151 trimonium
375 4093 542 4155 dirimant?
1078 4129 1083 4137 ·

223 4178 315 4261 Hesp.
337 4185 396 4240 1⁰:
425 4183 528 4256 Quoad
551 4191 652 4244 votum
675 4183 763 4246 debet
783 4203 847 4248 esse
870 4185 1019 4250 emissum
1042 4195 1075 4252 1ο
1096 4191 1269 4256 voluntarie
1294 4196 1325 4253 et
1348 4190 1462 4254 delibe-

183 4273 262 4416 pate;
278 4272 312 4330 2⁰
326 4283 398 4331 cum
412 4285 484 4331 vera
497 4269 669 4336 intentione
683 4291 715 4335 se
731 4273 900 4354 obligandi;
923 4294 1010 4341 socru
1024 4278 1108 4341 enim
1121 4283 1229 4344 votum
1243 4279 1384 4344 validum
1398 4297 1463 4342 non

196 4363 270 4418 oret.

223 4443 311 4527 Resp.
326 4451 376 4510 2⁰:
394 4449 497 4522 Quoad
510 4449 663 4526 Ordinem,
680 4451 848 4534 requiritur
864 4461 895 4520 1ο
909 4463 946 4522 ut
959 4455 1000 4520 sit
1015 4464 1175 4542 susceptus
1188 4457 1303 4538 valide3
1319 4464 1354 4524 Ξ·
1367 4467 1405 4526 ut
1419 4459 1464 4522 sit

182 4539 341 4612 susceptus
352 4535 535 4598 voluntarie.
550 4573 590 4586 «-
604 4539 656 4603 Ita
670 4561 780 4604 omnes.
