3224 5044
590 244 632 287 ou
653 241 883 288 uarnruonro
1304 233 1375 292 323

91 361 175 423 forat
193 357 371 428 dicendum,
384 354 411 416 si
425 372 508 416 unus
526 372 565 416 ex
578 353 712 434 sponsis,
730 353 785 433 qui
799 353 836 415 ab
852 353 947 415 altero
962 371 1094 415 munera
1108 354 1156 416 vol
1170 356 1276 418 arrhas
1293 376 1375 421 aoce-

92 449 164 530 pit,
181 452 279 510 morte
296 442 478 524 corripiatur
497 447 567 505 ante
585 442 703 504 initum
721 440 970 518 ltlatrimonium;
984 460 1058 504 mm
1073 445 1165 522 juxta
1184 445 1274 506 modo
1295 446 1377 510 dicta

93 542 243 618 parentes
259 531 394 595 defuncti
406 531 510 592 omnia
525 548 634 611 sponso
649 529 806 610 superstiti
824 529 985 592 restituero
999 535 1153 592 tenentur.
1571 588 1576 597 ,

137 623 226 696 Dixi,
241 640 297 702 per
314 641 344 682 se
364 619 535 702 loquendo;
550 619 624 699 quia
638 618 665 680 si
679 624 812 699 spectata
829 618 933 698 sponsi
950 618 1125 682 conditione
1142 637 1273 683 munera
1291 625 1378 702 parvi
1490 651 1496 661 ·

94 714 165 776 sint
184 709 351 782 momenti,
367 715 399 772 et
412 708 463 770 hic
476 726 538 770 non
553 707 711 782 reclamet,
729 725 763 770 ea
777 707 932 770 remittere
946 713 1096 770 censetur.

140 802 213 863 729.
228 835 268 844 -
281 799 382 872 Quae.
398 802 430 860 5⁰
443 799 493 858 Ao
510 796 562 858 ille
573 799 626 878 qui
637 797 776 877 promisit
792 794 1018 858 Matrimonium
1026 796 1150 878 puella,
1162 815 1196 858 ec
1211 798 1380 862 conditione

94 900 135 954 sat
149 909 219 950 cum
232 907 268 949 ea
281 899 399 968 peccet,
415 905 480 948 eum
495 885 601 947 ducere
616 885 743 946 debeat?

141 978 234 1058 Rarp.
250 975 377 1056 Affirm.
396 993 467 1038 oum
485 973 639 1036 sententia
659 973 834 1048 communi,
846 977 938 1054 juxta
953 975 1033 1036 dicta
1052 973 1089 1035 de
1101 973 1231 1036 lustitia
1237 1013 1248 1054 ,κ
1264 989 1338 1038 tom.
1349 981 1379 1052 l,

97 1089 129 1129 n.
149 1071 211 1129 729
223 1075 252 1126 et
266 1069 336 1128 ¹160.
349 1101 387 1108 —
404 1063 470 1124 Vid.
481 1063 518 1123 S.
530 1063 613 1143 Lip,
631 1063 652 1124 t.
664 1064 719 1138 ΙΙΙ,
733 1082 764 1122 o.
778 1066 853 1137 ctu,
869 1062 924 1123 ubi
936 1063 1011 1124 dicit
1024 1081 1089 1124 esso
1102 1061 1181 1124 hano
1195 1066 1381 1128 sententiam

95 1155 232 1218 omuino
243 1154 417 1215 tenendam.

142 1249 214 1307 730.
229 1279 270 1288 —
283 1245 386 1318 Quas.
402 1247 435 1304 6ο
448 1242 497 1300 An
509 1240 736 1301 matrimonium
751 1259 831 1300 mere
845 1238 948 1313 civile,
960 1249 1053 1321 prout
1067 1241 1105 1322 fit
1118 1242 1149 1301 in
1166 1239 1269 1304 Gallia
1283 1262 1380 1306 corum

95 1335 299 1413 muqistrutu,
316 1330 423 1392 taceri
433 1333 536 1412 possit
551 1329 656 1390 instar
669 1327 879 1410 sponsalium?

142 1421 234 1501 Besp.
256 1425 288 1482 t⁰
302 1438 309 1480 ε
324 1419 515 1495 Quibusdam
528 1417 748 1480 affirmandum
762 1417 896 1492 ridetur,
911 1417 938 1480 si
951 1419 1164 1482 contrahentes
1178 1418 1383 1482 intentionem

100 1511 240 1572 habeant
263 1508 439 1570 recurrendi
459 1514 564 1588 postea
586 1507 624 1569 ad
642 1506 822 1579 Ecclesiam,
842 1513 873 1569 et
894 1526 996 1570 coram
1014 1509 1145 1571 Parocho
1165 1508 1381 1582 contrahendi,

98 1605 134 1661 et
153 1599 236 1660 hanc
252 1597 459 1660 intentionem
473 1596 561 1676 siguo
573 1601 698 1658 externo
715 1595 923 1657 manifestent.
938 1599 1052 1658 Verum
1070 1597 1181 1659 melius
1195 1597 1380 1670 dicendum,

100 1685 344 1750 matrimonium
366 1685 454 1748 civile
472 1689 512 1746 erl
531 1703 564 1746 se
587 1684 649 1746 solo
673 1701 735 1746 non
753 1684 907 1745 continere
926 1685 1160 1764 promissionem
1184 1685 1382 1748 contrahendi

102 1792 211 1837 coram
230 1772 375 1844 Ecclesia,
392 1791 446 1833 seu
463 1772 526 1834 veri
541 1769 746 1842 Matrimonii,
763 1771 895 1849 adeoque
913 1772 992 1832 nibil
1010 1772 1194 1852 habereque
1209 1772 1383 1852 possitesse

102 1864 210 1924 instar
229 1859 418 1940 sponsalium
432 1908 438 1934 ,
454 1859 598 1939 quamvis
612 1857 688 1920 forte
706 1860 772 1938 ejus
786 1858 955 1933 occasione,
971 1867 1009 1921 ut
1025 1859 1164 1921 inuuunt
1181 1860 1316 1941 praedicti
1330 1879 1384 1922 uu-

104 1956 223 2024 ctorcs,
241 1953 414 2010 contractus
429 1945 625 2028 sponsalitias
639 1945 677 2008 ab
691 1945 757 2026 ipso
770 1945 936 2009 distinmus
951 1965 1013 2010 non
1027 1966 1096 2009 raro
1112 1947 1308 2010 instituatur.

147 2036 238 2118 Κεφ.
257 2037 288 2096 2⁰
302 2055 310 2097 :
326 2035 358 2098 Si
376 2041 481 2098 autem
500 2035 593 2098 talem
611 2033 814 2097 intentionem
833 2053 896 2097 non
913 2035 1064 2110 habeant,
1080 2037 1179 2099 multo
1199 2035 1297 2116 magis
1314 2055 1385 2099 con-

107 2131 227 2188 tractus
250 2125 349 2188 civilis
369 2124 475 2188 baberi
496 2123 618 2204 nequit,
639 2129 675 2185 ut
696 2129 869 2186 contractus
891 2123 1102 2204 sponsalitias.
1122 2125 1210 2189 Ratio
1229 2131 1293 2198 ost,
1310 2125 1386 2206 quia

105 2214 196 2277 nulla
214 2221 261 2275 est
278 2213 440 2293 promissio
458 2211 663 2287 Matrimonii3
681 2211 733 2274 sed
753 2213 792 2274 ad
811 2230 971 2274 summum
990 2212 1039 2274 hic
1055 2220 1087 2275 et
1107 2231 1205 2289 nunc,
1222 2220 1258 2276 ut
1276 2213 1385 2276 volunt

105 2302 253 2383 quidam,
269 2301 340 2364 licet
355 2301 462 2364 minus
474 2299 683 2382 probabiliter,
700 2301 785 2363 adest
797 2302 1030 2364 Matrimonium
1043 2301 1288 2376 clandestinum,
1302 2303 1384 2382 quod

103 2391 175 2453 vim
190 2391 378 2472 sponsalium
395 2390 571 2453 nullatenus
587 2390 695 2464 habet,
712 2397 749 2451 ut
762 2389 927 2452 declaravit
941 2389 977 2451 S.
996 2389 1109 2472 Conpr.
1129 2390 1222 2454 Cone.
1242 2390 1329 2452 Trid.
1344 2426 1385 2437 —

108 2479 268 2556 Curriere,
285 2502 316 2540 a.
332 2484 401 2545 365.
415 2515 456 2526 -
475 2479 548 2541 Vide
562 2477 672 2550 Cocus,
689 2500 721 2539 n.
737 2483 807 2542 847.

609 2659 820 2720 ARTIGULUS
845 2659 884 2718 ΙΙΙ

510 2801 548 2844 on
568 2801 781 2845 mssonurroxu
802 2801 985 2846 suonssmuu

152 2933 310 3015 sponsalia
323 2953 362 2995 ex
376 2935 517 2995 omnium
531 2933 737 2996 sententiaeb
751 2936 851 3012 justas
866 2953 970 2997 causas
983 2935 1110 2998 dissolui
1126 2941 1267 3016 possunt.
1278 2939 1386 3000 Causa

107 3030 218 3088 autem
236 3022 397 3104 precipuo
415 3027 511 3084 sunt:
534 3026 665 3084 mutuus
683 3039 865 3098 consensum
887 3022 1145 3103 impedimentum
1163 3025 1313 3088 dirimens
1335 3045 1386 3086 su-

108 3113 311 3195 perveniens,
336 3111 445 3172 saltem
467 3127 503 3171 ex
529 3116 615 3189 parte
640 3109 832 3184 innocentie,
855 3129 929 3172 nam
954 3111 1104 3175 inducens
1126 3114 1384 3194 impedimentum

107 3200 298 3283 probabilius
311 3206 433 3262 tenetur
442 3199 481 3260 ad
491 3198 653 3280 petendam
665 3197 940 3278 dispensationem
952 3199 1057 3262 electio
1070 3209 1169 3264 status
1180 3202 1382 3282 perfectioris,

109 3312 138 3353 v.
162 3309 208 3370 gr.
230 3287 376 3350 Prolessio
399 3285 558 3368 religiosa,
580 3285 711 3366 simplex
734 3291 841 3348 votum
864 3287 1056 3367 ingrediendi
1081 3290 1285 3370 Religionem,
1307 3297 1382 3365 etc.;

107 3379 227 3440 crimen
240 3395 331 3458 grave
345 3376 485 3450 alteriue,
502 3395 532 3439 r.
550 3394 608 3456 gr,
624 3373 797 3449 fornicatim
814 3375 949 3438 mutatio
968 3377 1112 3439 notabilis
1126 3385 1242 3453 status,
1257 3377 1384 3440 circum-

108 3467 226 3529 stantia
244 3465 372 3539 scilicet,
386 3481 455 3546 quae
470 3465 499 3526 si
516 3463 639 3544 cognita
654 3463 777 3538 luisset,
795 3465 842 3525 vel
863 3465 1009 3544 precisa,
1030 3466 1218 3545 prudentum
1238 3467 1387 3546 judicius

109 3555 303 3636 sponsalibus
315 3553 523 3618 deterruisset.
540 3551 668 3616 Dissolvi
683 3559 810 3634 possunt
827 3553 982 3632 sponsalia
996 3553 1089 3615 otiam
1107 3572 1161 3635 per
1176 3554 1309 3616 nimiem
1325 3558 1386 3618 ble-

110 3643 250 3707 trimonii
265 3644 459 3718 dilationem,
476 3642 648 3724 presertim
660 3641 689 3704 si
702 3647 822 3722 tempus
836 3643 875 3703 ad
892 3641 1127 3705 Matrimonium
1142 3643 1384 3706 contrahendum

109 3732 201 3796 iurent
218 3733 469 3796 determinatum.

230 3864 425 3939 Quaeslta.

149 3995 220 4056 tal.
237 4027 277 4036 —
294 3994 395 4066 Qum.
413 3996 444 4053 l⁰
458 3993 510 4052 Ao
524 3994 565 4052 ait
581 4009 674 4051 mosa
688 3989 843 4071 sufficiens
858 3989 1042 4051 dissolvendi
1053 3991 1220 4072 sponsalia,
1237 3995 1265 4052 ει·
1278 4013 1384 4075 apuam

109 4080 253 4143 adveniat
261 4080 390 4160 pinquis
405 4079 587 4142 haereditas?
982 4079 985 4090 '

28 4223 29 4238 ,
149 4169 242 4248 neap.
255 4186 268 4228 .·
282 4166 534 4229 Contrccerritur.
548 4167 637 4228 Multi
652 4174 780 4246 negant,
794 4168 868 4248 quia
880 4166 962 4229 nihil
976 4185 1102 4247 prorsus
1117 4185 1154 4230 ex
1168 4175 1252 4251 parte
1265 4189 1384 4252 sponse

28 4251 31 4380 l
112 4261 268 4320 mutatum
284 4261 342 4318 est.
359 4255 420 4316 Alii
434 4273 504 4316 vero
521 4253 690 4328 affirmant,
709 4255 782 4334 quia
801 4255 883 4316 inter
896 4259 1065 4335 utrumque
1079 4273 1226 4336 sponsum
1241 4277 1303 4322 non
1318 4279 1384 4323 arn-

30 4383 32 4432 t
110 4345 191 4424 plius
209 4345 314 4406 eadem
333 4342 454 4406 exsistit
471 4359 575 4404 rerum
590 4341 740 4416 conditim
756 4349 789 4404 et
806 4343 833 4404 si
852 4361 980 4423 sponsus
1000 4344 1080 4406 hanc
1099 4347 1305 4410 mutationem
1324 4347 1384 4410 lor-

30 4447 33 4492 ι
113 4438 194 4497 tuna
207 4431 412 4514 praevidisset,
427 4431 512 4493 nullo
526 4432 615 4494 modo
629 4447 700 4492 cum
717 4430 771 4493 tali
788 4449 915 4510 persona
928 4432 1103 4496 contrahere
1122 4435 1278 4500 voluisset.
1295 4439 1382 4501 Hanc

31 4493 34 4580 i
113 4523 297 4586 sententiam
315 4521 390 4586 satis
411 4519 537 4602 probare
557 4519 680 4584 ridetur
698 4519 733 4582 S.
749 4520 832 4601 Lim,
852 4541 883 4581 n.
901 4525 976 4596 676,
998 4539 1086 4598 casu,
1105 4541 1167 4606 quo
1187 4541 1297 4606 sponso
1320 4541 1382 4588 non
