3198 5036
239 141 306 202 1102
772 151 978 196 renouatus

276 267 370 346 Iiesp.
384 270 438 327 1⁰:
460 267 547 327 Certo
562 281 624 325 non
639 261 807 342 requiritur
826 262 864 323 ad
886 261 1090 337 validitatem;
1112 264 1204 342 unica
1224 264 1309 326 enim
1332 264 1456 341 sufficit,
1477 275 1521 329 ut
1582 279 1583 340 1

238 355 308 436 quis
322 359 481 416 censeatur
493 371 560 414 rere
573 351 706 412 ablutus.
721 350 773 412 Ita
789 370 888 412 omnes
904 368 975 412 cum
989 349 1023 412 S.
1046 351 1160 420 riom,
1180 357 1222 426 3.,
1240 373 1269 434 q.
1286 357 1335 427 66,
1350 364 1412 415 art.
1431 359 1461 418 8.

278 444 371 525 Resp.
390 447 423 504 2⁰
442 461 449 501 :
467 440 647 521 Requiritur
668 444 773 501 antem
791 441 830 502 ad
853 440 1034 514 liceitatem,
1052 445 1082 502 et
1105 441 1231 520 quidem
1256 443 1313 504 suh
1335 443 1436 522 gravi,
1456 444 1519 507 uhi
1582 449 1583 514 ,

237 531 445 613 prescribitur
457 531 521 591 haec
534 528 618 590 trina
636 546 723 608 aqua
738 527 861 602 effusio,
879 535 915 590 nt
929 528 963 589 in
976 528 1095 590 Ritaab‘
1111 530 1256 592 Romano.
1273 534 1342 595 Hac
1357 536 1460 595 tamen
1476 534 1519 595 de
1582 595 1583 600 ,

237 621 392 700 Baptismo
407 618 532 681 solemni
548 616 745 696 intelligenda
757 617 912 680 videntur.
1582 635 1583 650 ι

745 781 958 844 ARTICULUS
978 781 1004 841 ll

686 927 728 971 na
749 925 867 970 sonus
887 927 1060 970 alerissi

278 1060 348 1120 ru.
364 1092 403 1102 -
418 1061 527 1120 Forma
539 1054 690 1135 Baptismi
707 1060 754 1118 est
772 1074 780 1115 τ
797 1055 830 1116 E
829 1075 868 1135 po
884 1064 911 1116 te
932 1053 1054 1136 baptizo
1075 1058 1107 1114 in
1126 1060 1248 1118 romine
1261 1057 1368 1118 Patris
1388 1068 1416 1117 et
1436 1059 1523 1120 Filii
1582 1061 1583 1094 ³

239 1157 268 1206 et
286 1145 425 1226 Spiritus
444 1148 549 1206 saneti.
568 1144 615 1204 Sic
633 1143 774 1206 definivit
789 1141 881 1205 Cone.
900 1143 997 1220 Tria,
1012 1147 1101 1224 juxta
1116 1143 1191 1206 illud
1207 1145 1438 1221 Matthxxvm,
1455 1153 1497 1211 19
1512 1170 1519 1210 :
1582 1155 1583 1178 l

237 1235 358 1298 Euntes
372 1255 442 1315 erpo
457 1233 558 1294 docete
573 1252 671 1294 omnes
687 1241 803 1314 pentes,
822 1232 1012 1313 baptizantes
1027 1252 1074 1294 eos
1091 1234 1122 1293 in
1136 1238 1255 1295 nomiae
1268 1235 1376 1296 Patris
1390 1245 1420 1296 et
1436 1237 1521 1298 Filii

239 1334 268 1384 et
283 1321 421 1404 Spiritus
441 1323 547 1384 sancti.
567 1323 656 1401 Apud
675 1325 789 1384 Graecos
808 1327 913 1383 autem
932 1321 1045 1383 dicitur
1060 1341 1066 1382 :
1082 1322 1263 1404 Baptizatur
1278 1343 1380 1385 seruas
1396 1323 1520 1386 Christi
1582 1343 1583 1406 1

238 1413 272 1474 ia
287 1413 406 1472 aornr'ne
420 1410 545 1481 Patris,
561 1417 617 1471 etc.
636 1409 709 1470 Vel:
726 1409 910 1490 Baptizatur
929 1429 1028 1470 seruas
1048 1409 1072 1471 C
1074 1411 1168 1472 bristi
1174 1459 1184 1485 ,
1200 1419 1256 1474 etc.
1273 1414 1342 1474 Haet
1355 1413 1457 1475 forma
1472 1421 1522 1477 est

238 1500 339 1562 ualida
352 1519 391 1562 ex
406 1498 609 1561 instmctione
623 1497 762 1579 Eapeait
773 1497 794 1558 I
798 1497 824 1556 V
836 1498 877 1557 ad
890 1499 1056 1573 Armenes·
1071 1501 1123 1562 sed
1140 1501 1174 1562 in
1191 1501 1254 1562 sola
1268 1501 1399 1564 Ecclesia
1413 1507 1521 1566 Graeca

238 1587 321 1650 linita
336 1596 393 1652 est.

279 1678 382 1739 Plures
407 1677 551 1758 theologi,
569 1677 651 1738 inter
669 1693 745 1756 quos
766 1674 802 1736 S.
824 1673 1017 1757 Alpionsas,
1038 1684 1176 1752 censent,
1197 1679 1315 1741 veniale
1337 1697 1401 1742 esse
1420 1683 1520 1744 ontis-

238 1767 356 1830 sionem
374 1766 456 1828 voois
472 1765 565 1826 Amen
580 1766 614 1827 in
631 1765 691 1826 fine
706 1763 810 1826 forma
827 1764 995 1845 Baptismi,
1010 1783 1078 1845 qua
1095 1771 1196 1828 tanuen
1212 1785 1270 1828 vox
1284 1786 1346 1830 non
1360 1769 1519 1848 reperitur

237 1856 272 1918 in
289 1855 352 1920 Rit.
376 1859 463 1920 Rom.
485 1854 640 1929 Quaritur
663 1872 732 1933 ergo
750 1859 858 1915 utrum
880 1853 1052 1916 adhihenda
1071 1854 1127 1929 sit,
1146 1856 1193 1918 vel
1213 1856 1403 1919 omittenda?
1420 1861 1517 1938 Resp.

238 1946 268 2006 S.
291 1949 324 2007 G.
345 1944 406 2008 nit.
428 1943 594 2006 :Strictim
618 1944 650 2002 in
677 1961 748 2003 rant
766 1952 902 2004 seruetur
927 1941 1049 2005 Rituaie
1071 1943 1240 2006 Rornaaam
1261 1944 1300 2024 (9
1315 1945 1401 2008 iunii
1416 1951 1518 2020 1853,

240 2032 475 2113 Coebiaebinar).

279 2120 489 2202 Multiplioiter
502 2121 566 2182 haec
583 2119 679 2182 foruna
698 2120 803 2182 vitiari
822 2128 936 2200 potest,
954 2121 1018 2183 sive
1034 2119 1268 2194 accidentaliter,
1287 2122 1350 2184 siue
1369 2123 1520 2186 substan·
1582 2183 1583 2206 ,

240 2211 363 2284 tialiter,
380 2216 417 2271 ut
432 2227 524 2289 snpra
538 2208 657 2270 dictum
671 2214 717 2270 est
731 2209 764 2269 in
781 2218 868 2271 tract.
886 2209 921 2270 de
937 2209 1142 2271 sacramentis
1156 2215 1188 2271 ia
1202 2231 1324 2292 perere,
1341 2231 1372 2272 n.
1387 2215 1459 2276 198.
1582 2219 1583 2282 l

279 2297 410 2360 Omissio
425 2297 508 2360 vorhi
528 2316 580 2378 epo
599 2313 660 2358 non
678 2297 811 2377 pertinet
828 2299 866 2358 ad
885 2297 1049 2360 essentiam
1068 2297 1189 2373 forma,
1206 2319 1261 2362 nec
1279 2300 1434 2363 excederet
1448 2320 1521 2382 pec-

238 2393 342 2448 catum
363 2385 491 2448 veniale.
520 2419 559 2429 --
582 2385 620 2447 S.
640 2385 711 2467 Lip.
735 2405 766 2446 a.
788 2391 857 2448 111.
881 2423 921 2431 -
945 2388 1029 2448 Idem
1055 2386 1221 2450 dicendum
1247 2389 1380 2462 videtur,
1406 2389 1518 2453 saltem

237 2473 445 2555 probabilius,
470 2475 506 2537 de
530 2473 694 2536 omissione
716 2475 937 2556 conjunctionis
959 2486 1002 2554 et,
1026 2477 1197 2556 praserthu
1221 2477 1248 2540 si
1273 2479 1365 2540 semel
1388 2485 1519 2541 tantum

240 2561 413 2635 omittatur,
429 2570 460 2624 et
474 2568 546 2624 ante
558 2562 686 2639 tertiam
702 2581 864 2642 personam
880 2572 1084 2645 preponatur.
1099 2566 1182 2628 Idem
1199 2565 1292 2628 etiem
1301 2565 1516 2649 probabilius,

195 2655 196 2658 ’
240 2652 277 2712 de
291 2651 382 2713 verbo
402 2651 447 2728 ia,
464 2651 533 2712 lieet
549 2651 650 2731 plnres
667 2669 772 2731 graves
790 2653 919 2732 theologi
939 2653 1158 2716 contradicant.
1175 2657 1289 2717 Caetera
1304 2663 1406 2718 autem
1422 2656 1517 2718 verba

240 2740 366 2802 omnino
380 2741 418 2802 ad
433 2740 623 2802 validitatem
637 2740 849 2820 requiruntur.

334 2947 336 2952 ,
362 2871 557 2946 Quaesita.

281 3003 352 3062 242.
370 3034 409 3044 -
428 3001 528 3073 Quae.
547 3005 580 3061 l⁰
592 2999 640 3058 Aa
660 2998 764 3060 calida
778 2999 819 3060 sit
835 2999 935 3079 forma
952 2999 1118 3082 Baptisna',
1136 3001 1166 3062 si
1176 3001 1299 3062 dicatur
1308 3021 1321 3062 .·
1336 3003 1368 3064 Ε
1368 3021 1407 3084 po
1424 3013 1452 3064 te
1469 3005 1521 3065 bau

239 3088 322 3170 ptizo
337 3092 502 3149 innomine
517 3088 723 3152 Sanctissimae
738 3088 913 3164 Trinitatis,
931 3089 979 3150 oei
994 3091 1026 3150 in
1041 3093 1162 3151 aeneiae
1180 3090 1315 3154 Christi?
1582 3147 1583 3166 ,

282 3177 484 3260 raparum
495 3176 586 3259 nea,
602 3176 1050 3259 saltemprobatttas,qniain
1064 3179 1520 3245 alitormenonsatdistinea
1582 3167 1583 3220 ³

242 3266 458 3346 exprimuntur
477 3266 605 3346 singula
627 3285 762 3346 persona
781 3267 898 3328 Sancta
918 3267 1097 3342 Trinitatis;
1119 3267 1272 3349 siquidem
1295 3287 1354 3332 vox
1377 3269 1519 3332 Trinitas

243 3361 367 3417 tantum
388 3357 511 3434 confuse
527 3363 557 3416 ot
571 3355 718 3437 implicite
736 3374 880 3436 personas
899 3355 1065 3436 significat;
1084 3356 1223 3419 Christus
1242 3365 1345 3420 autem
1363 3358 1462 3421 voluit
1486 3365 1521 3422 ut
1582 3363 1583 3408 l

242 3443 383 3504 distinete
395 3445 650 3524 exprimerentur,
663 3452 754 3525 prout
763 3451 848 3525 patet
860 3464 896 3508 ex
908 3445 1019 3506 blattis.
1031 3465 1055 3506 e.
1069 3445 1187 3506 ultima.
1198 3483 1238 3492 -
1248 3447 1299 3508 lta
1310 3451 1520 3510 conrmaaiter.

243 3531 329 3593 -S.
345 3531 413 3614 Lip.
430 3554 461 3594 a.
476 3539 545 3597 111.
1582 3549 1583 3620 3

283 3621 372 3704 Iiesp.
389 3622 712 3702 attrectassent
728 3644 746 3683 a
759 3623 898 3698 fortiori,
911 3623 985 3702 quia
998 3623 1172 3686 nallatenus
1184 3625 1368 3705 exprimitur
1379 3625 1521 3688 Trinitas
1582 3623 1583 3696 l

242 3727 297 3788 per
310 3711 340 3770 τὸ
359 3710 526 3772 innomine
544 3709 790 3772 Christi—Ita
809 3729 908 3772 omnes
927 3712 1034 3772 saltem
1053 3729 1136 3774 nnnc
1155 3720 1222 3792 post
1241 3711 1275 3774 S.
1295 3713 1455 3791 Ptemari,
1475 3719 1520 3786 3.,

244 3817 274 3880 q.
295 3801 350 3872 66,
367 3807 426 3859 art.
443 3804 477 3873 6,
497 3807 527 3860 et
546 3805 665 3861 constat
684 3817 721 3860 ex
739 3801 811 3861 iure
833 3818 912 3872 can,
933 3799 966 3861 in
983 3819 1008 3860 c.
1027 3799 1066 3861 Si
1081 3820 1185 3863 revera
1205 3806 1258 3874 30,
1276 3803 1312 3864 de
1330 3801 1519 3879 Corseas-an,
1582 3805 1583 3892 1

243 3885 315 3946 dist.
333 3891 416 3948 1.-
434 3887 467 3950 S.
485 3888 553 3969 Lia.
571 3908 601 3949 n.
620 3890 690 3950 tlt.
1582 3903 1583 3944 t

284 3976 386 4048 Qatnu.
404 3981 437 4037 2⁰
452 3977 500 4037 Aa
510 3977 607 4038 ualeat
618 3975 806 4056 Baptismus,
822 3979 852 4038 si
856 3978 965 4057 sorana
976 3987 1123 4041 consueta
1134 3978 1267 4041 addatur
1277 4000 1288 4040 .·
1303 3987 1334 4042 et
1345 3981 1379 4041 in
1393 3981 1521 4044 nomine
1582 4003 1583 4068 1

243 4061 340 4123 beatae
353 4064 455 4127 Maria
468 4065 627 4144 Virg'nis?
715 4053 719 4072 ⁶
1582 4075 1583 4160 1

284 4149 374 4232 Resp.
388 4171 400 4212 .·
418 4151 676 4234 Distinguendum
702 4160 774 4215 est:
798 4157 864 4215 Non
890 4155 986 4231 ualet,
1013 4157 1038 4218 si
1067 4157 1137 4238 quis
1164 4157 1220 4219 hoc
1240 4156 1353 4230 faciens
1376 4159 1519 4220 intendat
1582 4173 1583 4248 1

244 4237 437 4319 Baptismum
457 4235 592 4303 conferre
611 4240 643 4303 in
663 4242 788 4304 nomine
806 4242 902 4305 beata
921 4245 1072 4325 Virginis,
1091 4247 1254 4308 tribuendo
1273 4247 1386 4310 scilicet
1405 4246 1520 4310 talibus
1582 4249 1583 4306 l

244 4327 423 4390 nominihus
436 4347 541 4392 veram
553 4329 715 4393 efficaciam
728 4331 760 4393 in
773 4331 922 4411 Baptismi
937 4334 1127 4397 1111011111-
1138 4339 1229 4399 Serus
1244 4353 1329 4412 uero,
1342 4337 1369 4398 si
1383 4334 1416 4398 id
1428 4335 1520 4398 laniet

244 4435 280 4478 ex
294 4415 470 4496 importuna
484 4419 653 4482 devotione.
665 4453 709 4468 ·-
726 4419 762 4481 S.
778 4420 846 4501 Lip.
864 4441 894 4482 a.
910 4427 978 4483 111.
