3206 5042
621 310 663 354 aa
684 309 915 356 uarnrnonro
1336 301 1405 361 tot

117 441 135 482 «
160 441 256 498 rum,
275 422 301 484 si
318 428 397 484 recte
409 427 511 502 ageret
525 419 559 482 in
575 421 680 500 copula
694 421 860 502 conjugali,
877 422 1070 484 vehementer
1084 429 1188 484 autem
1205 425 1356 488 desiderat
1370 435 1407 489 ut

117 534 135 571 «
160 531 195 574 se
216 511 356 573 retrahat
375 511 432 584 vir,
456 509 531 589 quia
549 509 660 571 mulier
679 509 730 570 illa
749 511 864 589 prolem
880 510 991 572 habere
1012 511 1166 574 formidat.
1187 516 1221 574 2⁰
1243 514 1291 572 An
1309 515 1407 592 possit

118 623 135 658 «
160 599 287 662 absolvi
306 599 499 679 mulierque
520 598 554 659 in
569 599 675 678 copula
689 599 840 679 conjugali
861 605 960 680 posset
979 600 1044 661 suis
1063 599 1221 662 blanditiis
1236 600 1405 664 obtinerea

118 711 134 746 «
159 688 250 762 viro,
276 689 357 768 quod
378 706 442 750 non
463 707 494 750 se
519 688 701 763 retraheret,
727 693 758 749 et
780 705 841 750 non
864 686 951 762 lacit;
975 688 1050 767 quia
1069 687 1122 750 illa
1140 689 1245 769 copula
1259 689 1318 750 sibi
1342 690 1405 752 dis·

119 799 134 836 a
159 777 300 857 plicet.»

159 870 360 930 Rnsransan.
377 901 416 910 —
440 887 454 926 «
478 871 509 930 S.
530 865 775 939 Poenitentiaria,
796 866 952 946 perpensis
973 865 1076 928 dubiis
1097 885 1115 928 a
1136 867 1212 927 Veu.
1234 866 1268 928 in
1286 867 1408 930 Christo

118 959 256 1018 «Patre
281 955 426 1034 Episcopo
450 959 486 1017 N.
512 953 690 1035 propositis,
717 955 902 1035 respondit:
928 955 1085 1034 Neyative.
1109 958 1222 1016 Datum
1247 959 1350 1036 Romae
1374 956 1408 1018 in

119 1065 134 1102 «
160 1046 193 1106 S.
212 1043 464 1117 Poenitentiaria,
482 1042 530 1104 die
545 1043 583 1105 m
598 1042 670 1106 hlaii
686 1047 774 1106 tata.
793 1065 809 1102 n

159 1137 239 1196 928.
255 1167 295 1179 -
312 1134 352 1192 ΙΙ*
366 1135 581 1194 Gousatrarro.
605 1154 620 1190 «
636 1131 789 1206 Quaeritur
803 1151 820 1194 a
838 1132 911 1194 Sede
926 1131 1110 1211 Apostolica,
1127 1149 1189 1211 qua
1203 1139 1275 1195 nota
1294 1133 1406 1196 theolo-

119 1243 136 1280 «
162 1220 235 1300 gica
251 1220 352 1300 dignae
372 1220 436 1282 sint
457 1226 519 1284 tres
537 1220 757 1301 propositiones
777 1224 950 1300 sequentes,
968 1220 1119 1282 nimirum
1139 1239 1145 1281 :
1165 1225 1197 1282 l⁰
1216 1221 1258 1283 Ob
1273 1221 1407 1284 rationes

119 1331 136 1368 «
160 1309 313 1372 honestas
328 1309 509 1389 conjugibus
524 1308 570 1371 uti
589 1308 660 1370 licet
674 1309 870 1372 Matrimonia
888 1328 922 1371 eo
942 1308 1046 1383 modo,
1063 1327 1123 1388 quo
1145 1327 1219 1370 usus
1238 1315 1285 1371 est
1305 1313 1402 1372 Onan.

121 1419 138 1456 «
164 1403 198 1460 2⁰
223 1397 383 1461 Probabile
401 1405 447 1460 est
465 1398 562 1460 istum
582 1397 770 1462 Matrimonii
788 1415 882 1460 usum
902 1417 963 1460 non
984 1415 1048 1460 esse
1067 1397 1259 1477 prohibitum
1281 1398 1318 1460 de
1335 1402 1405 1478 jure

123 1509 140 1544 «
163 1485 318 1548 naturali.
336 1491 368 1548 3ο
380 1489 547 1567 Nunquam
559 1487 680 1567 expedit
690 1487 876 1567 interrogare
888 1488 924 1549 de
938 1488 995 1550 hac
1004 1486 1131 1548 materia
1143 1487 1305 1567 utriusque
1315 1505 1406 1549 sexus

122 1597 138 1634 «
163 1577 328 1654 conjuges,
348 1574 468 1638 etiamsi
487 1577 653 1656 prudenter
669 1576 824 1651 timeatur,
848 1595 886 1638 ne
905 1579 1062 1656 conjuges,
1078 1576 1141 1638 sive
1160 1575 1218 1650 vir,
1236 1575 1300 1638 sive
1315 1593 1403 1648 uxor,

120 1685 137 1724 a
161 1664 339 1726 abutantur
351 1663 556 1727 Matrimonia.
575 1687 591 1724 r>

160 1757 359 1815 Rnsrousarr.
375 1785 413 1796 —
430 1757 461 1815 S.
480 1756 624 1831 Congreg.
642 1753 799 1832 Inquisit,
817 1754 865 1814 die
882 1759 917 1815 at
935 1753 1007 1814 Maii
1026 1757 1115 1814 tart.
1132 1754 1180 1813 hd
1201 1758 1276 1813 1²¹²:
1299 1772 1313 1809 a
1327 1751 1406 1811 Pro-

119 1863 136 1898 «
158 1839 350 1920 positionem
365 1858 426 1900 erse
440 1840 658 1916 scandalosam,
674 1859 845 1912 erroneam,
859 1850 888 1902 et
898 1842 973 1920 jari
985 1840 1121 1901 natarali
1134 1839 1327 1900 Matm'monii
1338 1859 1404 1901 con-

121 1949 137 1986 «
163 1926 309 1988 trariam.
331 1929 378 1989 Ad
395 1932 448 1990 Ψ
472 1948 479 1990 :
503 1928 745 2008 Propositionem
765 1949 824 1991 esse
842 1929 1059 2006 scandalorum,
1087 1947 1256 2002 erroneam,
1277 1935 1307 1988 et
1326 1928 1404 1989 atine

121 2037 137 2076 a
164 2015 319 2096 amplicite
335 2015 507 2078 damnatam
523 2016 560 2078 ab
574 2017 752 2078 Innocentio
766 2016 828 2098 XI,
843 2019 1051 2100 propositione
1064 2021 1117 2082 tt·
1136 2017 1228 2098 (Vide
1245 2017 1324 2078 hanc
1337 2034 1403 2097 pro-

119 2127 136 2163 «
161 2103 350 2184 positionem
374 2124 466 2186 supra
484 2127 514 2167 n.
540 2107 625 2186 9⁹22).
653 2107 699 2168 Ad
728 2111 783 2169 3¹²¹¹²
806 2127 812 2167 :
838 2106 1093 2189 Propon'tionen,
1112 2115 1205 2189 prout
1219 2108 1319 2187 jacet,
1344 2124 1404 2167 esee

124 2215 140 2250 a
164 2191 297 2273 salsam,
311 2195 400 2254 nimis
415 2193 533 2272 laram,
549 2205 576 2255 et
590 2198 623 2254 in
636 2199 734 2276 praei
746 2195 959 2277 periculosam.
974 2218 989 2254 n

165 2284 242 2344 929.
261 2317 300 2326 -
322 2284 375 2343 111⁸
394 2285 611 2346 Consuararro.
635 2307 650 2341 «
672 2284 864 2346 Postulatum
886 2285 1092 2348 illustrissimi
1116 2288 1150 2346 D.
1176 2283 1316 2356 Bouvier,
1336 2283 1406 2362 Epi-

124 2393 140 2430 «
165 2369 251 2450 scopi
270 2372 520 2445 Cenomanensis,
537 2371 615 2434 circa
633 2373 741 2451 agendi
763 2372 912 2434 rationem
931 2373 1189 2435 confessariorum
1213 2390 1283 2433 cum
1302 2375 1406 2452 conju·

123 2480 138 2518 «
163 2458 274 2538 gibus,
292 2458 417 2522 relative
428 2461 467 2522 ad
478 2460 675 2524 onanismum
693 2481 700 2522 :

165 2571 182 2607 «
205 2547 387 2611 Beatissime
408 2552 506 2624 Pater,
531 2549 695 2631 Episcopus
710 2550 948 2614 Cenomanensis
967 2550 1002 2612 in
1021 2549 1142 2625 Galliis,
1158 2550 1196 2611 ad
1211 2551 1301 2628 pedes
1319 2552 1349 2613 S.
1365 2552 1402 2610 V.

123 2657 138 2695 «
163 2654 292 2699 summa
311 2655 382 2699 cum
403 2637 574 2700 reverentia
593 2639 787 2718 provolutus,
810 2657 859 2712 ea,
880 2657 949 2719 quae
969 2645 1152 2720 sequuntur,
1168 2637 1343 2699 humillime
1359 2657 1403 2699 rc-

123 2747 139 2783 «
163 2731 343 2802 praesentat.

170 2832 187 2865 «
209 2813 283 2869 Fere
306 2827 411 2870 ornnes
427 2810 565 2890 juniores
582 2813 686 2888 sponsi
703 2813 944 2874 numerosiorem
967 2813 1080 2890 pmlem
1099 2810 1208 2871 habere
1229 2811 1353 2885 nolamt,
1375 2818 1405 2874 ct

128 2921 144 2957 «
170 2901 277 2958 tamen
291 2895 329 2957 ab
344 2901 415 2958 actu
429 2898 579 2977 conjugali
592 2898 742 2960 abstinere
756 2899 912 2960 moraliter
933 2906 1099 2980 nequeunt.

173 3007 189 3044 «
213 2988 241 3046 Α
254 2983 442 3047 confessario
456 2985 635 3064 interrogati
649 2986 727 3048 circa
746 2987 874 3048 modum
888 3007 949 3068 quo
966 2989 1090 3068 juribus
1104 2988 1295 3052 Matrimonii
1310 2993 1403 3051 utun-

130 3099 146 3135 «
172 3083 234 3148 tur,
250 3073 384 3153 graviter
395 3073 593 3136 communius
605 3073 717 3137 aliendi
730 3075 841 3150 solent;
858 3083 889 3137 et
904 3076 1030 3151 moniti,
1048 3095 1102 3138 nea
1114 3078 1152 3139 ab
1167 3085 1236 3140 actu
1251 3077 1403 3158 conjugali

130 3188 146 3224 «
171 3169 360 3244 temperant,
378 3181 432 3226 nec
443 3165 481 3226 ad
500 3163 631 3225 nimiam
648 3166 740 3244 prolis
759 3165 1044 3246 multiplicationem
1062 3167 1259 3229 determinari
1272 3173 1400 3248 qarearnt.

172 3275 189 3311 «
216 3255 319 3326 Tunc,
345 3253 491 3315 adversus
519 3251 721 3316 confessarios
749 3255 965 3330 mussitantes,
993 3255 1187 3316 Sacramenta
1213 3253 1402 3316 Paenitentia

128 3365 143 3402 «
168 3349 200 3404 et
211 3341 411 3404 Eucharistiae
423 3341 659 3421 derelinquunt,
677 3343 793 3405 malum
807 3344 944 3424 praebent
955 3343 1129 3423 exemplum
1137 3342 1250 3416 liberis,
1264 3342 1399 3416 famulis,

128 3455 143 3489 «
167 3431 298 3511 aliisque
310 3431 422 3493 Christi
438 3429 592 3506 fidelibus;
608 3431 775 3510 lugendum
790 3432 863 3494 inde
876 3432 975 3495 oritur
988 3431 1153 3512 Religionis
1168 3432 1399 3494 detrimentum.

170 3539 186 3576 α
210 3524 363 3582 Numerus
372 3538 495 3596 eorum,
509 3519 562 3600 qui
577 3521 614 3582 ad
627 3539 748 3584 sacrum
761 3520 952 3584 Paenitentia
965 3521 1113 3582 tribunal
1125 3521 1285 3592 accedunt,
1295 3520 1403 3582 multis

128 3630 144 3665 «
167 3606 202 3666 in
220 3607 294 3669 locis
308 3609 346 3670 ab
361 3628 442 3672 anno
456 3610 490 3672 in
505 3627 621 3672 annum
640 3611 783 3673 decrescit
798 3609 969 3691 praesertim
983 3610 1021 3672 ob
1035 3610 1114 3672 hanc
1126 3627 1266 3684 causam,
1281 3607 1403 3671 fatenti-

128 3718 144 3754 «
167 3694 227 3756 bus
239 3697 390 3778 plerisque
404 3699 544 3761 Parachis
563 3699 688 3778 pietate,
704 3699 829 3762 scicntia
848 3705 878 3760 et
897 3697 1084 3779 experientia
1102 3698 1199 3779 magis
1218 3697 1399 3778 conspicuis

171 3804 187 3841 «
210 3787 366 3859 Quomodo
387 3805 456 3867 ergo
482 3787 556 3850 olim
582 3788 712 3867 agebant
738 3787 940 3852 Gonlcssarii‘l
966 3787 1055 3850 aiunt
1081 3787 1184 3850 nrrrlti.
1213 3791 1280 3850 Non
1303 3787 1403 3866 plures

129 3893 145 3932 «
168 3889 264 3952 quarn
275 3875 365 3937 hodie
378 3876 583 3939 cammmriter
596 3879 800 3940 nascebantur
813 3877 900 3940 liberi
911 3896 947 3939 ex
960 3877 1091 3956 singidis
1100 3875 1319 3949 blatrimouiiS,
1333 3893 1402 3936 oon-

128 3982 145 4019 «
163 3963 255 4042 juges
275 3981 336 4025 non
351 3973 438 4028 erant
453 3965 609 4040 castiores,
629 3972 660 4028 et
679 3966 883 4029 nihilominus
902 3965 1059 4046 preceptis
1074 3983 1185 4028 annuae
1201 3962 1402 4027 confessionis

130 4071 145 4112 a
169 4069 203 4113 ac
215 4053 449 4116 communionis
463 4055 613 4116 Paschalis
628 4073 690 4117 nou
704 4056 838 4118 deerant.

172 4161 187 4198 «
210 4141 321 4202 Omnes
335 4141 465 4204 libenter
478 4143 667 4218 admittunt,
688 4144 903 4208 infidelitatem
920 4163 990 4225 erga
1005 4148 1207 4223 campartem,
1226 4148 1256 4205 et
1275 4143 1401 4204 abortus

130 4250 146 4287 «
169 4229 402 4293 attentationem
417 4231 590 4294 maximum
601 4251 665 4296 esse
677 4241 844 4314 peccatum.
861 4238 903 4296 ht
915 4234 967 4297 vix
982 4251 1016 4295 ac
1030 4251 1068 4295 ne
1078 4231 1131 4294 vix
1140 4233 1265 4313 quidem
1279 4247 1403 4311 persua-

129 4339 145 4378 «
168 4318 390 4399 deripuerant,
409 4339 439 4383 se
459 4321 554 4384 teneri
574 4323 631 4384 sub
651 4329 771 4402 peccato
793 4323 929 4396 mortali,
946 4328 1001 4384 aut
1018 4321 1181 4403 perlectam
1199 4322 1233 4382 in
1247 4319 1402 4382 Matrimo-

129 4429 145 4466 «
167 4405 221 4470 nio
237 4427 356 4473 servare
370 4409 558 4483 castitatem,
583 4419 637 4473 aut
656 4413 811 4475 incurrere
833 4411 1004 4492 periculum
1022 4411 1220 4474 innumeram
1238 4407 1402 4488 generandi

128 4518 143 4556 a
167 4498 292 4577 prolem.

170 4607 186 4645 «
208 4587 354 4652 rraentus
372 4591 609 4656 Cenomanensis
628 4592 795 4676 Episcopus
814 4592 952 4675 ingentia
970 4592 1043 4655 hinc
1056 4592 1226 4654 obventura
1242 4605 1306 4652 esse
1320 4584 1401 4649 mala
