3224 5044
179 179 248 239 ost
708 183 916 229 reserares

177 299 366 368 Matrimonii
373 298 493 449 §nibus
506 301 698 372 adversatur,
714 312 824 376 nempe
841 293 1028 374 generationi
1044 293 1137 374 prolis
1151 299 1183 355 et
1199 293 1286 355 bouae
1301 297 1369 374 ejus
1381 297 1460 359 edu-

178 389 303 454 cetioni.
318 422 360 434 --
393 397 424 448 tu
438 405 546 448 omnes.

219 484 254 542 2⁰
268 481 393 540 Certum
406 483 469 550 est,
487 475 694 558 polypomiom
708 473 918 536 simuliaueene
935 489 999 535 esse
1017 470 1154 535 inomni
1168 489 1240 534 essu
1252 472 1459 552 prohibitam.

182 568 291 632 saltem
301 567 419 646 dejure
433 565 565 646 positivo
578 565 685 628 divino
699 581 785 626 norm
798 563 887 642 legis,
903 566 940 624 ut
950 567 1070 624 mustei
1081 577 1121 623 ex
1134 563 1208 623 Luc.
1224 578 1294 634 ΙΙΙ,
1309 566 1349 625 Ι8
1365 582 1373 623 τ
1388 561 1461 624 Oru-

179 660 241 734 nis,
258 657 314 736 qui
325 655 457 716 dimittit
476 673 600 716 acrorem
618 672 719 730 suem,
736 662 766 713 et
783 651 877 713 oliam
896 651 996 729 derit,
1012 649 1190 712 meriatur.
1205 652 1331 712 ΟΙΙΙΙΙΙΙ
1343 651 1463 731 puriter

181 765 219 808 ex
237 745 336 821 Trici,
352 763 420 804 sess.
437 745 542 816 XXIV,
554 761 621 804 ems.
637 747 666 805 2.

223 838 256 898 30
268 837 396 897 Certum
406 836 468 906 ost,
480 833 630 894 secundas
642 831 770 912 nuptias
783 836 815 892 et
826 828 986 892 ulteriores
1005 847 1069 891 esse
1085 826 1185 891 licitas
1199 835 1265 891 tum
1283 829 1350 892 rire
1363 847 1462 909 quam

185 921 309 985 mulieri
318 921 415 983 ΙΙΙΙΙΙ
427 921 485 982 sub
500 921 563 999 lege
575 920 766 999 Euangeliou.
778 922 904 981 constat
917 936 955 980 ex
967 917 1150 980 auctoritate
1163 924 1194 978 et
1205 917 1293 996 praxi
1308 919 1462 994 Ecclesiae,

96 1085 104 1102 ·
179 1029 298 1074 noouou
311 1027 350 1072 ΙΙ
364 1008 518 1089 Scriptura
530 1011 654 1082 sacra‚l
672 1011 740 1071 Cor.
755 1025 815 1080 vn,
833 1011 871 1070 39
888 1025 895 1067 :
913 1006 1027 1068 Mulier
1043 1005 1175 1082 altipeta
1190 1015 1234 1067 est
1251 1005 1327 1087 lepi,
1346 1017 1464 1088 priam

183 1109 317 1181 tempore
338 1101 388 1160 uir
404 1099 469 1179 ejus
483 1098 576 1174 oiuit,·
594 1097 678 1178 quod
692 1101 721 1157 si
738 1097 898 1158 dormierit
917 1099 966 1158 cir
989 1097 1073 1176 ejus,
1090 1094 1219 1156 liter-otc
1233 1103 1281 1156 est
1299 1113 1313 1156 .·
1329 1099 1382 1156 eni
1396 1096 1464 1158 usit

183 1189 291 1257 relat,
309 1196 427 1249 tontum
441 1187 477 1248 in
487 1187 628 1248 Domino.

525 1391 541 1478 ἓ
563 1391 607 1458 11.
629 1393 676 1457 Dc
694 1391 860 1474 flectitule
879 1389 1115 1456 Matrimonii.

223 1569 338 1650 Duplex
350 1569 554 1649 distinguitur
567 1567 756 1632 Matrimonii
770 1567 901 1630 firmitas
914 1568 990 1629 :alia
1000 1567 1084 1629 euim
1099 1565 1272 1642 duculum,
1285 1568 1463 1630 abatorum

185 1657 319 1739 respicit.

737 1789 878 1834 ΡΙΙΙΙΙΙΙΙΙ
898 1789 910 1832 Ι

400 1917 440 1972 De
452 1915 588 1971 firmitate
601 1915 790 1984 Matrimonii,
804 1915 946 1987 quatenus
963 1916 1073 1988 spectat
1087 1913 1248 1972 vinculum.

229 2065 298 2124 758.
315 2095 355 2106 -
375 2061 608 2123 Matrimonium
627 2068 674 2123 est
691 2059 916 2135 indissolubile,
937 2060 970 2123 id
990 2066 1053 2136 est,
1070 2059 1267 2125 Matrimonio
1281 2059 1370 2122 semet
1386 2075 1459 2120 oon-

192 2155 304 2223 tracm,
332 2149 500 2211 divortium
519 2150 619 2229 quoad
640 2150 800 2212 vinculum
823 2149 890 2211 fiori
910 2150 1032 2230 nequit,
1059 2151 1166 2212 saltem
1186 2151 1227 2212 de
1246 2150 1309 2229 lege
1330 2146 1461 2228 positiva

187 2237 304 2300 divina.
321 2241 362 2300 De
376 2238 449 2300 Fide
469 2245 524 2300 est.
541 2238 692 2300 Probatur
710 2243 742 2300 Ιο
759 2257 799 2300 ex
815 2237 917 2300 verbis
936 2237 1065 2314 Christi,
1084 2238 1193 2302 uach.
1210 2257 1276 2312 ΙΙΙ,
1293 2242 1336 2301 6:
1357 2237 1463 2318 ltaque

181 2327 251 2406 jorn
267 2347 327 2386 nou
340 2326 495 2398 scutilum,
512 2327 566 2387 sed
575 2347 638 2386 unc
647 2346 728 2386 earo
747 2326 834 2400 Quod
841 2346 911 2405 erpo
924 2326 1005 2388 Deris
1015 2328 1191 2408 conjunxit
1207 2326 1294 2388 tono
1309 2345 1465 2406 crumpe-

184 2423 241 2474 ret.
259 2419 289 2474 2⁰
303 2413 545 2475 Exverbisdivi
563 2414 829 2476 PaulilDorintb.
849 2433 910 2488 ΙΙΙ,
927 2421 1093 2478 tostii:
1108 2415 1153 2477 lis
1171 2415 1464 2496 coinquinasse

185 2520 285 2561 nennio
303 2501 411 2581 juncti
430 2509 500 2562 sunt
508 2505 698 2583 ,precipim
718 2522 778 2563 uon
797 2521 863 2583 epo,
886 2503 938 2565 sed
953 2504 1119 2580 Dominus,
1138 2524 1262 2566 urrerem
1279 2523 1300 2564 a
1316 2507 1384 2564 ciro
1401 2521 1464 2563 nos

184 2588 352 2660 discedere;
368 2588 448 2670 qnod
461 2593 488 2651 si
507 2550 687 2668 discesserit,
709 2611 828 2652 monere
846 2595 1021 2674 innuptam,
1038 2605 1092 2654 out
1109 2595 1238 2656 virosae
1254 2591 1460 2652 reconciliari.

184 2678 427 2740 Eteri-orarem
443 2699 504 2740 non
522 2679 782 2744 dimitteretis
797 2679 1029 2758 irrueremus.
1046 2685 1152 2758 XXIV,
1170 2685 1278 2745 cors

227 2770 297 2830 759.
313 2803 353 2812 —
367 2767 516 2848 Triplext
516 2785 608 2830 amen
623 2787 710 2831 casus
724 2775 771 2831 est
784 2768 1006 2850 excipiendus·
998 2819 1005 2832 .
1022 2789 1097 2833 uam

225 2862 258 2918 Ιο
272 2854 403 2918 Dissolvi
416 2861 514 2936 potest
532 2857 766 2920 Matrimonium
783 2869 884 2920 retum
902 2866 933 2921 et
949 2879 1011 2920 nou
1028 2869 1264 2922 consummatum
1283 2858 1464 2922 christiano-

183 2963 271 3020 rum,
292 2944 377 3024 gravi
391 2946 429 3008 de
443 2964 548 3019 cause,
561 2965 618 3028 per
633 2947 887 3028 dispensationem
901 2951 1004 3029 Papa,
1020 2967 1058 3010 ex
1076 2953 1222 3029 potestate
1238 2947 1391 3010 divinitus
1404 2946 1460 3026 ipsi

185 3051 334 3096 concessa.
356 3037 441 3096 Patet
461 3051 499 3096 ax
519 3053 553 3096 eo
574 3036 656 3114 qued
673 3038 723 3098 SS.
743 3037 928 3098 Pontifices
916 3055 983 3117 pum
1003 3037 1161 3100 multoties
1179 3037 1236 3100 bac
1254 3033 1462 3117 potestatium

184 3123 262 3195 siut,
281 3121 382 3184 usis.
403 3123 565 3202 Gregorius
582 3126 651 3199 VII,
667 3125 780 3187 Paulus
797 3127 851 3200 ΠΙ,
867 3129 982 3187 etc.-
997 3125 1040 3188 cf
1053 3127 1202 3204 Perrone,
1222 3125 1261 3187 ric
1283 3125 1463 3188 llatrimon.

184 3210 288 3272 cirisi.
267 3220 384 3287 tt.orn
400 3213 455 3284 ΠΙ,
469 3221 538 3272 sert.
556 3231 596 3286 11,
613 3233 638 3272 e.
656 3233 704 3285 ΙΙ,
723 3233 753 3274 α.
769 3218 800 3275 Ι.

222 3304 257 3362 2⁰
267 3259 396 3362 Dissolvi
406 3305 505 3380 potest
514 3301 745 3364 Mutrlmourum
754 3312 854 3363 rutum
863 3309 964 3364 elnon
973 3312 1211 3365 consummatum
1214 3321 1287 3383 per
1295 3302 1460 3364 solemnem

177 3389 400 3468 professionem
415 3389 589 3470 religiosam
604 3390 699 3452 unius
713 3394 895 3472 conjugum,
912 3399 1004 3472 utque
1017 3393 1074 3455 hoc
1088 3411 1125 3455 ox
1137 3392 1293 3472 privilegio
1302 3388 1425 3468 speciali
1434 3408 1458 3450 a

185 3477 306 3539 Christo
321 3495 458 3540 concesso
471 3484 501 3539 et
515 3478 552 3540 ab
568 3479 698 3540 Ecclesia
708 3480 866 3542 declarato.
883 3481 931 3542 Sic
945 3481 1029 3543 enim
1044 3481 1141 3556 Trid,
1154 3497 1230 3543 sess.
1243 3479 1347 3552 XXIV,
1362 3496 1389 3538 c.
1400 3495 1456 3538 vr:

181 3565 219 3625 Si
239 3569 306 3646 quis
326 3566 442 3627 eliserit
460 3566 692 3628 Matrimonium
715 3589 774 3628 non
791 3581 1041 3645 consuromoturn,
1056 3589 1112 3650 per
1130 3568 1287 3630 solemnem
1305 3564 1464 3646 religionis

178 3656 394 3734 professionem
409 3655 533 3716 alterius
550 3657 713 3738 conjupcm
728 3675 789 3717 non
802 3655 910 3718 dirimi
917 3707 924 3732 ‚
940 3659 1099 3720 onotlrerna
1113 3661 1162 3719 sit.

223 3747 264 3807 Ut
285 3751 390 3806 autem
412 3744 514 3824 sponsi
536 3743 572 3805 de
592 3744 686 3826 hujus
704 3745 857 3826 privilegii
877 3766 937 3810 usu
956 3747 1137 3821 deliberent,
1159 3747 1197 3809 ub
1216 3746 1282 3827 ipso
1294 3747 1367 3826 jure
1387 3743 1465 3805 duos

181 3849 301 3894 meuses
315 3839 382 3912 post
397 3833 522 3914 nuptias
537 3831 597 3894 sibi
612 3851 768 3896 concessos
785 3835 914 3910 habent,
932 3853 992 3916 quo
1009 3844 1143 3917 tempore
1160 3853 1222 3898 non
1237 3839 1384 3897 tenentur
1395 3832 1464 3894 red·

182 3920 252 3981 dere
267 3920 416 3984 debitum.
432 3920 521 3982 -S.
537 3921 608 4002 Lip
625 3943 656 3982 n
673 3927 749 3996 870,
764 3925 835 3987 958
854 3925 919 3986 imo
938 3931 1007 4004 post
1024 3925 1101 3987 illud
1120 3943 1240 4005 quoque
1258 3923 1422 3994 bimestre,
1437 3920 1464 3981 si

181 4006 464 4073 Matrimoniumt
434 4018 464 4073 et
466 4010 528 4072 iam
551 4029 604 4091 per
626 4009 715 4073 illicit
702 4017 767 4073 atm
791 4012 886 4074 debiti
910 4013 1103 4093 negotionem
1126 4015 1377 4076 consummatum
1401 4027 1464 4070 non

181 4095 293 4168 fuerit,
314 4096 369 4157 hoc
392 4099 588 4180 privilegium
611 4107 726 4163 manet.
754 4101 904 4162 Ferruris
928 4105 1031 4183 Neque
1055 4101 1132 4165 illud
1153 4099 1283 4181 impedit
1302 4095 1464 4162 fornicatio

181 4182 351 4246 habitet
303 4189 351 4245 inl
353 4201 384 4245 er
399 4205 522 4266 sponsos
538 4195 609 4250 ante
624 4189 812 4254 Matrimonii
826 4190 1277 4253 celebrattmonem-Scaom,

222 4277 327 4335 ΡΙΙΙΙΙ
349 4279 455 4336 tamen
478 4275 527 4338 ille
548 4277 602 4358 qui
621 4278 852 4340 Matrimonium
867 4297 938 4341 cum
957 4279 1128 4342 intentione
1149 4274 1369 4360 Religionem
1360 4291 1464 4354 ingre-

182 4360 285 4423 diendi
302 4369 371 4424 cont
361 4363 454 4425 trahil
464 4384 563 4444 qum
576 4371 759 4448 compartum
776 4375 909 4431 moneat.
922 4367 1014 4430 S
1027 4367 1098 4450 Lep
1102 4366 1200 4447 ,iord

221 4453 254 4512 3·
270 4450 397 4512 Dissolvi
412 4459 497 4532 potos
485 4461 513 4512 t
530 4454 768 4518 matrimonium
785 4457 881 4519 etiam
897 4468 1131 4521 consummatum
1143 4455 1320 4538 infidelium
1336 4471 1373 4514 ex
1390 4467 1464 4514 con·
