3198 5036
208 133 275 195 153
735 143 945 191 resonares

244 261 281 321 II.
298 257 484 322 Sacrificitrm
501 257 601 322 Missae
619 257 753 320 rationes
768 256 911 320 omnium
931 255 1148 319 sacrificiorum
1166 255 1303 336 antiquae
1320 255 1396 336 legis
1410 274 1481 338 per-

206 347 281 410 fecte
293 346 439 410 continet.
455 349 510 409 Est
525 346 608 409 enim
623 365 630 408 ε
647 351 679 408 ιο
692 345 910 418 Latreuticum,
924 351 1077 425 quatenus
1091 343 1258 426 specialiter
1273 347 1332 408 Deo
1351 344 1482 408 offertur
1579 385 1580 422 ι

207 435 242 499 in
263 435 450 517 agnitionem
472 435 607 516 supremi
631 438 696 518 ejus
717 434 858 498 dominii.
875 469 913 482 -
930 437 963 498 2⁰
976 433 1240 507 Eucharistieum,
1254 437 1404 514 quatenus
1418 437 1482 497 Deo
1579 441 1580 496 l

208 524 336 588 offertur
347 524 381 587 in
397 523 567 605 gratiarum
582 523 733 587 actionem
747 541 802 604 pro
816 523 970 586 beneficiis
981 522 1020 585 ab
1034 539 1069 586 eo
1083 522 1209 586 collatis.
1226 557 1265 570 —
1280 526 1312 586 3ο
1325 522 1484 604 Propitia-
1579 569 1580 602 ,

209 615 319 675 terium
333 621 363 675 el
374 612 614 694 satisfactorium
629 613 674 676 vel
687 614 900 696 expiatorium,
918 619 1009 693 pmut
1018 614 1076 674 Deo
1090 610 1217 674 offertur
1228 611 1266 673 ad
1280 611 1483 674 obtinendam

209 709 279 766 tum
293 701 415 764 veniam
428 708 634 781 poeoniorum,
650 707 721 764 tum
734 701 946 764 remissionem
962 718 1060 781 prena
1073 699 1135 762 illis
1152 698 1271 763 debita.
1289 735 1328 744 -
1342 704 1376 762 ιθ
1390 701 1484 762 Deni-

210 809 269 874 que
281 794 535 872 impetratorium,
552 797 643 871 prout
654 793 713 854 [leo
724 790 851 853 offertur
864 790 903 852 ad
917 788 1061 852 beneficia
1071 788 1110 852 ab
1124 806 1158 850 eo
1173 805 1225 868 per
1237 787 1350 851 merita
1363 787 1484 852 Christi

209 879 412 961 impetranda.
429 883 554 944 Constat
567 899 605 942 ex
620 877 712 941 Cone.
732 877 831 956 Trici,
848 898 915 940 sess.
933 879 1029 952 XXII,
1042 896 1109 939 eon.
1127 881 1156 940 3.

252 971 440 1032 ota-111.
462 970 662 1030 incruentum
684 968 783 1032 Missae
803 966 991 1029 Sacrificium
1009 964 1092 1028 idem
1112 965 1240 1046 profecto
1259 969 1305 1028 est
1330 985 1364 1028 ac
1387 965 1483 1028 sacri-

214 1053 505 1120 ficium'cruentnm
532 1057 652 1132 Crucis,
677 1075 740 1119 non
764 1056 864 1120 solum
886 1053 960 1136 quia
981 1054 1087 1117 eadem
1110 1053 1235 1117 victima
1260 1053 1403 1130 offertur,
1431 1054 1485 1116 sed

214 1143 308 1207 etiam
325 1144 399 1224 quia
413 1145 518 1207 eadem
532 1149 580 1206 est
590 1143 727 1206 formalis
745 1142 884 1206 sacrificii
903 1141 996 1218 ratio,
1012 1160 1065 1223 per
1078 1141 1329 1223 protestationem
1343 1141 1486 1205 videlicet

213 1232 348 1313 supremi
367 1231 496 1294 dontinii
516 1232 596 1313 quod
612 1235 691 1294 Deus
707 1231 742 1293 iu
755 1230 853 1293 vitam
868 1236 1060 1312 mortemque
1076 1229 1178 1293 hahet.
1195 1229 1339 1306 Quocirca
1359 1229 1485 1295 Sacrifi-

213 1320 297 1383 cium
309 1319 423 1382 Altaris
439 1338 457 1380 a
471 1319 618 1382 sacrificio
629 1319 734 1383 Crucis
743 1319 846 1382 differt
860 1337 921 1381 non
933 1319 1058 1400 quidem
1070 1317 1281 1394 essentialiter,
1292 1320 1345 1410 sed
1357 1325 1485 1382 tantum

214 1407 447 1482 accidentaliter,
468 1409 569 1489 quoad
590 1408 718 1470 modum
742 1408 855 1471 scilicet
881 1407 1036 1477 offerendi.
1052 1443 1093 1454 -·
1113 1413 1145 1471 ιο
1168 1407 1261 1470 Enim
1281 1407 1316 1470 in
1338 1407 1485 1472 sacrificio

213 1495 318 1560 Crucis
331 1514 414 1559 mors
431 1495 523 1558 realis
538 1495 725 1573 intercessit;
741 1496 776 1558 in
792 1497 849 1559 hoc
867 1515 937 1559 vero
951 1496 1076 1578 mystico
1093 1502 1226 1559 tantum.
1243 1531 1282 1542 —
1296 1501 1330 1560 9⁰
1343 1497 1421 1559 illud
1432 1515 1486 1578 per

214 1603 245 1647 se
263 1584 366 1666 ipsum
387 1585 569 1665 Redemptor
585 1585 699 1648 obtulit
715 1585 750 1648 in
769 1604 822 1648 ara
841 1584 961 1661 Crucis;
980 1585 1035 1648 hoc
1053 1591 1158 1648 autem
1178 1585 1266 1648 offert
1285 1585 1483 1649 Sacerdotum

214 1673 396 1739 ministerio.
411 1712 451 1722 -
474 1681 506 1740 3⁰
526 1676 604 1739 Illud
620 1675 680 1738 luit
702 1673 912 1744 meritorium,
928 1673 1001 1756 quia
1019 1674 1054 1736 in
1072 1692 1106 1738 eo
1123 1675 1259 1737 solutum
1279 1682 1326 1737 est
1344 1673 1484 1755 pretium

216 1769 328 1828 nostre
340 1765 572 1846 redemptionis;
588 1783 641 1846 per
651 1764 709 1828 hoc
719 1782 789 1827 vero
805 1761 916 1826 merita
930 1762 1046 1826 Christi
1059 1762 1260 1844 applicantur.

338 1912 533 1989 Quaeslte.

255 2045 325 2105 349.
341 2076 382 2089 -
395 2045 497 2117 Quina.
513 2047 545 2103 ιο
559 2040 600 2102 In
614 2059 672 2122 quo
686 2040 831 2101 considat
840 2041 968 2102 essentia
984 2037 1143 2119 Socrr'ficii
1158 2037 1281 2100 Missae?

254 2129 348 2211 Hesp.
360 2148 374 2191 .·
389 2128 642 2192 Controvertitur.
662 2127 859 2189 Probabilius
872 2126 1013 2191 consistit
1026 2127 1061 2188 in
1078 2127 1140 2190 sola
1154 2126 1392 2201 consecratione,
1406 2128 1481 2208 quia

218 2215 253 2278 in
277 2216 338 2279 sola
352 2217 573 2279 consecratione
590 2215 794 2278 inveniuntur
814 2214 918 2278 omnia
939 2215 1086 2297 requisita
1105 2215 1144 2278 ad
1167 2215 1356 2278 Sacrificium
1373 2217 1486 2280 consti-

217 2305 383 2378 tuendum,
398 2321 508 2385 nempe
524 2303 635 2366 oblatio
652 2309 682 2364 et
695 2301 825 2384 mystica
843 2303 977 2366 victime
988 2303 1155 2366 destructio
1176 2323 1230 2366 seu
1248 2303 1431 2368 immolatio.
1446 2341 1487 2352 -

216 2391 266 2453 Ito
280 2395 472 2453 communius.
487 2396 553 2455 Non
565 2390 654 2471 pauci
666 2395 770 2452 tamen
782 2395 902 2464 tenent,
919 2391 1084 2454 essentiam
1104 2392 1249 2456 Sacrificii
1268 2392 1434 2456 consistere
1454 2394 1487 2456 in

215 2479 437 2542 consecratione
455 2486 486 2542 et
509 2478 678 2561 partialiter
704 2478 738 2540 in
759 2478 949 2558 sumptione,
975 2479 1048 2560 qrria
1063 2479 1098 2542 in
1116 2481 1338 2544 consecratione
1359 2482 1488 2562 ponitur

216 2565 358 2638 victima,
375 2575 406 2631 et
423 2567 457 2630 in
474 2566 650 2648 sumptione
665 2567 868 2630 consumitur.
884 2571 983 2643 Quam
995 2567 1170 2649 opinionem
1187 2569 1236 2633 uti
1252 2569 1488 2650 probabiliorem

220 2653 330 2718 hahuit
341 2657 374 2720 S.
388 2657 459 2740 Lep.
472 2677 504 2720 n.
519 2660 588 2720 305.

258 2747 360 2821 Quina.
376 2749 410 2808 2⁰
423 2744 487 2807 Pro
501 2745 678 2828 qur'bosnom
690 2747 787 2826 possit
798 2745 904 2824 offerri
916 2745 1113 2827 Sacrificium
1127 2745 1248 2810 Missae?

256 2831 346 2916 Resp.
361 2840 412 2897 1⁰:
427 2837 550 2898 Certum
564 2839 611 2896 est
628 2851 714 2914 posse
727 2833 828 2896 offerri
842 2833 898 2896 hoc
911 2834 1094 2898 sacrificium
1108 2853 1162 2916 pro
1181 2837 1326 2900 omnihus
1345 2837 1484 2900 fidelibus

219 2919 298 2984 vivis
311 2929 342 2985 et
355 2921 518 2997 defunctis,
535 2922 628 2985 etiam
643 2940 697 3002 pro
709 2921 913 3002 peccatoribus
929 2943 990 2985 noo
1002 2925 1279 3004 excommunicatis,
1296 2927 1349 2988 sed
1363 2931 1485 2989 tontum

222 3011 321 3091 quoad
335 3011 470 3075 fructum
483 3010 718 3091 impetrationis.
734 3014 911 3074 constater
927 3012 1065 3074 Tridenr.

258 3100 345 3182 desp.
365 3097 609 3162 arroteritae
629 3099 699 3161 licet
716 3097 841 3162 Missam
863 3100 1011 3164 celebrare
1031 3099 1126 3164 etiam
1143 3121 1196 3183 pro
1216 3103 1486 3168 excommunicatis

219 3187 370 3263 tolemtis,
386 3187 460 3269 quia
473 3187 543 3250 licet
560 3185 691 3250 Ecclesia
705 3186 785 3249 nihil
798 3186 873 3268 ipsis
887 3187 1054 3270 indulgeat,
1069 3189 1171 3254 fideles
1188 3197 1294 3255 tamen
1308 3211 1370 3256 non
1386 3191 1487 3274 pmhi·

219 3274 332 3338 bantur
343 3294 417 3343 cum
430 3275 493 3338 illis
507 3274 731 3339 communicare
746 3275 840 3338 etiam
856 3275 890 3338 in
904 3277 1034 3352 divinis,
1048 3284 1085 3340 ut
1100 3278 1281 3343 inocctctu
1294 3281 1332 3343 de
1348 3279 1487 3344 Censoris

219 3364 346 3428 dicetur.
361 3366 444 3428 Idem
457 3364 551 3428 etiam
566 3364 603 3427 de
615 3363 791 3428 infidelibus
805 3366 973 3428 tenendum
986 3373 1043 3430 est.
1058 3401 1100 3413 -
1112 3369 1144 3430 S.
1161 3368 1230 3450 Lip.
1243 3389 1274 3431 o.
1289 3373 1358 3436 309.

258 3454 348 3536 Resp.
373 3458 426 3518 3⁰:
443 3455 509 3516 Non
527 3453 596 3516 licet
614 3452 721 3516 offerre
740 3453 927 3517 Sacrificium
946 3455 1071 3517 nomine
1086 3456 1223 3520 Ecclesia
1239 3475 1292 3538 pro
1313 3475 1486 3522 excommu-

220 3541 331 3606 nicatis
345 3543 494 3618 vitandis,
511 3541 584 3624 qrria
603 3541 770 3624 specialiter
784 3542 976 3622 prohibitum
995 3551 1042 3606 est
1060 3545 1135 3608 dore
1152 3563 1233 3626 eam,
1251 3568 1278 3607 r.
1300 3551 1334 3623 2,
1352 3547 1389 3610 de
1409 3553 1484 3608 scot.

220 3649 360 3694 eremum.
376 3630 523 3694 —Licite
543 3636 648 3694 autem
669 3635 768 3710 potest
790 3632 931 3694 Sacerdos
951 3649 1006 3712 pro
1025 3631 1066 3696 iis
1085 3633 1192 3697 offerre
1217 3635 1342 3700 Missam
1363 3635 1488 3698 nomine
1579 3619 1580 3692 l

219 3721 351 3802 proprio.
368 3757 407 3768 -
420 3723 453 3785 S.
469 3721 538 3802 Lip.
555 3740 587 3782 o.
604 3723 673 3784 308.
690 3753 729 3782 -.-
743 3717 890 3797 Lacroisc,
910 3740 941 3781 n.
958 3724 1008 3784 33.
1021 3755 1060 3766 -
1071 3723 1200 3799 Suarez,
1214 3730 1271 3787 etc.

260 3813 330 3874 350.
344 3846 383 3855 -
397 3811 497 3885 Quen.
512 3812 545 3872 3⁰
561 3807 733 3890 Quotuptex
744 3808 783 3868 sit
800 3807 919 3888 fructur
932 3807 1091 3891 Socratica
1104 3810 1229 3873 Missa?

260 3897 350 3980 Resp.
362 3917 375 3959 :
388 3901 519 3961 Fructus
541 3895 639 3961 Missae
662 3894 866 3976 distinguitur
885 3914 922 3959 er
941 3897 1055 3979 duplici
1076 3899 1187 3980 capite,
1209 3918 1319 3982 nempe
1340 3919 1379 3964 ex
1403 3907 1488 3982 parte
1579 3915 1580 3972 ι

221 3983 584 4067 offerentis,etexparte
598 3983 743 4058 victimae.
1579 3987 1580 4064 ξ

259 4075 283 4134 1.
300 4073 459 4156 Experto
480 4076 645 4157 offerentis.
665 4075 743 4136 Cum
761 4074 873 4155 duplex
891 4075 932 4139 sit
946 4077 1089 4152 offerenS,
1106 4077 1246 4142 Christus
1260 4097 1371 4161 nempe
1386 4086 1417 4143 et
1436 4081 1488 4142 Sa·

220 4161 338 4236 cerrlos,
357 4161 429 4225 hinc
449 4163 577 4246 duplicis
596 4159 714 4244 generis
735 4169 782 4225 est
804 4163 921 4228 fructus
943 4165 1042 4230 Missa
1062 4184 1100 4229 er
1115 4173 1200 4248 perte
1218 4167 1383 4232 offerentis.
1404 4167 1488 4231 Prior
1579 4185 1580 4240 3

221 4249 361 4332 provenit
375 4267 413 4313 ex
430 4251 550 4314 Christo
568 4252 726 4328 offerente,
742 4257 774 4314 et
792 4250 905 4315 dicitur
923 4273 962 4316 eo
982 4274 1071 4336 opere
1092 4266 1238 4338 operato,
1253 4256 1328 4338 quie
1343 4255 1488 4338 recipitur
1579 4283 1580 4338 p

223 4339 344 4403 intuitu
356 4337 536 4402 meritorum
550 4339 665 4404 Christi
676 4344 707 4402 et
718 4343 784 4423 ejus
795 4339 1017 4421 promissionis.
1029 4343 1115 4406 Alter
1128 4344 1268 4425 provenit
1282 4364 1320 4408 ex
1333 4345 1488 4409 Sacerdote
1579 4343 1580 4346 ’

223 4427 385 4505 offerente,
402 4433 554 4509 mannus
574 4427 721 4508 recipitur
737 4429 855 4493 intuitu
873 4429 979 4494 meriti
996 4438 1027 4528 et
1045 4432 1215 4496 devotionis
1235 4434 1403 4500 Sacerdotis
1415 4434 1487 4498 cele-
1579 4415 1580 4470 l
