3198 5036
217 129 289 190 ibt)
604 157 609 168 ·
751 138 959 184 reserares

214 252 357 336 pluribus
372 250 460 313 ritiis
474 249 593 312 levibus
607 248 753 322 laborent,
766 265 821 311 nec
834 249 988 314 ullatenus
1003 249 1065 312 sint
1080 249 1118 312 dc
1132 249 1343 312 emendatione
1357 251 1493 326 solliciti,

216 341 382 423 aliquando
396 338 471 400 utile
483 337 543 400 erit
556 338 812 401 Communionem
829 338 932 419 aliqua
949 338 1141 402 hebdomada
1157 337 1347 413 interdicere,
1364 346 1400 402 ut
1414 341 1496 404 scili-

105 433 109 448 '
217 437 264 495 oet
281 429 384 508 abque
401 428 557 490 alacritate
571 428 609 489 ad
625 425 702 490 vitia
720 427 889 507 abjicienda
903 427 1086 490 excitentur,
1101 463 1141 472 -
1156 427 1193 489 S.
1208 427 1277 507 Ltp.
1295 432 1408 492 1119.

257 514 468 598 III⁰Requba
485 552 524 560 —
538 515 720 578 Communia
733 516 886 597 frequens,
903 533 956 578 seu
972 515 1087 596 pluries
1101 517 1136 578 in
1151 515 1340 580 hebdomada
1357 518 1495 596 permitti

217 613 332 691 petest,
349 612 403 668 eut
424 603 519 668 etiam
542 604 659 668 consuli
678 605 718 667 iis
736 604 877 668 fidelibus
896 604 966 684 qui,
983 604 1053 668 licet
1071 603 1200 678 debiles,
1214 603 1310 668 officia
1325 603 1399 668 boni
1415 607 1498 670 chri-

218 695 313 763 stiani
332 700 471 768 servant,
491 699 560 756 tum
581 696 678 756 Deum
697 711 810 767 amare,
828 694 922 756 colere
942 699 973 756 et
991 711 1076 756 orare
1097 691 1248 774 gestiunt,
1272 699 1340 756 tum
1364 695 1496 758 orationi

218 783 362 855 mentali,
378 798 450 844 cum
471 787 615 862 possunt,
632 781 756 861 aliquod
774 788 897 862 tempus
913 781 1043 844 libenter
1059 781 1197 862 quotidie
1215 781 1375 856 tribuunt,
1390 801 1447 846 nec
1464 784 1498 846 in

218 874 323 954 culpas
340 869 520 934 deliberatus
540 870 651 950 sapius
669 870 827 934 labuntur.
844 906 883 915 —
896 869 932 932 S.
948 871 1017 951 Lip.
1031 891 1061 931 a.
1079 874 1154 946 lto,
1171 874 1240 934 153.

259 959 507 1041 11111911.-
520 960 702 1022 communio
718 959 897 1041 quotidiana
908 960 1098 1022 concedende
1112 959 1151 1021 iis
1164 963 1219 1034 est,
1236 961 1291 1040 qui
1306 967 1412 1024 carent
1427 961 1501 1024 affe·

220 1057 273 1118 ctu
286 1049 381 1114 etiam
394 1049 429 1113 in
443 1049 545 1129 crdpas
559 1049 650 1124 leves,
660 1048 817 1128 malasque
831 1048 1013 1129 cupiditates
1025 1048 1135 1130 majori
1146 1067 1184 1112 ex
1196 1055 1282 1128 parte
1297 1057 1497 1129 superarunt,
1583 1127 1584 1130 Ἴ

220 1147 252 1204 et
265 1141 304 1204 ad
317 1137 517 1202 christianam
533 1136 748 1218 perfectionem
768 1136 845 1200 serio
867 1137 988 1200 tendere
1005 1144 1167 1200 conantur,
1182 1137 1313 1216 Expedit
1335 1144 1459 1212 tamen,
1473 1138 1500 1200 si
1583 1135 1584 1152 ¹

221 1247 313 1294 causa
332 1227 449 1300 subsit,
467 1226 626 1288 interdum
645 1227 751 1300 semel,
772 1232 804 1288 et
821 1225 984 1306 aliquando
1004 1224 1098 1288 etiam
1117 1225 1231 1306 plurIcs
1251 1225 1286 1287 iu
1306 1225 1502 1290 hebdomada

221 1316 478 1382 connumerem
496 1313 535 1378 iis
555 1315 743 1378 subtrahere,
759 1349 800 1360 -
814 1313 848 1375 S.
863 1315 935 1396 Lip.
948 1335 980 1376 u.
998 1319 1067 1378 130.
1084 1350 1123 1360 -
1143 1313 1215 1375 Vide
1236 1313 1348 1390 Casus,
1363 1323 1441 1379 tom.
1457 1319 1499 1390 ll,

221 1427 256 1470 a.
271 1410 310 1470 13
325 1414 353 1466 et
368 1423 430 1485 seq.
1583 1417 1584 1424 ’

263 1493 401 1573 Denique
412 1493 583 1557 notandum
598 1499 655 1567 est,
667 1499 803 1556 auctores
821 1490 973 1571 frequenti
987 1491 1204 1555 commumoni
1218 1493 1428 1566 adversantes,
1447 1492 1502 1554 lal-

223 1583 346 1648 ciseium
370 1580 520 1662 principio
541 1581 646 1644 inuiti.
665 1581 848 1662 Supponunt
865 1579 950 1642 enim
970 1580 1226 1644 Gommumonem
1247 1599 1311 1642 esse
1336 1581 1503 1644 mercedem

223 1675 363 1742 uirtutis·
380 1677 428 1744 at,
440 1673 532 1752 juxta
551 1670 721 1733 doctrinam
740 1671 790 1732 SS.
806 1672 948 1744 Petrum,
965 1667 1157 1732 Eucharistia
1178 1669 1314 1730 medium
1332 1679 1376 1730 ert
1397 1674 1502 1752 acqui-

223 1761 325 1824 11111
339 1763 473 1822 uirtutis.

263 1853 362 1924 Quas.
382 1849 462 1923 Ouid
481 1849 670 1912 moderatrice
687 1848 794 1910 domus
812 1847 959 1928 relipz'osoe
973 1851 1141 1930 praecipere
1160 1855 1214 1908 aut
1226 1845 1389 1928 probibere
1405 1852 1503 1929 possit

224 1938 410 2004 Eoututttus
421 1938 547 2000 sudditis
560 1941 641 2000 eirca
658 1936 903 2000 Commuuiouem
916 1934 1192 2018 frequentandam?

265 2027 359 2109 Reep.
381 2033 438 2090 1⁰:
460 2030 506 2088 Ex
528 2030 675 2106 potestate
694 2025 885 2088 dominativa
906 2026 1017 2105 poterit
1036 2025 1210 2098 Interdum,
1231 2042 1299 2086 raro
1322 2029 1446 2098 tamen,
1467 2043 1505 2087 ne

225 2122 374 2198 potestate
393 2134 450 2178 sua
468 2121 578 2176 utatur
590 2115 626 2176 in
642 2114 896 2187 destructionem,
914 2114 1077 2178 blonialem
1095 2115 1133 2176 ab
1151 2131 1214 2176 una
1228 2119 1282 2174 aut
1298 2113 1393 2174 altera
1411 2116 1505 2176 Gom·

225 2205 374 2268 munione
397 2203 570 2282 prohibere,
591 2203 619 2264 si
640 2202 759 2283 ulrbque'
774 2202 925 2283 ejusmodi
939 2221 1047 2282 poeaa,
1066 2201 1169 2282 inquit
1186 2202 1299 2264 Saurea
1314 2201 1367 2282 (de
1386 2202 1503 2284 Belip,

228 2303 267 2353 tr.
284 2293 366 2364 VIII,
382 2290 404 2350 l.
420 2293 461 2364 11,
476 2310 501 2352 e.
517 2309 560 2364 rx,
574 2310 605 2352 1.
624 2292 690 2371 to),
706 2294 746 2352 sit
763 2291 927 2370 conformis
943 2309 1004 2352 succ
1025 2290 1150 2370 repulse,
1171 2291 1363 2352 erutuure'um
1380 2291 1505 2352 modum

227 2379 398 2459 disceptatore
410 2379 559 2458 relr'piosce
572 2399 632 2440 uon
646 2379 806 2440 excedat...
819 2388 848 2440 et
859 2397 919 2439 nou
932 2379 1085 2458 anferatur
1093 2382 1223 2461 proprie
1233 2388 1266 2439 ut
1280 2388 1322 2440 est
1336 2379 1507 2461 spiritualis

223 2467 362 2549 privatio
378 2465 467 2546 (nam
482 2466 668 2529 moderatrix
682 2474 764 2530 caret
774 2466 986 2548 jurisdictione
1006 2467 1187 2548 spirituali),
1202 2469 1255 2530 sed
1269 2476 1302 2530 ut
1316 2467 1506 2532 1111111111·-

227 2573 319 2637 quam
333 2563 435 2616 uotam
449 2555 496 2618 uel
506 2554 655 2618 ruborem.

268 2643 359 2725 Hesp.
372 2648 404 2706 2⁰
416 2661 424 2704 ε
437 2645 485 2707 Ad
499 2643 599 2724 ipsam
614 2663 676 2707 non
691 2651 816 2724 spectat,
831 2651 877 2718 ut,
896 2663 949 2725 per
964 2647 1091 2708 modum
1105 2646 1248 2727 precepti
1260 2647 1307 2710 rel
1321 2644 1506 2725 prohibitio
1589 2639 1590 2680 3

228 2733 297 2808 uis,
317 2732 444 2796 definiat
469 2734 588 2814 quoties
613 2734 758 2798 Monialcs
778 2733 862 2796 intra
882 2751 1021 2798 mensem
1045 2740 1100 2797 aut
1122 2734 1348 2798 hebdomadam
1366 2735 1505 2798 accedere

228 2822 359 2886 debeant
372 2823 411 2884 ad
423 2841 541 2886 sacram
552 2823 819 2898 communionem,
836 2841 907 2886 cum
925 2823 1055 2887 Ecclesia
1068 2825 1120 2904 jus
1136 2823 1214 2888 illud
1230 2823 1348 2886 tribuat
1361 2823 1433 2886 solis
1449 2827 1506 2888 Su-

209 2955 210 2958 ,
229 2909 403 2991 purioribus
418 2912 638 2988 ecclesiastiae,
649 2913 783 2993 velitque
797 2918 834 2974 ut
847 2911 891 2986 id,
901 2913 1001 2992 quoad
1015 2912 1183 2993 singulares
1197 2929 1350 2992 personas,
1367 2911 1507 2976 deciden·
1587 2943 1588 2994 ι

230 3001 306 3064 dum
320 2999 513 3080 rquuatur
524 3001 722 3064 confessariis
739 3007 853 3064 secreta
866 3001 1006 3064 cordium
1020 3000 1250 3082 explorantibus
1263 3001 1370 3083 (supra
1384 3021 1416 3062 a.
1425 3001 1507 3080 338).
1587 3043 1588 3082 q

231 3120 270 3136 ··-
284 3089 400 3162 Boura,
415 3089 461 3151 De
470 3089 544 3171 jure
561 3090 650 3172 Req.,·
664 3102 685 3152 t.
702 3093 744 3164 ll,
758 3111 790 3174 p.
807 3095 878 3154 too.
1587 3107 1588 3120 ¹

754 3301 945 3363 APPENDIX
966 3302 993 3361 Il

652 3464 690 3508 un
711 3463 905 3510 comunione
926 3461 1094 3510 semmam

273 3619 342 3678 315.
359 3650 399 3659 -
410 3613 592 3678 Communia
602 3616 778 3696 'spIrItualis
793 3615 1000 3697 diciturpe'um
1016 3613 1199 3676 desideriam
1217 3613 1430 3680 auctoriate
1443 3617 1506 3680 Sc-

212 3783 215 3792 ,
232 3713 416 3768 crumentum
427 3703 621 3784 smcipc'eedt,
633 3723 704 3768 curn
718 3704 844 3765 realiter
857 3704 972 3785 suscipi
983 3723 1043 3764 eoa
1054 3712 1162 3783 potest.
1178 3702 1255 3766 Hinc
1269 3704 1308 3766 ad
1322 3722 1390 3766 eam
1405 3705 1507 3786 requi·

231 3791 358 3854 111111ο
374 3801 458 3853 uetus
476 3792 583 3870 Fidei,
601 3811 661 3873 quo
680 3791 881 3873 spiritualiter
902 3789 1184 3854 communicaturus
1205 3791 1364 3854 Christum
1383 3812 1454 3856 vere
1474 3793 1506 3856 in

233 3881 428 3944 EucharIstia
441 3887 623 3962 presentem
637 3880 697 3943 sibi
711 3880 866 3955 exhibeam
878 3883 911 3943 20
926 3889 1011 3942 uetus
1024 3879 1177 3959 1111111111,
1194 3899 1254 3961 quo
1268 3885 1398 3962 exoptet,
1413 3899 1507 3964 quam

233 3968 446 4034 mdentissime
459 3968 585 4050 poterit,
602 3968 760 4032 Christum
777 3968 811 4030 in
830 3969 1025 4032 Sacramenta
1049 3969 1199 4050 suscipere
1220 3975 1250 4032 ct
1269 3988 1340 4032 omn
1359 3969 1425 4052 ipso
1446 3977 1508 4033 toto

234 4055 322 4120 corde
336 4057 435 4134 uni1i;
451 4063 482 4122 3⁰
493 4059 592 4120 oratio
609 4056 835 4120 ferventissima
849 4061 939 4138 atque
955 4056 1146 4132 humillima,
1161 4075 1222 4138 qua
1235 4060 1368 4138 postulet
1386 4077 1404 4121 a
1421 4058 1507 4124 beni·

234 4161 293 4223 gno
307 4145 436 4208 Donum
452 4165 486 4208 ac
500 4147 665 4220 salvatore,
682 4150 719 4210 ut
732 4163 782 4209 eas
797 4144 856 4208 sibi
869 4145 982 4226 gratias
994 4145 1230 4210 misericorditer
1241 4145 1418 4228 elargiatur,
1430 4165 1508 4228 quas

212 4278 216 4284 .
233 4231 297 4312 ipse
310 4230 420 4295 animae
435 4241 546 4298 nostrae
558 4227 782 4297 communicare
796 4233 1007 4297 sacramentali
1017 4253 1073 4296 sua
1081 4233 1242 4314 praesentia
1256 4237 1425 4300 consuevit.
1436 4241 1505 4300 Hac

234 4320 416 4386 Gommumo
436 4323 549 4386 sanctis
566 4323 653 4388 valde
672 4321 707 4385 in
728 4321 844 4386 deliciis
862 4321 939 4398 luit,
956 4330 988 4385 et
1005 4323 1237 4386 commendatur
1254 4342 1273 4384 a
1292 4323 1382 4387 Cone.
1405 4324 1504 4400 Triul,
1589 4349 1590 4382 t

233 4427 300 4472 ress.
315 4411 393 4484 XIII,
407 4428 514 4476 11111.
530 4416 599 4476 ttae
613 4411 672 4493 piis
686 4411 827 4476 fidelibus
841 4411 928 4476 valde
941 4411 1027 4474 utilis
1039 4417 1095 4474 est.
1112 4410 1238 4476 Etenim
1250 4411 1277 4476 si
1289 4415 1369 4476 Deus
1381 4411 1508 4494 premio
