3206 5042
645 204 688 249 na
708 203 881 248 sansonis
967 271 969 274 Ι
1334 191 1402 252 tit
1448 247 1452 262 ‚

15 351 18 376 t
118 315 194 392 cic,
207 334 244 395 p.
259 317 289 388 l,
303 321 374 376 sect.
391 331 442 388 111,
457 333 482 374 c.
497 329 550 390 m,
568 318 583 391 ξ
601 318 635 390 t,
649 319 681 376 et
692 315 834 378 mandem
848 313 1020 376 doctrinam
1033 319 1117 376 tenet
1129 311 1164 374 S.
1181 313 1289 395 Aioi,
1310 314 1330 377 t.
1344 319 1399 390 ill,

15 435 18 474 ἰ
121 425 152 465 n.
176 406 250 466 613.
268 437 307 450 -
321 401 406 464 enda
425 401 584 476 beminis,
608 421 679 483 que
701 404 738 465 de
753 405 825 483 June
842 403 1002 466 communi
1022 408 1168 483 perpetue
1187 419 1252 464 esse
1269 403 1400 480 debent,

15 509 17 564 j
115 495 190 573 jure
211 497 317 556 autem
336 489 513 570 particulari
533 492 702 566 duntaxat,
725 496 757 552 et
777 499 901 571 propter
915 492 1084 572 peculiares
1103 491 1254 571 quamam
1272 491 1402 554 obcum-

15 615 17 644 t
121 580 256 642 stantiae
278 579 355 641 lacta
378 585 453 641 sunt
475 579 645 653 manualia,
669 580 886 660 quitassent,
909 587 945 643 ut
964 580 1097 653 videtur,
1120 578 1269 658 parochiae
1290 586 1403 645 nostra

122 667 327 740 succursaleS,
349 687 411 730 non
434 667 546 730 idcirco
569 667 709 730 amittere
730 667 881 730 rationem
906 667 1123 730 beneficiorum
1140 665 1287 747 pressiori
1311 687 1404 732 sensu

123 759 329 836 acceptorum.
345 793 384 800 —
405 759 483 820 Cum
503 756 599 836 igitur
620 755 805 820 Gonstinrtio
830 756 1178 821 excommunicationem
1197 755 1318 836 infligat
1343 757 1403 820 reis

122 843 267 908 atmonim
279 843 313 906 in
327 844 482 908 beneficiis
497 845 732 927 quibuscumque
747 843 993 926 seueoibustibet
1001 893 1009 924 ,
1029 845 1174 908 videntur
1189 843 1246 906 snb
1264 843 1321 908 hac
1335 865 1403 908 cen-

121 949 197 994 sura
218 931 451 1013 comprehendi,
479 931 574 996 etiam
599 931 623 994 ii
652 933 706 1013 qui
735 931 900 994 simoniam
928 933 1156 996 committerent
1182 933 1218 995 in
1246 933 1404 998 collatione

122 1019 476 1100 talinmparochiarum.
1353 1045 1355 1050 ’

745 1127 789 1182 Xl

160 1229 285 1296 Omnes,
298 1230 348 1300 qui
362 1231 502 1300 qnaestum
517 1228 655 1286 iacientes
671 1246 707 1284 es
722 1228 913 1300 Indulgentiis
926 1227 1050 1300 aliisque
1067 1229 1168 1298 gratiis
1180 1229 1403 1301 spiritualibus,

121 1309 430 1444 {xfflffiffiiffl
447 1325 569 1366 censura
583 1309 747 1383 plectuntur
766 1310 974 1367 Constitutione
991 1311 1020 1366 S.
1041 1309 1084 1364 Pil
1099 1311 1131 1377 V,
1149 1309 1248 1376 Quam
1260 1309 1404 1382 pbnwm,

250 1523 445 1600 Quaestta.

166 1658 260 1718 t008.
273 1689 312 1698 -
327 1657 428 1730 Quen.
449 1660 480 1718 l⁰
497 1654 640 1730 Quisnam
652 1656 756 1735 ,factus
773 1675 812 1717 ea·
824 1653 1037 1733 indulcentiis
1052 1652 1180 1734 aliisque
1193 1654 1306 1732 pretiis
1322 1671 1403 1734 quoe-
1459 1704 1464 1714 .

125 1752 189 1803 stas
204 1743 521 1804 excommunicationis
534 1762 663 1802 cernere
671 1743 828 1822 plectatur
843 1741 1064 1803 Constitutione
1074 1744 1173 1815 Quam
1187 1740 1335 1819 plenum?

167 1829 258 1911 [terp.
302 1829 353 1890 llle
367 1835 427 1903 est,
442 1830 498 1910 qui
511 1827 669 1892 obtinetur
683 1830 886 1904 mncedendo,
898 1829 995 1892 etiam
1009 1833 1159 1907 pretextu
1174 1828 1404 1908 reparationum

125 1917 323 1980 ecclesiarum
348 1921 403 1980 aut
425 1917 556 1980 aliarum
580 1917 703 1998 piarum
727 1935 905 1991 causarum,
920 1915 1110 1979 solventibus
1129 1921 1243 1978 certam
1265 1916 1402 1996 pecunie

128 2023 304 2080 summam,
321 2006 422 2068 varias
438 2006 551 2086 gratias
570 2005 759 2086 spirituales,
777 2023 904 2085 nempe:
920 2003 1144 2084 indulgentias,
1158 2001 1335 2066 facultatem
1351 2004 1405 2066 eli-

124 2095 222 2174 gendi
235 2093 458 2156 confessarium
476 2112 529 2174 per
540 2112 635 2175 quem
651 2094 849 2158 absolvantur
861 2113 879 2156 a
892 2091 1014 2156 casibus
1028 2093 1204 2166 reservatis,
1221 2090 1320 2157 Missae
1333 2092 1406 2154 cele-

123 2183 306 2246 brationem
320 2189 351 2245 et
366 2184 555 2263 sepulturam
570 2187 702 2264 tempore
714 2181 887 2255 interdicti,
903 2181 1042 2244 ciborum
1056 2180 1284 2262 prohibitorum
1299 2199 1404 2254 usum,

122 2269 287 2333 mendam
304 2271 481 2334 assumendi
498 2273 574 2334 duos
591 2272 639 2334 vel
656 2272 758 2352 plures
778 2277 945 2352 compatres
965 2271 1004 2333 ad
1023 2288 1144 2332 sacrum
1163 2269 1329 2349 baptisma.
1346 2267 1407 2344 Qui

124 2358 228 2447 igitur
248 2360 322 2422 tales
341 2359 455 2439 gratias
474 2361 656 2434 concedunt,
675 2377 710 2420 ea
733 2359 922 2432 conditione,
946 2361 982 2421 ut
1003 2363 1085 2420 certa
1104 2357 1232 2437 pecunia
1257 2363 1406 2436 tanquam

125 2467 180 2529 pro
194 2448 388 2512 concessione
403 2447 520 2524 debita,
535 2449 630 2512 etiam
652 2447 770 2510 intuitu
792 2447 921 2526 aliquus
940 2447 984 2525 pii
1006 2445 1104 2525 operis
1117 2445 1330 2524 promovendi,
1348 2445 1405 2508 sol-

125 2545 231 2612 vatur,
253 2537 602 2600 excommunicationem
625 2537 718 2618 hujus
737 2535 858 2598 articuli
882 2535 1057 2596 incurrunt.
1078 2533 1166 2598 Ratio
1186 2532 1402 2613 prohibitionis

125 2631 218 2707 atque
235 2645 370 2689 censurae
388 2631 447 2700 est,
465 2627 539 2708 qnia
553 2619 628 2688 tales
642 2631 728 2688 actus
744 2625 792 2686 vel
809 2625 975 2686 simoniam
994 2622 1152 2702 palliatam
1167 2622 1339 2695 continent,
1357 2619 1406 2682 vel

125 2714 267 2775 simoniae
282 2715 364 2774 viam
382 2714 543 2790 aperiunt,
561 2715 608 2773 vel
625 2715 733 2773 saltem
752 2712 888 2771 redolent
907 2710 1074 2770 simoniam
1093 2715 1299 2786 generantque
1321 2725 1405 2768 scan-

127 2801 235 2860 dalum
246 2801 328 2875 apud
342 2800 454 2859 fideles.

168 2889 270 2960 Quae.
285 2889 317 2946 2⁰
331 2885 380 2944 An
396 2904 509 2962 omnes,
526 2886 578 2964 qni
601 2883 752 2964 ejusmodi
776 2891 922 2963 quaestum
940 2882 1076 2962 faciunt,
1099 2881 1406 2942 creornmnnicctione'

127 2971 355 3054 subjiciantur?

170 3063 260 3144 Itesp.
275 3061 354 3142 Nep.
367 3063 454 3126 Bulla
465 3059 549 3124 enim
559 3065 589 3124 S.
602 3059 648 3122 Pii
658 3063 685 3120 V
696 3077 746 3122 eos
760 3063 881 3122 tantum
894 3057 1207 3121 exmnununicatione
1221 3056 1336 3138 plectit,
1350 3057 1405 3136 qni

128 3156 204 3214 sunt
224 3152 382 3228 inferiores
402 3151 440 3212 ab
461 3150 648 3230 Episcopts,·
661 3147 817 3230 Episcopis
839 3166 924 3220 vero,
950 3146 1177 3220 cardinalitia,
1201 3151 1269 3220 etc,
1292 3145 1405 3223 infligit

128 3239 222 3322 aliam
236 3257 371 3320 paenam,
382 3238 614 3320 suspensionem
626 3237 766 3300 videlieet
780 3239 817 3300 ab
832 3237 975 3316 ingressu
988 3234 1128 3308 ecelesiae,
1138 3240 1170 3294 et
1183 3253 1201 3294 a
1214 3232 1404 3313 perceptione

128 3329 302 3402 fructuum,
318 3335 504 3391 reservatam
524 3328 651 3388 Summo
666 3325 820 3401 Pontifici,
838 3344 855 3387 a
870 3344 931 3406 qua
945 3323 1061 3386 absolvi
1076 3326 1228 3403 nequeant
1250 3321 1310 3382 nisi
1329 3339 1404 3400 pree

126 3415 200 3479 stite
214 3418 428 3480 satisfactione.
445 3421 515 3486 Hac
533 3421 638 3477 antem
657 3415 817 3494 suspensio
838 3419 984 3476 renovata
998 3429 1061 3475 non
1077 3418 1123 3472 est
1136 3429 1190 3490 per
1203 3407 1403 3472 Constitutio-

128 3521 199 3565 nern
214 3510 238 3566 A
240 3507 399 3588 postoltcoe
413 3505 507 3567 Sedis.

734 3609 796 3665 Xll

164 3719 336 3793 Colligentes
352 3721 547 3794 eleemosynas
564 3723 681 3794 majoris
694 3721 780 3794 pretii
795 3737 844 3794 pro
859 3718 972 3786 Missis,
989 3717 1017 3774 et
1032 3734 1066 3774 ex
1077 3717 1114 3773 iis
1130 3717 1241 3772 lucrum
1256 3712 1402 3785 captantes

130 3800 259 3858 iaciendo
274 3821 323 3858 eas
336 3803 475 3860 celebrari
488 3803 518 3858 in
528 3801 600 3859 locis
611 3802 660 3858 ubi
672 3802 826 3860 blissarum
836 3798 979 3872 stipendia
993 3796 1112 3854 minoris
1124 3793 1209 3870 pretii
1220 3809 1284 3849 esse
1298 3790 1400 3847 solent.

129 3879 192 3954 {Ex
206 3881 297 3940 cotta
311 3881 467 3941 Benedicti
479 3883 507 3939 X
508 3881 561 3953 W,
577 3881 689 3952 Quanta
702 3898 780 3951 cura,
795 3881 829 3937 30
842 3876 904 3936 tut.
918 3878 1009 3952 titt.)

168 4023 257 4082 tooe.
268 4053 309 4064 —
321 4021 502 4084 Benedictus
513 4023 581 4083 XIV
592 4023 752 4093 statuerat,
769 4023 806 4080 ut
819 4017 843 4079 ii
858 4034 974 4088 ornnes,
989 4013 1045 4096 qni
1060 4014 1265 4092 eleemosynas
1280 4027 1333 4071 seu
1348 4007 1401 4070 sti-

129 4109 241 4187 pendia
255 4109 379 4190 majoris
392 4109 482 4190 pretii
496 4128 549 4189 pro
564 4109 665 4172 ldissrs
680 4109 863 4188 colligentes,
879 4106 1003 4178 Missas,
1020 4107 1137 4165 menta
1151 4099 1210 4163 sibi
1227 4105 1314 4180 parte
1327 4097 1401 4160 elee-

126 4213 328 4278 mosynarum
342 4215 396 4260 serr
408 4199 632 4279 stipendiorum
644 4205 852 4277 acceptorum,
866 4195 932 4256 sive
946 4193 1076 4266 ibidem,
1089 4189 1156 4253 siue
1173 4188 1262 4262 alibi,
1279 4185 1333 4248 ubi
1348 4202 1402 4264 pro

127 4283 228 4346 Missis
239 4286 428 4350 celebrandis
439 4287 563 4348 minora
575 4287 787 4348 tribuermtnr
799 4282 954 4364 stipendia
969 4299 1023 4342 seu
1031 4281 1242 4359 eleemosyna,
1257 4272 1402 4373 celebrari

128 4370 410 4450 bareca—laicos
424 4375 550 4456 quidem
564 4393 619 4438 seu
633 4375 801 4447 saeeabres,
819 4367 1145 4434 excommunicationis
1158 4379 1293 4445 pronam,
1311 4360 1402 4424 Cleri-

128 4478 179 4523 cos
193 4481 265 4526 vero
280 4463 344 4526 sive
357 4483 565 4546 quoscumque
579 4465 753 4529 Sacerdotes
766 4479 891 4543 poenam
905 4457 1124 4539 suspensionis,
1136 4463 1300 4533 utramque
1310 4455 1398 4516 Rom.
