3198 5036
591 180 634 223 na
654 179 900 224 auorrsnrsrrn
1312 168 1379 228 133

144 293 338 370 Quapropter
352 289 491 352 Sacerdos
511 290 668 353 rheumate
683 291 729 353 vel
755 291 815 353 alia
828 289 1010 353 infirmitate
1029 292 1169 354 laborans
1183 292 1272 354 debet
1288 292 1381 354 altsti-

100 397 179 442 nere
196 399 217 441 a
235 379 392 441 deferendo
415 380 465 441 SS.
489 381 698 467 Sacramento,
722 380 769 441 rel
792 379 824 441 id
842 379 981 442 muueris
999 379 1087 442 alteri
1108 380 1313 455 committere,
1336 381 1384 444 vel

101 475 212 549 aperto
228 467 325 548 capite
339 466 542 530 nihilominus
556 468 702 541 incedere,
720 467 780 530 nisi
795 487 870 530 usus
882 467 982 547 pileoli
996 468 1056 549 ipsi
1068 468 1208 531 indultus
1223 468 1326 531 fuerit.
1342 505 1382 514 -

100 555 136 618 S.
157 555 275 634 Conpr.
291 557 354 616 ltit.
362 603 372 634 ,
389 559 428 619 23
441 555 514 618 Maii
529 560 619 620 ests.
634 594 672 602 -κ
686 561 766 620 Usus
780 561 882 618 tamen
897 557 997 637 pileoli
1011 575 1073 620 non
1094 559 1166 620 adeo
1181 556 1299 619 difficile
1311 575 1382 620 con-

101 646 230 708 ceditur
243 646 278 708 in
289 644 414 718 itinere,
431 645 501 706 licet
520 646 626 708 minus
645 645 728 708 intra
749 645 905 708 civitatem
924 646 970 707 rel
989 646 1145 727 oppidum.
1166 649 1261 709 thxta
1281 647 1382 726 plures

100 734 278 814 Episcopus
294 734 452 795 concedere
466 739 565 813 potest
578 733 731 797 licentiam
744 734 904 796 deferendi
919 734 1062 815 pileolum
1078 734 1112 797 in
1131 735 1256 809 itinere;
1273 733 1353 796 sedi
1369 770 1382 781 -

100 823 207 885 cultas
220 822 327 903 pileolo
344 821 452 884 utendi
474 841 526 902 per
539 822 696 885 civitatem
712 824 760 886 rel
772 823 929 904 oppidum,
946 831 992 886 est
1002 824 1083 905 juris
1098 823 1264 904 apostolici.
1281 861 1320 869 —
1336 825 1382 885 De

98 911 226 988 Herdt,
249 911 355 972 Sacra
371 910 524 992 Liturpia
540 911 665 990 Praais,
685 921 755 973 tom.
772 915 796 988 l,
809 923 893 993 part.
909 915 933 986 l,
947 933 977 972 n.
991 919 1041 976 tto.
1057 949 1096 957 —
1112 915 1141 974 S.
1154 915 1243 984 Sedes
1262 912 1383 993 dispen-

98 1000 260 1062 sationem
272 999 310 1060 ab
324 998 376 1061 illa
390 999 453 1080 lege
468 1001 614 1063 concessit
626 1019 681 1080 pro
695 1001 816 1064 diaecesi
831 1000 1011 1074 Coloniensi,
1023 1005 1200 1081 tempestate
1212 1001 1383 1082 prasertim

96 1087 314 1151 hicmaliDr'e
329 1093 347 1150 3
362 1088 505 1151 novemb.
526 1093 615 1153 tace.
627 1090 708 1153 -V.
722 1090 871 1152 Analecta
888 1089 974 1152 buris
991 1089 1113 1170 Pontis.
1132 1090 1199 1171 (53⁰
1222 1091 1381 1168 liaraison,

100 1176 189 1239 Noa.
207 1187 237 1238 et
248 1178 317 1238 otc.
335 1177 438 1258 teon.)

149 1267 189 1328 S.
214 1266 299 1348 Lep,
320 1266 412 1328 Hom.
438 1275 547 1348 apost,
569 1277 608 1330 tr.
632 1271 697 1343 XV,
719 1287 750 1331 n.
776 1272 824 1344 te,
844 1267 909 1330 haec
927 1269 1019 1331 habet
1038 1288 1045 1330 :
1067 1267 1286 1345 Probabiliter,
1307 1266 1382 1329 dicit

101 1355 270 1436 Pasqaal„
288 1375 377 1436 posse
391 1355 578 1438 Episcopum
599 1356 775 1438 dispensare
792 1365 826 1417 ut
844 1355 993 1418 Vz'atieum
1008 1357 1164 1439 deseratur
1184 1377 1249 1418 cum
1265 1355 1380 1438 pileolo

99 1446 133 1503 in
151 1445 351 1526 capite,¹cum
369 1445 456 1526 lonpe
473 1453 501 1506 et
511 1465 568 1527 per
583 1446 670 1508 uillas
679 1445 934 1528 proprediendam
952 1456 1005 1508 est.

141 1535 250 1608 Quian.
268 1540 301 1594 7⁰
317 1533 364 1593 Aa
378 1533 522 1595 Sacerdos
536 1535 656 1614 deferre
667 1539 759 1616 possit
773 1533 807 1596 S.
824 1535 1053 1596 Euolat-istium
1068 1535 1203 1596 insidens
1218 1536 1317 1615 equo?

141 1622 239 1700 Hesp.
257 1621 394 1702 Affirm,
412 1621 439 1684 si
448 1621 608 1685 deferenda
621 1623 664 1685 sit
674 1624 712 1684 ad
726 1623 888 1684 infirmum
901 1624 988 1702 longe
1002 1623 1180 1696 distantem,
1198 1623 1244 1684 vel
1258 1641 1310 1702 per
1325 1623 1383 1684 iter

96 1711 256 1780 arduum,
272 1713 326 1769 arrt
340 1709 366 1770 si
380 1709 550 1788 periculum
562 1711 602 1772 sit
617 1711 650 1772 in
662 1728 756 1772 mora.
774 1711 831 1772 Sed
845 1729 941 1790 equus
954 1711 1043 1772 debet
1056 1729 1120 1772 esse
1133 1716 1328 1782 mansuetus·
1339 1710 1383 1772 ita

96 1803 139 1858 ut
156 1795 245 1857 absit
258 1796 427 1875 periculum
441 1798 543 1876 lapsus
557 1805 587 1859 et
606 1797 822 1860 irreverentia.
839 1803 1005 1877 Nunquam
1023 1804 1127 1860 autem
1150 1797 1218 1859 licet
1237 1797 1382 1878 pyxidem

98 1886 180 1947 dare
198 1885 377 1964 portandam
388 1886 472 1959 laico,
492 1886 693 1965 quantmnvis
706 1888 842 1949 sacerdos
854 1886 894 1948 sit
907 1885 1066 1966 fatigatum
1084 1886 1136 1948 sed
1151 1892 1226 1947 tunc
1241 1884 1276 1946 iu
1289 1885 1383 1948 bursa

104 1973 186 2034 collo
207 1990 354 2052 suspensa
371 1972 456 2034 illam
477 1979 593 2054 gestare
612 1975 709 2036 debet.
726 1979 860 2038 Constat.
882 1993 919 2036 ex
933 1975 996 2037 Bit.
1011 1976 1098 2036 Rom.
1115 1973 1153 2035 de
1167 1973 1378 2052 Eucharistiae,

104 2079 232 2124 necnon
246 2080 283 2122 ex
302 2061 450 2124 decisione
465 2062 500 2124 S.
516 2061 629 2144 Conpr.
640 2063 703 2124 ltn.
716 2083 729 2124 .·
746 2064 787 2126 Ut
812 2064 970 2140 Viatieum,
990 2064 1025 2124 ob
1043 2065 1176 2126 locorum
1190 2063 1379 2140 distantiam,

107 2149 330 2230 difficultatem
345 2150 499 2227 itinerum,
516 2154 634 2212 viarum
649 2156 856 2232 asperitatem,
873 2172 891 2213 a
904 2153 1042 2214 Parocbo
1058 2152 1178 2232 deferri
1192 2155 1287 2233 possit
1301 2155 1383 2232 equi·

106 2239 214 2313 tando,
226 2240 254 2299 S.
265 2238 326 2301 Rit.
337 2241 446 2316 Congr.
458 2239 608 2320 indatpet,
617 2241 654 2302 de
662 2258 810 2302 consensu
824 2247 926 2304 tamen
938 2241 1087 2322 Episcopi.
1097 2241 1197 2303 nient
1211 2243 1280 2302 lan.
1291 2244 1380 2315 etto,

106 2329 140 2385 in
154 2325 317 2387 Laudensi.
335 2362 376 2373 —
396 2327 470 2388 Vide
486 2326 521 2389 S.
542 2328 624 2409 Lep,
642 2350 672 2389 n.
689 2332 760 2402 ute,
776 2333 846 2393 ete.

149 2420 222 2478 308.
237 2452 277 2461 -
291 2418 391 2491 Qumn.
415 2421 447 2480 8⁰
461 2418 510 2478 An
521 2416 641 2498 pluries
661 2417 777 2497 deferri
789 2421 887 2500 possit
904 2419 937 2480 E
937 2418 1105 2480 uebaristia
1122 2418 1253 2500 infirmis
1267 2438 1325 2479 non
1332 2419 1384 2499 je-

105 2503 210 2582 junis,
227 2525 277 2566 scu
292 2525 347 2583 per
359 2504 479 2567 modum
499 2505 629 2568 Viatici?

148 2593 242 2675 Resp.
261 2593 398 2675 Affirm,
422 2600 451 2656 et
470 2612 533 2657 non
547 2595 646 2658 solum
669 2595 696 2657 si
716 2601 852 2658 recurrat
869 2614 985 2659 norum
1001 2596 1109 2658 mortis
1120 2596 1306 2676 periculum,
1330 2597 1383 2658 sed

108 2680 203 2744 etiam
226 2681 251 2742 si
267 2681 349 2744 idem
363 2683 515 2762 perduret.
530 2684 635 2746 -Ita
650 2688 815 2745 communis
836 2693 867 2748 et
884 2704 955 2748 vera
976 2685 1143 2760 sententia,
1166 2684 1211 2746 ait
1233 2685 1270 2747 S.
1297 2684 1380 2764 bip,

109 2788 138 2828 n.
163 2774 237 2833 285.
258 2771 464 2833 Confirmatur
482 2772 661 2835 auctoritate
682 2775 791 2836 Boned.
807 2777 887 2850 XIV,
903 2773 972 2855 qui,
988 2774 1025 2834 de
1045 2773 1121 2854 Syn.
1144 2773 1163 2832 l.
1184 2775 1254 2846 vn,
1278 2792 1303 2832 c.
1325 2789 1379 2845 ru,

108 2860 244 2921 testatur
264 2859 385 2920 nullum
400 2860 572 2940 theologum
595 2861 723 2943 alicujus
737 2862 873 2924 nominis
892 2863 971 2924 hano
990 2861 1175 2924 senteutiam
1197 2877 1325 2939 negare;
1352 2865 1382 2920 et

109 2947 199 3008 addit
211 2946 284 3008 ibid.
289 2993 298 3024 ,
312 2968 342 3007 n.
360 2951 379 3010 5
394 2967 400 3009 :
420 2947 591 3030 Episcopus
606 2950 736 3012 insinuet
751 2951 912 3024 Parocbis,
926 2970 1008 3033 posse
1022 2961 1051 3010 et
1062 2949 1167 3011 debere
1184 2949 1332 3009 Viaticum
1349 2946 1382 3007 in

110 3037 215 3097 eadem
231 3035 411 3113 infirmitate
434 3040 543 3098 iterum
557 3058 591 3097 ae
611 3039 702 3099 tertio
717 3039 943 3114 adrninistrari,
961 3039 1130 3120 prasertim
1148 3037 1176 3098 si
1185 3044 1316 3117 aprotus
1330 3053 1382 3096 ea·

106 3125 215 3202 poscit,
230 3133 259 3185 et
270 3125 298 3186 si
309 3125 401 3195 oeiit,·
411 3144 535 3206 panum
548 3125 687 3186 decernat
702 3128 733 3186 in
749 3127 900 3189 Parocbos
914 3132 967 3210 qui
978 3128 1101 3209 aprotis
1111 3125 1213 3187 devote
1228 3123 1383 3207 postulan-

110 3213 191 3274 tibus
205 3214 313 3274 iternm
324 3223 354 3274 et
368 3215 454 3274 tertio
467 3213 699 3275 Eucbaristiarn
712 3215 829 3296 deferre
843 3219 1020 3295 detrectant,
1035 3215 1124 3295 salsis
1134 3210 1355 3297 pratentibus?

145 3305 251 3378 Quian.
270 3309 303 3366 9ο
316 3303 364 3363 Αη
378 3301 577 3364 Eucharistiu
587 3303 763 3384 frequenter
773 3303 893 3383 deferri
901 3309 995 3386 possit
1008 3303 1270 3367 decumbentibus?

149 3391 241 3472 Hesp.
258 3391 383 3474 Affirm.
394 3410 455 3472 per
470 3411 510 3453 se.
527 3395 588 3454 lloc
604 3397 707 3453 tamen
723 3391 990 3455 acircumstantiis
1007 3393 1130 3472 pendet,
1150 3391 1261 3454 scilicet
1278 3409 1296 3452 a
1314 3407 1381 3469 par-

112 3477 292 3542 ticularibus
312 3497 417 3543 eorum
431 3479 694 3561 dispositionibus.
719 3480 869 3542 Parochus
884 3480 986 3554 debet,
1010 3479 1215 3560 quantumin
1237 3479 1303 3559 ipso
1317 3479 1379 3550 est,

112 3563 250 3630 infirmos
265 3569 303 3630 ad
317 3568 506 3650 frequentem
519 3568 772 3633 communionem
787 3569 949 3631 adhortari.
962 3605 1001 3614 -
1017 3567 1156 3646 (beasset,
1173 3587 1204 3627 n.
1221 3570 1292 3630 ⁶235.

151 3659 254 3732 Quart.
281 3661 332 3720 l0⁰
353 3657 434 3732 Quid
452 3658 600 3741 apendum
622 3657 794 3736 Sacerdoti,
818 3659 845 3720 si
865 3659 907 3719 ad
928 3658 1082 3738 r'mirrnum
1102 3675 1167 3718 cum
1188 3654 1247 3716 SS.
1268 3655 1384 3718 Sacra·

113 3754 212 3806 mento
234 3745 409 3825 adueniens,
430 3747 550 3830 musque
571 3747 779 3828 consessionem
799 3749 961 3830 excipiens,
984 3767 1050 3810 eum
1068 3744 1279 3832 indispositum
1302 3744 1382 3804 inoe-

114 3833 213 3894 nerit?

153 3921 246 4004 Resp.
259 3942 271 3983 .·
285 3924 440 4005 Imprimis
450 3930 582 4006 satagere
592 3926 680 3988 debet
690 3925 906 4000 Confessarius
916 3925 1018 4006 prouti
1029 3923 1139 3986 melius
1152 3921 1272 4003 poterit,
1284 3921 1382 4002 poeni-

81 4006 86 4024 '
113 4009 229 4072 tentem
248 4013 286 4074 ad
308 4013 465 4077 meliorem
487 4013 606 4095 frugem
629 4015 785 4077 adducere.
809 4015 841 4076 Si
866 4033 914 4077 res
936 4033 998 4076 non
1018 4013 1170 4086 succedat,
1195 4019 1241 4087 et,
1266 4031 1296 4074 v.
1321 4028 1379 4091 gr„

114 4093 257 4162 infirmus
282 4108 337 4163 aut
350 4103 535 4166 occasionem
550 4103 723 4185 proximam
742 4103 854 4184 peccati
869 4102 1063 4184 abrumpere,
1080 4106 1134 4163 aut
1154 4099 1382 4163 restitutionem

115 4200 236 4262 gravem
258 4196 288 4252 et
310 4196 388 4253 certo
412 4191 545 4254 debitam
571 4209 633 4254 non
653 4193 829 4273 promittat,
854 4190 969 4254 absolvi
992 4208 1064 4252 sane
1084 4207 1146 4252 uon
1170 4195 1278 4270 potest.
1304 4187 1383 4263 Quid

114 4281 216 4338 autem
231 4277 267 4340 de
279 4280 525 4342 Communione?
543 4281 735 4343 Inducendus
756 4281 844 4343 enixe
861 4284 906 4341 est
923 4278 1090 4358 paenitens,
1108 4285 1160 4352 ut,
1175 4281 1294 4360 peraeta
1308 4293 1378 4338 con·

115 4359 250 4440 sessione,
265 4367 394 4430 declaret
406 4367 535 4448 publice,
551 4387 582 4431 se
593 4369 672 4431 nolle
686 4370 784 4432 adhuc
798 4371 828 4431 S.
842 4367 1067 4430 Eucharistiem
1082 4368 1241 4449 suscipere.
1256 4362 1380 4441 Quodsi

114 4447 190 4515 hauc
202 4455 435 4520 declarationem
449 4462 586 4537 praestet,
610 4459 675 4538 jam
690 4457 841 4521 evanescit
861 4455 1034 4532 difficultas;
1055 4464 1139 4537 patet
1159 4457 1242 4520 enirn
1262 4452 1379 4515 Eucha-
