3206 5042
629 193 673 238 un
694 193 866 239 cursurus
1317 187 1387 248 tls

105 307 193 371 Licet
207 305 357 378 debitum,
371 323 429 384 pro
443 302 541 384 Ilelip.
556 301 626 364 Soc.
641 304 723 381 decu,
739 303 820 385 etc).
836 305 922 380 Quod
936 304 1061 384 quidem
1073 305 1270 386 privilegium
1281 312 1384 376 subla-

9 389 11 394 ’
105 404 178 460 tum
192 409 356 474 nunquam
370 391 540 472 generatim
555 391 631 466 luit,
647 391 716 454 licet
730 392 891 470 Gregorius
905 396 959 457 XV
974 393 1008 455 in
1022 393 1209 474 quibusdam
1224 396 1285 478 ipsi
1299 401 1384 464 dero-

105 485 226 564 gaverit
240 481 383 562 (Constit.
399 479 606 558 Inscrutobili,
620 484 636 556 ξ
649 479 695 561 6).
712 515 751 524 -
762 481 798 542 S.
814 482 883 562 La'q.
902 503 933 542 n.
950 486 1020 546 etl.

147 572 254 634 Plures
269 577 375 632 tamen
389 569 555 632 canonista
573 587 782 650 quoscumque
802 571 979 650 Regulares,
995 570 1090 633 etiam
1104 574 1273 652 specialiter
1291 576 1385 657 privi-

103 659 249 738 legiatos,
271 656 441 738 subjiciunt
458 658 595 721 censuris
619 657 852 739 episcopalibus,
870 660 970 739 quoad
988 679 1023 722 ea
1036 661 1140 723 omnia
1154 661 1188 724 in
1202 663 1316 743 quibus
1330 665 1386 729 isti

105 748 329 828 Episcoporum
343 747 553 828 jurisdictioni
573 765 626 828 per
644 751 780 810 Ganones
799 747 978 811 subduntur
990 749 999 828 l
1012 749 1084 812 Vide
1097 749 1283 832 Pipnotetti,
1303 755 1383 816 Con·

104 837 176 896 cult.
192 857 277 911 cao„
294 846 366 896 tom.
382 837 433 910 ΙΙΙ,
453 835 543 899 Coos.
559 837 630 918 46);
645 842 676 898 et
699 855 736 897 ex
758 836 918 916 theologis,
935 837 989 918 qui
1004 837 1070 900 vim
1086 838 1213 920 hujusce
1231 841 1384 923 privilegii

104 931 288 1002 agnoscunt,
305 943 368 987 non
381 923 470 1004 pauci
484 931 547 987 tres
560 925 629 986 illos
645 943 734 986 casus
753 923 926 1003 excipiunt,
943 925 976 986 in
995 925 1108 1004 quibus
1123 930 1212 991 Gonc.
1229 930 1383 994 Tridenti-

103 1031 183 1074 num
198 1033 338 1096 expresse
354 1011 464 1074 tribuit
478 1012 634 1092 Episcopis
654 1012 830 1074 facultatem
851 1013 1030 1092 procedendi
1051 1033 1104 1094 per
1123 1035 1265 1082 censuras
1279 1027 1385 1084 contra

102 1101 292 1180 Regulares:
308 1117 417 1180 nempe
432 1107 464 1162 Ι0
480 1120 552 1162 sess,
568 1102 659 1174 XXV,
677 1121 702 1160 o.
718 1118 782 1174 xrr,
799 1101 837 1162 de
850 1100 1040 1164 restituendo
1056 1103 1183 1167 novitiis
1198 1107 1384 1172 abeuntibus

103 1190 262 1268 quidquid
273 1191 307 1251 in
320 1189 463 1268 ingressu
476 1190 658 1264 attulerant;
674 1193 707 1252 2⁰
721 1208 793 1250 sees.
809 1189 889 1264 cod,
906 1210 932 1250 c.
948 1209 980 1265 u,
997 1191 1033 1252 de
1047 1191 1187 1255 clausura
1204 1195 1385 1259 Monialium

103 1279 273 1354 servanda3
290 1284 324 1342 3⁰
337 1297 406 1339 rese.
422 1281 517 1352 XXII,
534 1279 572 1342 de
590 1279 709 1340 observ.
729 1281 760 1341 et
771 1278 845 1341 evit.
864 1279 899 1340 in
912 1279 1112 1343 celebratione
1125 1281 1237 1346 blissee.
1252 1285 1384 1346 -Son-

103 1364 190 1436 olzez,
208 1367 246 1428 de
267 1366 359 1427 Matr.
383 1367 403 1428 t.
422 1369 490 1442 Vll,
505 1367 585 1448 disp.
604 1385 714 1442 xxxin,
730 1389 761 1429 n.
779 1373 828 1431 23.
845 1403 885 1414 -
899 1367 1070 1443 Salmant,
1087 1369 1124 1430 de
1140 1369 1269 1444 Priori„
1289 1391 1314 1434 c.
1337 1391 1384 1447 111,

103 1471 135 1512 n.
150 1457 203 1527 20,
222 1466 279 1516 etc.
296 1491 336 1500 -
347 1458 403 1530 At,
418 1456 501 1519 salvo
525 1455 748 1538 sapientiorum
763 1456 894 1537 judicio,
912 1457 1080 1534 sententia,
1095 1477 1163 1540 quaa
1183 1477 1233 1523 eos
1252 1461 1386 1526 totaliter

102 1540 232 1617 eximit,
247 1544 348 1606 verior
362 1544 496 1620 videtur,
509 1551 541 1606 ct
554 1544 737 1608 conformior
749 1545 953 1608 decisionibus
969 1547 1050 1608 Sacr.
1067 1551 1175 1628 congr.

144 1631 251 1705 Quina.
267 1637 301 1696 4⁰
317 1633 472 1708 Quomodo
486 1654 634 1716 reperere
647 1633 750 1696 debeat
765 1634 920 1708 dubitans,
936 1656 976 1695 cn
992 1655 1118 1697 censura
1133 1637 1266 1718 liqetcu?

144 1717 256 1801 Rern:
266 1721 299 1784 Si
311 1721 433 1784 dubitet
446 1741 486 1784 an
499 1741 517 1784 a
529 1741 656 1784 censura
670 1722 764 1784 fuerit
775 1723 945 1794 absolutae,
961 1741 993 1785 se
1005 1724 1117 1787 habere
1130 1725 1219 1787 debet
1236 1733 1384 1805 tanquam

103 1824 238 1870 censura
257 1809 357 1870 adbuc
375 1808 574 1883 innodatum,
592 1811 685 1871 donec
707 1809 901 1888 Superiorem
921 1809 1164 1889 interrogaverit.
1181 1813 1265 1874 Idem
1285 1813 1386 1876 dicen·

103 1895 182 1954 dum
196 1903 260 1972 est,
277 1895 304 1957 si
321 1895 443 1958 dubitet
465 1897 502 1958 de
522 1901 672 1976 potestate
691 1896 863 1976 Superioris
881 1897 916 1958 in
937 1915 1066 1960 censura
1079 1898 1217 1976 ferenda,
1233 1901 1387 1981 siquidem

102 1999 159 2060 pro
178 2001 216 2046 eo
235 2001 355 2064 semper
375 1986 627 2065 presumendum
646 1989 701 2048 est.
718 1989 809 2049 Secus
824 1985 936 2048 verosi
951 1987 1086 2062 dubitet,
1101 1995 1209 2052 utrum
1226 2007 1388 2054 censuram

102 2069 289 2148 incurrerit,
304 2073 368 2136 sive
387 2072 520 2136 dubium
541 2073 583 2136 sit
602 2074 696 2156 sacti,
709 2093 742 2138 v.
758 2092 817 2153 gr,
832 2073 910 2137 circa
924 2074 1055 2149 crimen,
1072 2081 1147 2156 puta
1158 2077 1185 2140 si
1199 2077 1328 2152 dubitet,
1346 2097 1387 2141 an

99 2163 261 2238 percussio
274 2162 381 2225 Clerici
395 2163 490 2225 luerit
504 2163 638 2242 graviter
651 2163 817 2243 injuriosa3
830 2161 894 2226 sive
905 2163 1037 2226 dubimn
1051 2165 1093 2226 sit
1098 2166 1195 2246 jorio,
1206 2165 1239 2228 id
1251 2174 1296 2228 est
1309 2168 1387 2230 circa

101 2250 434 2331 sententiam,putain
444 2251 548 2327 dubio,
558 2258 668 2314 utrum
682 2269 809 2314 censura
825 2251 864 2312 sit
880 2252 1001 2314 latarel
1011 2252 1140 2316 ferendae
1150 2254 1385 2330 serrtentiae,etc.

101 2370 140 2379 -
153 2335 188 2398 S.
204 2339 278 2420 Lep.
295 2360 326 2400 c.
342 2344 381 2402 32
396 2349 423 2399 ct
436 2343 486 2402 67.

140 2429 212 2490 950.
228 2463 271 2474 —
285 2430 385 2502 Quat.
403 2431 434 2491 5⁰
449 2427 498 2489 Ac
510 2429 607 2511 possit
620 2430 687 2512 quis
703 2427 795 2508 lipari
807 2427 948 2510 pluribus
964 2432 1098 2490 ceresaria
1114 2431 1227 2492 simul?

142 2515 237 2598 llesp.
252 2515 380 2596 Affirm.
394 2516 477 2580 Nihil
500 2518 584 2581 euim
604 2519 705 2581 obstat
725 2517 892 2598 quominus
905 2517 975 2598 quis
986 2518 1129 2598 pluribus
1144 2520 1238 2583 simul
1254 2521 1386 2584 vinculis

103 2607 342 2685 constringatur.
355 2611 433 2671 Nam
447 2609 709 2686 quemadmodum
722 2613 821 2686 potest
835 2605 905 2686 quis
920 2607 1008 2686 plura
1019 2613 1140 2686 patrare
1154 2613 1273 2689 peccata
1287 2610 1385 2690 specie

104 2697 133 2750 et
147 2711 280 2756 numero
295 2695 425 2769 diversa,
438 2694 482 2756 ita
494 2697 590 2758 ctiam
601 2700 701 2776 potest
713 2695 849 2756 censuris
862 2695 959 2773 specie
969 2702 999 2756 et
1009 2713 1139 2758 numero
1153 2697 1282 2759 diversis
1292 2698 1386 2760 simul

104 2777 265 2852 innodari,
282 2800 314 2840 v.
331 2799 390 2856 gr„
406 2783 737 2855 excommunicatione,
752 2781 949 2860 suspensione
964 2781 1006 2859 (si
1021 2783 1152 2842 Clericus
1172 2783 1228 2863 sit)
1243 2789 1273 2843 et
1288 2783 1385 2845 inter-

105 2865 188 2926 dicto
202 2883 258 2927 nec
278 2883 339 2927 non
358 2865 499 2945 pluribus
520 2865 907 2941 excommunicationibus,
923 2873 981 2928 etc.
995 2869 1059 2929 lmo
1073 2866 1111 2930 ob
1124 2887 1224 2930 unum
1241 2869 1387 2933 delictum

105 2960 207 3033 potest
224 2951 295 3035 quis
307 2952 397 3032 ligari
412 2952 507 3016 simul
519 2958 617 3036 ajuro
631 2959 661 3016 et
675 2954 712 3016 ab
724 2953 864 3028 bomine,
881 2971 899 3015 a
917 2956 997 3035 Papa
1015 2964 1045 3018 et
1064 2957 1102 3018 ab
1118 2957 1278 3038 Episcopo,
1294 2957 1339 3019 ita
1351 2967 1388 3022 ut

106 3041 145 3103 ab
163 3052 295 3124 utroque
312 3041 430 3105 absolvi
444 3041 567 3118 debeat,
588 3043 677 3106 modo
699 3042 774 3105 alter
795 3041 936 3122 Superior
963 3062 1076 3108 novam
1098 3045 1241 3110 intendat
1263 3065 1386 3128 poenam

106 3131 264 3211 imponere
276 3131 358 3213 quod
372 3151 426 3211 per
439 3149 469 3193 sc
484 3139 589 3194 tamen
604 3150 667 3194 non
680 3129 890 3211 presumitur,
902 3130 964 3192 nisi
979 3133 1180 3212 exprimatur.
1190 3169 1230 3182 -
1241 3135 1292 3196 lto
1307 3155 1387 3196 com-

106 3222 282 3284 manderet
296 3220 431 3282 absolute
442 3220 633 3303 probabilius
641 3221 740 3301 jueta
756 3220 792 3282 S.
808 3220 892 3302 Lep,
906 3241 937 3280 n.
951 3221 1002 3283 28.

147 3309 242 3374 Hinc:
261 3317 292 3374 Ιο
306 3310 338 3372 Si
353 3310 424 3391 quis
438 3309 529 3372 unico
544 3315 614 3372 actu
628 3309 690 3372 duo
704 3307 879 3372 committat
899 3315 1020 3390 peccata
1042 3309 1139 3390 specie
1157 3309 1294 3385 diversa,
1311 3329 1385 3392 quo-

105 3417 179 3461 rum
202 3401 372 3482 unicuique
393 3397 435 3461 sit
455 3417 576 3462 annexa
599 3417 741 3472 censura,
757 3399 833 3460 duas
854 3397 991 3460 incurret
1014 3417 1171 3474 censuras,
1195 3417 1241 3462 cx.
1257 3419 1316 3479 gn,
1332 3401 1387 3480 qui

105 3488 257 3552 Clericum
278 3487 394 3552 occidat
411 3487 445 3550 in
464 3489 527 3551 loco
545 3487 601 3550 ubi
622 3485 826 3551 homicidium
851 3487 908 3548 sub
931 3504 1021 3566 poena
1044 3505 1178 3550 censurae
1197 3487 1383 3568 prohibetur.

105 3579 199 3638 Secus
211 3595 283 3640 uero
299 3577 325 3640 si
338 3583 498 3659 peccatum
516 3577 593 3640 illud
613 3577 742 3639 unicum
759 3594 822 3638 non
839 3575 951 3638 habeat
970 3574 1104 3638 malitias
1123 3576 1218 3656 specie
1238 3575 1384 3638 diuersae.

106 3700 146 3709 —-
159 3665 193 3727 S·
210 3667 253 3728 Le'
273 3689 322 3729 .c.
337 3673 388 3732 28.

146 3745 180 3815 2⁶
194 3753 225 3817 Si
244 3687 314 3836 guis
337 3757 428 3820 iteret
443 3757 527 3820 idem
551 3753 683 3833 crimen,
700 3753 750 3817 cui
773 3759 820 3816 est
842 3771 961 3816 annexa
982 3771 1124 3830 censura,
1141 3759 1212 3817 actu
1230 3751 1386 3816 moraliter

107 3842 256 3906 distincto
269 3845 408 3925 aprimo,
425 3846 540 3909 iterum
554 3846 693 3908 eamdem
705 3843 839 3906 incurrit
852 3859 1028 3920 censuram;
1049 3861 1134 3905 secus
1148 3861 1234 3918 vero,
1254 3842 1280 3904 si
1301 3847 1386 3904 actus

107 3931 230 4011 repetiti
252 3951 314 3996 non
333 3935 398 3997 sint
416 3935 499 3998 inter
519 3953 551 3997 se
572 3933 730 3998 moraliter
747 3931 896 3995 distincti.
914 3931 963 3995 Sic
981 3931 1153 4013 percutiens
1175 3931 1324 3993 Clericum
1343 3936 1388 3992 ter

108 4021 154 4082 vol
171 4027 290 4102 quater,
306 4023 405 4104 posito
423 4022 554 4086 notabili
574 4021 735 4085 intervallo
754 4021 837 4084 inter
858 4021 994 4101 singulas
1015 4019 1239 4101 percussiones
1255 4018 1387 4082 incurrit

107 4115 170 4172 tres
186 4111 233 4172 vel
246 4119 380 4191 quatuor
394 4131 555 4186 censurae,
573 4113 649 4174 dum
673 4108 797 4173 unicam
819 4109 964 4182 incurrit,
982 4109 1008 4170 si
1026 4126 1098 4171 eum
1113 4107 1226 4187 pluries
1240 4108 1385 4172 continuo

107 4203 268 4280 percutiat.

149 4295 181 4355 3⁰
193 4291 309 4354 Pariter
323 4291 424 4374 plures
443 4293 580 4355 incurret
604 4288 845 4372 irregularitates
861 4289 1003 4352 Sacerdos
1017 4285 1314 4361 excommunicatae,
1332 4284 1385 4366 qui

108 4379 210 4459 plures
224 4381 407 4462 poenitentes
422 4381 551 4446 diuersis
564 4379 673 4444 saltem
687 4385 859 4460 temporum
870 4375 1040 4442 intervallis
1052 4375 1198 4452 absolvat,
1211 4375 1285 4457 quia
1296 4374 1385 4438 toties

107 4487 225 4533 norum
239 4467 353 4533 confert
367 4472 610 4535 Sacramentum.
627 4503 667 4517 —
681 4468 716 4532 S.
733 4469 817 4550 Lep,
835 4465 910 4528 ibid.
