3220 5042
471 197 514 243 or.
534 195 771 244 sacransaro
791 197 1027 244 enarraverat
1312 184 1381 246 229

101 315 173 386 tus,
191 327 234 372 an
244 307 418 390 frequenta
431 308 471 370 ed
484 309 678 371 Sacramenta
688 307 867 371 accesserit?
880 325 921 370 an
931 307 982 390 pie
992 308 1146 372 confessus
1161 308 1209 372 vel
1221 308 1382 390 sacrilege?

100 415 146 462 an
164 404 292 479 peccata
306 395 448 459 celaverit
464 395 642 477 aliquando;
658 415 719 478 quo
736 399 891 477 tempore?
903 396 1077 478 quamdiu?
1090 416 1131 460 an
1147 416 1181 460 ea
1195 403 1296 479 postea
1313 416 1383 462 con*

101 488 212 552 fessus
225 487 332 562 fuerit,
348 495 403 550 aut
416 487 615 552 confessiones
629 487 786 570 sacrilegas
799 487 978 551 iteraverit?

145 576 276 642 Prasia
288 576 357 640 ista
368 577 507 640 notiones
521 575 692 658 plurimum
705 575 892 641 confessario
905 576 1075 641 inservient
1086 597 1093 640 :
1105 597 1155 642 eas
1169 584 1275 642 autem
1286 578 1382 642 inter-

97 666 286 746 rogationes
300 664 400 746 magis
418 665 466 728 vel
478 665 585 728 minus
605 663 728 746 urgebit
740 684 796 748 pro
809 665 956 748 qualitate
970 665 1159 743 confitentis,
1177 673 1209 730 et
1222 666 1323 731 indole
1336 685 1382 730 re-

102 773 118 818 s
161 773 326 818 nmonum.
1379 801 1382 806 a

118 773 202 907 psil‘
222 843 349 925 Reputo.
369 841 474 919 0υοαά
491 841 634 906 ordinem
648 843 844 926 consessionis
855 861 868 906 .·
880 843 1030 908 accusatio
1043 851 1073 907 et
1084 842 1335 932 interrogationes
1348 845 1380 906 in

102 931 176 1014 ipsa
190 930 379 996 confessione
390 941 471 994 certo
485 931 592 996 ordine
606 933 682 996 fiant
698 937 830 1014 oportet,
844 951 883 995 ne
900 933 1005 995 omnia
1018 931 1204 997 misceantur
1220 951 1295 998 ,cum
1315 948 1383 1015 per-

102 1019 289 1084 turbatione
306 1019 480 1084 confitentis
498 1026 529 1084 et
544 1019 678 1103 periculo
691 1019 823 1084 defectus
839 1020 1040 1101 integritatis,
1056 1028 1113 1085 etc.
1126 1021 1183 1086 Via
1197 1029 1302 1086 autem
1314 1021 1383 1085 bre-

98 1109 178 1172 -vior
203 1114 235 1172 et
252 1107 367 1173 facilior
388 1115 445 1184 est,
461 1109 488 1172 si
508 1109 562 1174 fiat
581 1109 741 1174 declaratio
754 1115 945 1190 peccatorum
959 1109 1128 1173 secundum
1141 1109 1280 1174 ordinem
1294 1129 1382 1174 man·

104 1198 258 1262 datorum
280 1197 352 1274 Dei,
375 1198 531 1274 Ecclesia,
554 1203 586 1262 et
610 1197 788 1280 specialium
810 1197 1031 1280 obligationum
1053 1217 1108 1280 pro
1131 1205 1215 1264 statu
1235 1191 1382 1282 cuiusque

103 1304 246 1370 proprao.

147 1375 222 1438 ΙΙΙ·
233 1374 361 1458 Regula.
375 1375 479 1453 Quoad
490 1375 608 1438 modum
625 1377 818 1458 consessionis
827 1396 839 1439 .·
854 1376 879 1439 si
892 1376 1043 1458 poenitens
1058 1376 1099 1440 sit
1111 1376 1185 1440 satis
1198 1375 1381 1452 instructus,

104 1463 245 1546 benigne
259 1483 331 1528 eum
350 1464 479 1530 inducat
493 1465 700 1530 Conlmsarius
717 1467 756 1529 ad
771 1472 892 1546 wenta
911 1485 967 1530 sua
983 1466 1159 1548 exponenda
1171 1468 1262 1548 juxto
1278 1465 1382 1547 praela-

104 1557 182 1615 tum
198 1553 349 1628 ordinem,
359 1553 543 1634 promittens
558 1573 590 1617 se
600 1553 690 1617 illum
705 1555 896 1637 adjuturum,
906 1561 936 1616 et
950 1555 1070 1636 quoties
1084 1573 1160 1636 opus
1173 1554 1277 1630 deerit,
1286 1554 1383 1616 inter·

64 1719 66 1724 .
105 1647 298 1723 rogaturum
312 1649 350 1704 ut
361 1642 466 1705 omnia
478 1647 557 1705 recte
568 1641 776 1724 perficiantur.
785 1677 827 1689 -
837 1643 869 1705 Sl
881 1647 984 1706 autem
996 1643 1149 1724 paenitens
1163 1643 1205 1706 sit
1215 1643 1311 1716 rudis,
1323 1641 1384 1705 lere

103 1735 219 1792 totum
231 1747 310 1791 onus
324 1729 522 1793 confessionis
535 1730 570 1793 in
582 1749 614 1792 se
625 1736 764 1793 assumat
777 1729 993 1805 confessarius,
1003 1728 1168 1812 interroget
1181 1729 1384 1811 perordinem

104 1819 146 1880 de
160 1815 309 1878 omnibus
329 1835 397 1898 quas
415 1817 607 1880 committere
627 1817 726 1880 solent
746 1816 931 1899 paenitentes
949 1818 1032 1899 paris
1052 1817 1250 1892 mnditionis,
1267 1823 1297 1880 et
1315 1821 1385 1898 post

104 1903 237 1983 singula
250 1912 370 1984 peccate
382 1904 521 1986 inquirat
537 1924 556 1967 a
571 1904 756 1986 poerritente,
772 1923 813 1968 an
826 1905 943 1987 aliquid
955 1905 1129 1970 addendum
1144 1905 1274 1970 noverit.
1291 1907 1385 1969 Ante·

105 2009 210 2074 quam
226 1997 328 2056 aulem
347 1992 600 2074 interrogationes
619 1991 761 2074 incipiat,
778 1994 882 2058 sedulo
903 1994 1097 2058 confitentem
1115 1995 1291 2071 admoneat,
1304 1991 1385 2057 nihil

106 2081 171 2146 sihi
186 2083 466 2162 pertimescendum
486 2101 551 2146 esse
566 2083 667 2165 quoad
681 2081 892 2146 difficultatem
905 2089 1027 2168 peccata
1042 2083 1201 2164 detegendi
1217 2081 1289 2146 :Sis
1304 2085 1386 2165 quie·

108 2180 157 2233 tas
173 2179 206 2232 et
221 2169 297 2232 bono
313 2174 423 2249 animo,
442 2170 576 2252 inquiet;
593 2191 646 2254 ego
659 2180 740 2233 mom
751 2190 896 2254 peragam
909 2172 1136 2253 consessionem·
1153 2175 1225 2234 noui
1238 2191 1310 2234 anne
1324 2191 1385 2234 otn-

107 2261 163 2322 nr'o
178 2268 307 2342 peccato
324 2277 394 2342 qaae
409 2271 535 2343 patrare
549 2260 702 2342 potuisti:
715 2279 766 2341 ego
784 2259 842 2322 citt
853 2281 888 2322 aa
902 2261 1000 2323 omnic
1020 2261 1169 2344 detegam,
1190 2269 1271 2323 taum
1287 2261 1384 2323 solum

106 2352 169 2412 erit
187 2348 267 2415 ctare
284 2358 314 2410 et
327 2349 442 2410 sincere
454 2347 737 2432 interrogationibus
752 2349 825 2411 meis
840 2351 1033 2432 respondere,
1048 2360 1078 2412 et
1090 2349 1126 2413 de
1141 2351 1269 2433 peccatis
1284 2369 1385 2412 cerum

102 2437 245 2500 tuorem
266 2437 431 2521 concipere.
455 2437 566 2501 -Sic
590 2439 779 2512 Saavaroar,
802 2437 967 2502 Instructio
990 2437 1120 2520 practica
1140 2457 1195 2520 pro
1215 2437 1386 2502 neoconies-

109 2545 214 2590 mans.

568 2655 570 2662 ’
632 2665 810 2722 Arruuurx
829 2665 868 2723 lll

238 2806 330 2849 ttom
348 2807 540 2850 consulatus
559 2807 712 2851 tunsurus
730 2809 783 2851 rra
802 2807 1056 2852 lurcuuottnrluttus
1073 2807 1261 2852 lliS'l'lTl'ssllllAE

150 2955 224 3018 520.
241 2987 281 2997 —
298 2951 387 3016 Prius
411 2952 492 3015 dicat
514 2952 667 3033 paenitens
687 2971 757 3034 quaa
778 2951 851 3029 scit,
871 2954 934 3018 nisi
953 2953 1044 3018 malit
1063 2954 1171 3018 statim
1189 2951 1382 3034 interrogari.

110 3043 191 3104 Ante
206 3039 311 3105 omnia
324 3039 560 3122 interrogandus
574 3039 737 3121 paenitens,
749 3060 789 3104 an
801 3043 998 3108 matrimonio
1010 3045 1137 3124 junctus
1152 3043 1202 3118 sit,
1221 3043 1335 3105 necne?
1344 3075 1384 3088 -

107 3129 226 3193 Deinde

148 3221 173 3282 l.
190 3220 244 3282 An
258 3215 347 3280 nulle
361 3217 508 3300 consessio
517 3215 692 3298 praecedens
709 3217 878 3302 sacrilega?
893 3221 943 3282 An
961 3217 1124 3301 aliquando
1144 3217 1307 3302 quidpiam
1319 3235 1382 3281 non

109 3307 246 3372 audebas
270 3307 389 3370 dicere?
408 3304 549 3388 quoties?
562 3308 611 3370 An
629 3305 662 3368 in
682 3306 736 3369 tali
757 3311 842 3370 statu
860 3309 912 3372 SS.
928 3307 1183 3372 communionem
1202 3303 1382 3387 suscepisti?

111 3411 150 3458 an
162 3395 199 3460 in
219 3402 353 3478 ternpore
366 3393 524 3459 Pmohali?
537 3393 678 3476 quoties?
697 3397 747 3459 An
762 3395 954 3476 culpabiliter
969 3414 1033 3459 non
1049 3394 1219 3496 implevisti
1230 3393 1380 3476 poeniten-

109 3482 209 3548 tiam?

148 3575 187 3636 Π.
212 3573 304 3637 Circa
317 3575 445 3636 virtutae
459 3573 644 3657 theologicos
656 3593 669 3637 .·
682 3575 731 3638 An
749 3573 906 3637 interdum
924 3571 1055 3638 elicuisti
1071 3577 1173 3636 actum
1190 3569 1293 3647 Fidei,
1310 3569 1379 3652 Spei

109 3667 138 3723 et
156 3661 324 3727 Carimtis?
342 3665 391 3726 An
411 3661 471 3726 scis
490 3662 638 3747 mysteria
656 3661 834 3744 principalia
851 3662 932 3726 scitu
948 3662 1132 3738 necessaria,
1152 3659 1266 3724 scilieet
1281 3663 1378 3722 mum

109 3766 188 3826 esse,
204 3757 237 3814 et
250 3757 512 3816 remuneratorem
528 3771 592 3816 esse
609 3750 683 3815 boni
701 3758 732 3815 et
750 3750 839 3827 mali;
855 3750 1003 3834 mysteria
1020 3752 1072 3816 SS.
1085 3748 1261 3824 Trinitatis,
1277 3749 1378 3810 Incar-

110 3839 246 3904 nationis
265 3845 296 3904 et
314 3839 421 3904 Mortis
439 3843 513 3904 lesu
530 3839 665 3905 Christi?
682 3841 732 3904 An
749 3839 828 3904 forte
844 3839 970 3922 negasti·
981 3839 1094 3903 fldem?
1108 3841 1157 3902 An
1175 3835 1324 3900 dubitasti
1340 3835 1378 3898 de

111 3925 213 4010 aliqua
226 3928 355 3992 veritate
370 3927 558 4010 Religionis?
571 3930 619 3993 vel
635 3947 703 3992 mm
721 3927 862 4009 negasti?
873 3930 924 3992 an
939 3934 1044 3993 contra
1058 3925 1247 4008 Religionem
1258 3924 1377 3988 locutus

111 4017 162 4076 es?
177 4019 226 4080 An
240 4016 334 4080 libros
348 4017 516 4098 prohibitos
529 4017 652 4100 legisti?
665 4015 853 4081 vendidisti?
866 4015 1086 4082 commodasti?

150 4105 199 4169 An
220 4105 297 4170 forte
313 4105 504 4187 desperasti?
519 4109 600 4170 Gur?
614 4107 716 4189 (spem
733 4105 854 4188 injiciat
870 4104 1076 4170 Conlessarius
1090 4123 1098 4167 ε
1114 4103 1261 4186 quoniam
1276 4102 1376 4167 bonus

108 4191 204 4270 Deus,
221 4193 249 4258 si
262 4199 291 4259 te
304 4195 450 4259 voluisset
463 4195 626 4270 damnare,
642 4211 705 4258 non
720 4201 751 4258 te
763 4194 914 4276 hodie...).
928 4196 980 4258 An
992 4190 1237 4276 presumpsisti?

150 4282 200 4346 An
214 4301 251 4348 ea
265 4280 402 4366 respectu
414 4283 552 4346 humano
564 4281 617 4346 Dei
631 4287 661 4346 et
673 4281 811 4346 Ecclesia
828 4287 976 4363 precepta
988 4281 1169 4364 neglexisti?

148 4371 199 4435 An
211 4371 351 4453 proximo
364 4377 419 4436 tuo
431 4370 543 4436 dedisti
557 4371 751 4446 scandalum,
766 4389 861 4452 prava
873 4369 999 4434 consilia
1012 4377 1067 4434 aut
1080 4371 1238 4453 exempla?

150 4461 199 4523 An
213 4460 383 4526 occasiones
396 4458 537 4543 pemandi
551 4457 746 4543 quasivicti?
