3198 5036
206 208 273 267 121
485 252 487 258 .
735 225 945 272 anscausus

203 339 271 414 post
298 331 409 396 10010111
429 335 628 408 oblationem,
645 336 726 398 licite
750 355 799 400 eas
823 339 994 400 consecrare
1018 340 1144 419 poterit,
1169 341 1308 421 suppleta
1328 339 1482 405 oblatione

204 421 389 485 mentaliter.
411 459 444 468 -
457 421 492 484 S.
508 424 591 504 Lip„
607 424 684 486 ibid.

328 602 524 677 Quaesitae.

245 767 314 828 183.
331 799 372 811 -
389 768 489 840 Quian.
515 770 547 826 1⁰
568 765 618 825 An
635 764 811 826 censendam
832 766 873 826 sit
887 775 1088 828 consecratam
1110 767 1256 828 cibariam
1277 785 1315 828 ea
1331 765 1484 829 oblivione
1585 765 1586 826 ἶ

205 861 294 914 extra
311 853 467 934 corporale
480 853 638 916 relictam?

245 941 338 1024 Resp.
356 962 368 1003 .·
384 941 636 1005 Controvertitnr.
658 943 690 1004 p
708 943 866 1005 Sententia
883 943 1047 1025 probabitis
1064 944 1214 1026 affinnat.
1230 944 1317 1008 Ratio
1330 952 1391 1018 est,
1407 945 1486 1026 quia

201 1034 268 1111 jam
282 1030 381 1094 adiuit
396 1031 536 1095 voluntas
550 1031 680 1113 positiva
697 1033 890 1095 consecrandi
902 1032 978 1095 illud
988 1032 1139 1095 ciborium
1152 1033 1187 1095 in
1201 1033 1350 1113 principio
1362 1032 1482 1108 uisse,
1585 1055 1586 1126 p

205 1137 260 1182 nec
274 1119 326 1182 illa
340 1120 482 1182 voluntas
495 1120 555 1182 1011
568 1125 746 1197 retractata;
763 1139 832 1200 ergo
846 1121 1051 1202 perseveravit
1067 1120 1240 1184 virtualiter
1256 1127 1392 1201 tempore
1410 1139 1486 1183 con-
1585 1151 1586 1186 v

206 1209 392 1271 secretionis.

245 1295 298 1358 II‘
313 1296 469 1359 Sententia
484 1301 669 1358 communior
682 1305 712 1359 et
725 1298 926 1379 probabilior,
939 1300 1030 1380 juxta
1045 1297 1081 1360 S.
1100 1299 1181 1380 Lep,
1198 1302 1297 1378 negat.
1316 1297 1404 1361 Ratio
1421 1303 1483 1373 est,
1585 1355 1586 1366 .

206 1383 280 1462 qnia
293 1384 426 1447 intentio
444 1385 497 1448 illa
517 1387 656 1448 absoluta
677 1387 885 1459 consecrandi,
908 1386 1003 1449 etiam
1026 1389 1111 1450 extra
1132 1387 1297 1467 corporale,
1319 1387 1486 1450 materiam

205 1473 379 1552 presertim
396 1475 434 1537 ad
449 1473 658 1554 integritatem
674 1476 812 1538 sacrificii
830 1474 960 1537 minime
977 1474 1178 1538 necessariam
1198 1475 1307 1537 fuisset
1325 1483 1485 1556 peccatum

206 1577 312 1640 grave,
327 1567 358 1622 et
371 1561 498 1642 proinde
513 1565 654 1626 Sacerdos
668 1563 753 1626 illam
766 1563 910 1626 habrusse
924 1581 986 1626 non
1001 1564 1209 1645 presumitur.

247 1651 283 1710 ln
296 1649 386 1729 praxi
403 1651 553 1714 ciborium
572 1652 648 1715 illud
668 1653 767 1715 denuo
784 1653 1022 1714 consecrandum
1039 1653 1097 1714 erit
1116 1653 1173 1714 suh
1189 1653 1363 1715 conditione
1375 1652 1410 1715 in
1425 1654 1486 1716 alia

207 1737 309 1802 Missa.
324 1743 456 1802 Possunt
469 1741 563 1804 etiarn
575 1741 634 1804 illae
649 1741 806 1822 particulae
821 1741 941 1803 absumi
957 1745 1023 1822 post
1037 1746 1200 1822 utramque
1214 1741 1485 1816 communionem,

207 1828 259 1889 sed
274 1834 346 1890 ante
360 1828 614 1909 purificationem.
628 1867 669 1875 —
681 1829 717 1891 S.
733 1831 802 1912 Lip.
817 1852 847 1890 n.
866 1835 936 1894 117.

247 1917 348 1991 Qunn.
363 1922 396 1979 2⁰
410 1919 461 1979 An
475 1929 631 1981 censeatur
640 1929 840 1981 consecratam
853 1919 996 1980 ciborium
1006 1921 1138 2000 positam
1147 1919 1268 2000 quidem
1279 1918 1309 1978 in
1318 1919 1482 1999 corporati,

206 2004 258 2066 sed
270 2005 349 2085 qaod
357 2025 395 2068 ea
407 2007 553 2068 oblivione
568 2009 712 2069 remansit
726 2007 860 2070 clansam
875 2018 1008 2090 tempore
1023 2005 1271 2070 consecrationis?

248 2093 336 2176 Hesp.
359 2096 385 2156 A
389 2094 487 2175 spina.
508 2096 597 2158 Ratio
611 2103 656 2158 est
673 2116 680 2156 :
699 2103 730 2158 1ο
746 2096 818 2176 quia
833 2081 912 2158 e'erte
925 2103 1056 2177 possunt
1073 2096 1171 2158 valide
1189 2093 1354 2156 consecrari
1374 2095 1485 2158 hostiae

206 2182 241 2243 in
261 2181 375 2244 ciborio
393 2183 508 2256 clauso,
526 2189 560 2244 ut
579 2202 670 2264 supra
690 2183 807 2245 dictum
828 2191 888 2258 est;
904 2189 937 2246 2⁰
955 2185 1029 2263 quia
1045 2184 1185 2246 Sacerdos
1204 2201 1322 2263 semper
1342 2191 1487 2246 censetur

206 2267 319 2331 habere
332 2269 537 2332 intentionenr
552 2271 724 2333 absolutam
742 2273 936 2334 consecrandi
950 2271 1101 2352 quidquid
1118 2273 1183 2352 ipso
1200 2272 1313 2334 sciente
1331 2279 1378 2333 est
1392 2291 1486 2353 supra

207 2357 372 2436 corporale,
389 2364 419 2418 et
433 2365 480 2420 est
492 2359 619 2420 honeste
638 2359 852 2433 consecrabile‚
869 2363 899 2421 et
916 2359 1046 2422 habetur
1060 2378 1114 2439 per
1129 2361 1258 2422 modum
1276 2359 1429 2422 continui.
1448 2395 1485 2406 -

206 2445 395 2516 1001100100,
413 2451 469 2508 etc.

249 2531 308 2612 otj
311 2533 379 2594 10100
394 2552 406 2595 :
420 2537 467 2596 Ex
481 2533 570 2598 dictis
583 2535 618 2597 10
634 2535 762 2616 quesita
776 2536 973 2617 precedenti,
985 2537 1186 2619 probabiliter
1198 2543 1320 2600 nonest
1332 2555 1486 2601 consecra·

207 2627 277 2682 tum
292 2619 443 2683 ciborium
462 2627 547 2685 extra
566 2625 717 2704 corporale
735 2625 891 2699 relictum,
911 2625 984 2706 quia
1005 2627 1145 2689 Sacerdos
1165 2644 1229 2689 non
1249 2632 1389 2690 censetur
1409 2627 1484 2690 velle

207 2727 341 2788 pecoare;
357 2713 458 2791 apori
469 2711 503 2774 in
517 2713 660 2792 prasenti
673 2731 745 2776 casu
759 2713 796 2776 ob
809 2715 950 2777 eamdem
964 2714 1126 2778 rationem.

245 2799 337 2880 Hesp.
358 2799 435 2882 Nep.
457 2802 634 2883 paritatem.
657 2802 739 2867 Licet
766 2803 851 2865 enim
874 2803 1005 2866 Ecclesia
1026 2803 1100 2866 velit
1126 2803 1277 2868 ciborium
1298 2803 1414 2884 aperiri
1431 2822 1484 2886 pro

207 2887 315 2970 11101011
329 2890 513 2962 reverentia,
531 2895 666 2954 attamen
686 2909 757 2953 cum
775 2891 840 2953 haec
859 2891 1057 2955 irreverentia
1075 2911 1137 2955 non
1158 2892 1299 2955 videatur
1320 2891 1483 2965 notabilis,

206 2976 364 3057 possitque
379 2979 435 3040 hoc
449 2979 639 3060 frequentius
652 2979 839 3060 contingere,
856 2987 1041 3061 praceptiun
1055 2981 1112 3044 1100
1124 2999 1185 3043 000
1198 2981 1271 3044 adeo
1287 2985 1389 3060 urget,
1407 2980 1486 3043 sicul

207 3073 394 3146 preceptum
407 3086 470 3130 non
485 3067 680 3131 consecrandi
692 3076 777 3131 extra
791 3069 951 3150 corporale.
971 3070 1088 3132 Asserit
1101 3069 1214 3131 [lenter
1227 3069 1307 3132 110110
1321 3087 1385 3132 esse
1402 3087 1484 3132 com·

207 3172 334 3219 munem
348 3159 510 3220 Doctorum
524 3156 719 3220 sententiam.

246 3247 487 3320 981-ΟοΕο
506 3251 537 3309 3ο
554 3246 605 3306 An
618 3244 796 3308 censeantur
814 3258 988 3309 consecratae
1004 3257 1100 3328 putta
1117 3249 1183 3310 vini
1201 3247 1379 3309 inhaerentes
1394 3247 1486 3310 calici

207 3333 268 3394 sene
282 3337 429 3413 caterine,
445 3338 507 3396 sive
517 3335 669 3396 interius?

247 3421 338 3503 neap.
358 3427 389 3484 1ο
407 3441 413 3483 :
434 3426 535 3487 Guttae
556 3423 692 3486 euterius
714 3423 896 3488 inherentes
919 3443 1082 3505 nunquam
1105 3429 1267 3486 censentur
1290 3431 1481 3488 consacratae.
1585 3455 1586 3468 ¹

207 3510 295 3575 Ratio
313 3518 375 3586 est,
394 3511 468 3593 quia
481 3512 592 3574 merito
608 3512 807 3592 presumitur
822 3513 1027 3576 intentionem
1047 3513 1211 3576 Sacerdotis
1230 3530 1295 3574 esse
1311 3529 1484 3575 consecrare

206 3597 283 3661 illud
301 3619 415 3676 unum,
433 3602 514 3681 quod
530 3606 577 3663 est
595 3599 677 3664 licito
697 3602 911 3675 consecrabile;
929 3601 1033 3663 illicite
1056 3605 1160 3664 autem
1174 3608 1205 3664 et
1223 3601 1436 3674 irreverenter,
1453 3606 1486 3662 et

208 3687 322 3838 bhslle
333 3689 539 3842 unaqlgmate
554 3689 613 3776 illae
626 3690 756 3769 guttula
773 3696 1029 3752 consecrarentur.
1045 3693 1162 3769 Ergo...
1184 3690 1287 3751 -Ita
1308 3708 1420 3750 omnes.
1444 3723 1484 3734 —

238 3800 337 3946 ‘Resbl
347 3801 386 3930 2⁰
402 3887 414 3928 .·
425 3827 624 3929 Probabitias
639 3885 693 3929 nec
707 3873 885 3929 consecrata
898 3870 1058 3929 censentur
1073 3874 1168 3948 gutta
1182 3866 1313 3930 interius
1329 3866 1483 3928 inhaeren-

207 3957 271 4028 1οῆ
288 3961 318 4016 01
333 3956 460 4019 omnino
475 3976 493 4018 a
506 3957 616 4037 majori
635 3954 809 4036 quantitate
828 3959 981 4036 separatae.
999 3956 1088 4020 Ratio
1108 3963 1169 4030 est,
1191 3956 1264 4037 qrria
1281 3974 1344 4018 uon
1358 3954 1484 4016 videtur

208 4059 272 4104 esse
285 4041 415 4106 intentio
428 4045 581 4118 Ecclesia,
598 4047 731 4124 adeoque
746 4063 802 4107 neo
816 4045 998 4120 Sacerdotis,
1016 4063 1187 4108 consecrare
1201 4044 1263 4106 nisi
1277 4044 1388 4107 ninum
1400 4042 1482 4123 quod

207 4147 260 4209 per
275 4131 402 4193 modum
417 4133 510 4196 unius
529 4133 659 4214 potabile
677 4139 738 4206 est,
759 4139 790 4194 et
807 4133 840 4194 in
862 4131 951 4194 calice
969 4134 1120 4214 reperitur
1133 4137 1358 4213 congregatum.
1375 4131 1482 4192 -Ita

208 4221 480 4370 οό01οἐ01001010100
500 4222 631 4302 Saarez,
657 4223 829 4304 Laprnonn,
854 4227 928 4294 eta,
952 4230 1056 4286 contra
1079 4223 1168 4286 otios.
1188 4258 1228 4268 —
1254 4221 1327 4284 Vide
1345 4220 1381 4284 S.
1398 4219 1479 4330 bip,

208 4329 343 4548 LQuAEp.
368 4403 401 4461 1ο
425 4401 526 4476 Qnale
550 4406 589 4462 sit
610 4411 764 4483 peccatam
788 4419 961 4462 consecrare
990 4401 1121 4464 bostiam
1151 4403 1285 4482 fractam
1310 4397 1357 4462 ael
1381 4414 1482 4458 macu-

241 4495 314 4550 tam.
