3224 5044
644 245 687 288 nn
707 243 937 290 narrruonro
1361 231 1429 291 365

155 359 268 422 habeat
282 355 452 429 infidelem,
472 355 547 416 illud
562 353 730 428 contrahit,
747 359 839 432 atque
856 352 970 416 infideli
983 355 1202 430 communicat,
1219 354 1344 436 ideoque
1359 375 1429 418 cum

157 449 224 527 ipso
238 443 377 508 adfidem
397 461 541 506 converso
561 441 792 505 Matrimonium
809 441 889 502 inire
904 459 964 504 non
983 445 1092 522 potest.
1109 445 1236 506 Constat
1246 461 1283 505 ex
1304 465 1330 505 c.
1350 445 1430 506 Lan-

147 535 286 612 ,dubitem
298 539 330 608 1,
348 533 384 594 de
400 531 542 596 Conuers.
559 531 647 612 infici.

685 685 824 729 ruxcrutt
853 685 898 730 vu

505 807 544 862 De
559 805 763 879 impedimento
776 804 956 878 disparitatis
971 804 1077 862 cultus.

158 951 163 962 '
198 949 370 1032 Disperitas
394 951 495 1014 cultus
513 949 696 1028 intelligitur
714 951 747 1009 in
769 969 875 1028 genere
899 947 1061 1012 diversitas
1085 949 1240 1030 religionis
1263 951 1344 1013 inter
1365 970 1432 1014 eon-

160 1040 325 1102 trahentes.
353 1037 412 1102 Sed
434 1037 485 1099 hic
506 1036 692 1116 intelligitur
714 1036 834 1117 proprie
852 1037 1031 1118 disparitaS,
1049 1055 1117 1117 quae
1141 1038 1223 1100 inter
1241 1039 1431 1120 baptizatum

158 1135 190 1190 et
210 1145 273 1190 non
295 1126 486 1206 baptizatum
505 1125 678 1188 intercedit.
699 1127 846 1187 Attamen
866 1125 958 1187 etiam
980 1125 1016 1186 de
1036 1125 1216 1205 disparitate
1235 1127 1334 1190 cultus
1352 1129 1434 1190 inter

159 1215 326 1296 baptizatos
358 1213 590 1280 Matrimonium
618 1213 844 1290 contrahentes,
874 1231 927 1276 seu
955 1213 990 1275 de
1017 1213 1222 1277 Matrimoniis
1253 1217 1356 1278 mistis
1383 1216 1434 1278 hic

159 1302 306 1366 dicemus.

285 1456 509 1536 Princlpla.

200 1605 270 1665 811.
285 1637 324 1646 -
339 1604 362 1663 l.
379 1599 488 1664 Cultus
503 1600 687 1684 disparitas,
706 1619 775 1682 quae
794 1608 839 1664 est
857 1601 938 1664 inter
954 1601 1146 1682 baptizatum
1163 1607 1193 1663 et
1211 1602 1366 1664 infidelem
1381 1621 1434 1664 seu

160 1708 223 1752 non
236 1691 442 1770 baptizatum,
459 1689 690 1753 Matrimonium
705 1689 798 1752 efficit
813 1689 999 1751 invalidum.
1016 1691 1062 1750 lta
1081 1707 1119 1750 ex
1137 1692 1207 1769 jure
1226 1708 1289 1751 non
1305 1691 1433 1770 scripta,

160 1778 192 1840 id
207 1783 253 1839 est
267 1777 486 1838 consuetudine
501 1778 566 1839 vim
578 1775 653 1856 legis
664 1775 805 1838 habente.
823 1811 863 1820 -
885 1776 956 1836 Vide
970 1775 1005 1836 S.
1020 1777 1103 1856 Lep,
1121 1797 1152 1836 n.
1169 1782 1257 1840 toti.
1275 1813 1315 1822 —
1331 1779 1436 1840 Omnes

161 1865 310 1940 sentiunt,
326 1863 430 1944 inquit
444 1864 624 1927 Benedictus
640 1866 718 1938 XIV,
740 1865 892 1925 inconst.
908 1862 1050 1924 Salutari
1068 1863 1154 1924 nobis
1169 1864 1207 1925 ad
1221 1866 1309 1927 Gard.
1326 1866 1437 1928 Ebora-

162 1969 298 2026 censnm,
316 1955 331 2029 §
348 1957 401 2026 10,
421 1951 457 2012 ob
472 1951 570 2014 millies
590 1951 802 2032 disparitatem
820 1952 910 2012 irrita
927 1951 1128 2013 Matrimonia
1147 1972 1222 2032 esse,
1239 1973 1300 2014 non
1319 1954 1437 2035 quidem

156 2042 230 2121 jure
244 2059 399 2101 sacrorum
417 2039 591 2114 Canonum,
608 2041 661 2101 sed
674 2040 809 2118 pancrati
823 2039 856 2101 E
857 2038 971 2102 eclesia
985 2059 1082 2119 more,
1108 2041 1160 2122 qui
1170 2041 1311 2122 pluribus
1328 2043 1437 2104 abdiae

163 2131 256 2191 annis
270 2129 364 2208 uiget,
381 2149 416 2190 ae
432 2131 492 2190 cim
508 2128 581 2207 lepis
597 2128 719 2190 obtinet.
1388 2135 1391 2140 '

203 2219 240 2280 11.
267 2216 433 2280 Diversitas
454 2225 558 2280 autem
578 2216 733 2297 religionis
751 2216 833 2280 inter
852 2215 1021 2296 baptizatos
1040 2235 1102 2280 non
1127 2218 1287 2281 constituit
1308 2219 1438 2300 impodi-

164 2311 304 2369 mentum
320 2305 480 2368 dirimens.
498 2305 646 2368 Probatur
661 2324 698 2367 ex
713 2323 761 2380 eo,
779 2305 861 2386 qnod
875 2305 960 2366 nulla
974 2305 1038 2386 lege
1052 2311 1108 2368 aut
1124 2308 1342 2369 consuetudine
1352 2307 1440 2371 irrita

165 2395 354 2457 declarentur
370 2393 565 2458 Matrimonia
579 2391 660 2455 inter
674 2392 835 2456 catholicos
850 2400 880 2455 et
893 2393 1060 2456 haereticos.
1078 2394 1182 2457 -Ita
1198 2397 1351 2456 unanimis
1368 2417 1440 2457 con-

165 2503 267 2546 sensus
283 2483 501 2564 theologorum.

204 2574 255 2634 111.
272 2572 439 2636 Diversitas
458 2571 615 2652 religionis
633 2571 714 2635 inter
728 2572 889 2634 catholicos
911 2579 942 2634 et
958 2572 1115 2636 hereticos
1134 2591 1188 2635 seu
1204 2580 1358 2654 apostatas
1372 2593 1440 2637 oon-

166 2660 270 2724 stituit
289 2661 547 2741 impedimentum
570 2660 751 2740 impediens.
777 2660 906 2722 Eruitur
929 2667 997 2724 tum
1021 2680 1058 2723 ex
1078 2662 1168 2741 praxi
1191 2664 1344 2738 Ecclesia,
1372 2682 1440 2743 quas

165 2747 268 2810 fideles
292 2748 330 2808 ab
351 2749 420 2810 istis
440 2747 643 2812 Matrimoniis
665 2766 783 2827 semper
801 2747 939 2809 maxima
956 2747 1160 2811 sollicitudine
1178 2751 1303 2824 avertit,
1317 2759 1390 2812 tum
1404 2771 1440 2814 ex

167 2833 373 2895 Declarationo
387 2853 527 2913 expressa
545 2834 699 2896 Benedicti
716 2837 794 2908 lllV,
809 2834 863 2913 qui
882 2835 946 2896 haeo
961 2835 1114 2898 connubia
1133 2841 1219 2897 vocat
1233 2837 1438 2917 detestabilia,

168 2939 235 3004 quar
250 2931 356 2981 saneta
367 2920 624 2983 Mararmanis
635 2930 784 3002 perpetuo
798 2921 953 2982 damnauit
966 2933 1057 3004 atque
1076 2923 1245 2985 interdixit.
1263 2924 1442 3004 (Budalia

168 3009 330 3088 trimonia,
346 3008 423 3072 circa
434 3006 628 3074 Matrimonia
642 3007 818 3083 Hollandiae,
833 3013 853 3072 1
866 3008 1009 3072 Nouemb.
1028 3013 1130 3094 1741.)

291 3163 485 3241 Quaesita.

209 3313 279 3374 825.
296 3343 337 3356 -
350 3311 451 3384 Quart.
468 3314 500 3372 1ο
514 3307 651 3384 Quartam
659 3309 735 3391 jure
748 3307 913 3370 dirimatur
929 3307 1158 3370 illatrimonium
1178 3311 1256 3370 inter
1275 3311 1443 3392 baptizatos

170 3410 198 3458 et
213 3419 274 3460 non
288 3398 473 3481 baptizatos?

212 3487 304 3570 Resp.
317 3507 330 3548 :
344 3491 468 3551 Certum
494 3491 556 3561 est,
583 3485 690 3549 dirimi
718 3488 780 3549 solo
806 3489 875 3567 jure
900 3485 1110 3550 eeclesiastico.
1139 3489 1261 3550 Etenim
1289 3487 1443 3568 prioribus

171 3575 310 3639 Ecclesia
323 3576 440 3640 saenis
457 3576 513 3639 boc
532 3575 790 3656 impedimentum
811 3593 873 3638 non
891 3575 1074 3650 exsistebat,
1093 3579 1123 3637 et
1141 3575 1230 3656 plura
1250 3576 1444 3640 Matrimonia

171 3664 348 3745 hujusmodi
368 3665 534 3746 approbata
547 3665 693 3744 leguntur
711 3664 745 3727 in
759 3663 893 3728 Historia
908 3663 1130 3740 Ecclesiastica,
1149 3664 1196 3728 uti
1210 3665 1444 3730 Matrimonium

171 3752 205 3813 S.
220 3753 349 3817 Marica
363 3771 434 3817 cum
448 3754 597 3816 Patricio.

507 3931 541 3972 Mt
560 3931 744 3974 unimundus
762 3931 859 3973 ltxrls
877 3930 906 3974 tt
926 3931 1112 3974 PARTICULARI

213 4049 283 4110 826.
299 4083 338 4147 -s
353 4051 454 4125 Quina.
471 4054 504 4112 2⁰
529 4051 715 4125 Quibusnam
733 4054 875 4135 competit
893 4053 1024 4134 saeuius
1042 4073 1061 4114 a
1081 4053 1136 4115 tali
1155 4053 1368 4135 impedimento
1388 4053 1446 4113 dis-

169 4136 341 4306 Ρωῖἔεῗιῖ
347 4225 408 4287 Soli
430 4231 566 4290 Romano
589 4228 744 4305 Pontifici,
765 4235 800 4292 ut
824 4249 965 4310 expresse
991 4231 1159 4294 declaratur
1184 4231 1218 4295 in
1242 4231 1446 4295 instructione

174 4315 213 4374 td
225 4315 300 4376 Nor.
319 4317 414 4388 taso,
427 4315 519 4396 jussu
533 4315 584 4378 SS.
600 4317 635 4378 D.
651 4319 687 4378 N.
705 4319 737 4379 P.
756 4318 803 4381 Pii
820 4321 860 4382 lX
874 4319 912 4382 ad
924 4337 1030 4382 omnes
1049 4319 1309 4401 archiepiscopos
1327 4319 1446 4400 Episco-

173 4417 227 4480 pos
246 4407 278 4462 et
297 4401 432 4464 locorum
452 4401 629 4466 ordinarios
650 4404 688 4466 de
708 4405 916 4470 Matrimoniis
939 4405 1047 4470 mixtis
1069 4408 1141 4471 data
1162 4409 1257 4488 (Aeta
1282 4407 1317 4470 S.
1341 4407 1443 4485 Sedis,

174 4488 232 4552 not.
250 4492 305 4567 Vl,
316 4509 354 4574 p.
373 4492 459 4570 456),
481 4491 612 4554 exclusis
631 4491 757 4557 omnino
771 4494 944 4576 Episcopis,
961 4496 1023 4564 nisi
1038 4495 1117 4562 hanc
1131 4515 1149 4562 a
1163 4497 1291 4562 Summo
1304 4496 1447 4561 Pontifice
