3224 5044
641 209 683 252 nn
703 208 934 254 utraruonro
1358 201 1426 259 315

148 321 322 403 pedimento
344 337 381 380 ex
404 319 512 382 validis
534 317 727 398 sponsalibus
747 323 827 394 orto,
845 337 918 381 cum
938 320 1047 383 bacin
1066 322 1302 402 redejustitiae
1322 324 1423 388 debito

149 417 268 490 agatur,
285 407 366 489 quod
383 407 487 470 nullus
502 413 612 487 praetor
631 425 811 488 supremum
833 408 1005 489 Principem
1026 409 1145 470 auferre
1164 416 1273 489 potest.
1287 446 1326 458 —
1344 412 1424 474 Sun-

149 499 230 575 clrez,
247 497 268 558 l.
284 499 312 570 1,
328 495 408 578 disp.
424 513 483 559 cm.
497 497 727 578 -anmunn‚
740 517 776 577 p.
793 499 821 570 Ι,
839 517 865 557 c.
882 516 909 571 1,
927 519 957 558 n.
975 504 1005 562 d.

189 587 278 666 Resp.
290 589 324 647 10
337 604 344 646 :
362 584 501 664 Episcopi
514 603 568 647 seu
583 585 739 646 ordinarii
748 584 924 647 animarum
941 587 1094 660 Pastores,
1106 587 1321 668 jurisdictione
1335 591 1424 669 plena

148 676 182 738 in
208 674 271 737 loro
296 681 422 736 externo
445 675 626 753 gaudentes,
647 674 821 754 dispensare
840 681 970 754 possunt
994 682 1027 738 10
1046 675 1081 736 in
1104 676 1288 755 obligatione
1306 678 1425 742 banno-

149 782 235 839 rum;
263 767 297 825 10
327 764 427 842 quoad
449 767 640 826 contractmn
660 781 714 844 per
737 769 857 843 tempus
875 763 1035 838 feriatum,
1059 764 1114 826 ubi
1136 768 1321 828 consuetudo
1341 767 1424 830 hunc

148 870 269 933 quoque
289 851 470 927 interdicat;
492 856 525 914 30
544 851 579 913 in
602 857 673 914 roto
693 851 844 914 castitatis
869 857 1086 933 temporaneae,
1106 858 1137 914 et
1156 853 1347 932 virginitatis
1369 874 1424 918 seu

147 957 210 1004 non
224 938 373 1002 nubendi.

186 1031 349 1108 Nequeunt
364 1033 468 1090 autem
479 1029 654 1108 dispensare
665 1035 696 1090 10
706 1029 807 1110 quoad
821 1035 928 1091 votum
937 1035 1090 1110 perpetuae
1100 1031 1264 1106 castitatis;
1277 1033 1310 1094 10
1322 1034 1423 1113 quoad

147 1125 257 1180 votum
277 1115 469 1195 ingrediendi
488 1115 692 1196 Religionem3
719 1121 751 1180 30
767 1119 866 1198 cpuoad
885 1116 1144 1198 impedimentum
1158 1118 1349 1199 disparitatis
1362 1122 1423 1183 cul-

148 1213 200 1268 tus
223 1205 306 1268 inter
324 1204 483 1267 catholicos
501 1211 533 1268 et
552 1205 719 1269 hereticos.
735 1208 797 1268 Hoc
817 1207 902 1268 enim
921 1206 1032 1286 triplex
1050 1206 1313 1287 impedimentum
1335 1213 1422 1288 Papa

147 1301 338 1358 reservatum
350 1301 407 1360 est.

180 1383 277 1464 desp.
301 1389 357 1448 3⁰:
380 1384 541 1463 Regulares
561 1383 769 1447 mendicantes
788 1403 825 1446 ex
847 1383 911 1445 suis
930 1383 1098 1464 privilegiis
1120 1384 1296 1465 dispensare
1318 1385 1422 1448 valent

147 1487 229 1534 mere
243 1490 298 1551 pro
312 1472 376 1535 loro
387 1473 508 1535 interno
520 1472 555 1535 in
569 1481 639 1536 voto
651 1472 802 1536 castitatis
819 1479 1021 1552 temporaneae
1034 1477 1064 1535 et
1077 1472 1276 1552 virginitatis,
1292 1493 1345 1536 seu
1360 1493 1423 1536 non

146 1559 298 1637 nubendi;
317 1581 390 1625 nam
409 1562 549 1625 eamdem
568 1562 684 1624 babent
702 1568 885 1643 potestatem
904 1560 1101 1641 dispensandi
1117 1581 1135 1624 a
1149 1562 1229 1624 votis
1245 1561 1278 1624 in
1294 1562 1358 1625 foro
1374 1563 1421 1624 in-

147 1654 248 1722 terno,
268 1653 360 1730 juxta
382 1667 579 1713 communem
597 1654 657 1712 Db.
684 1651 883 1722 sententiam,
914 1667 981 1730 qum
994 1653 1066 1728 jure
1098 1651 1258 1711 ordinario
1278 1651 1424 1730 competit

145 1737 311 1816 Episcopis
324 1774 363 1783 —
388 1738 496 1798 Recole
515 1738 596 1798 dicta
616 1738 653 1798 de
669 1739 839 1818 pricilepiis
860 1737 1074 1816 Repulnrium,
1092 1739 1125 1796 in
1146 1747 1280 1797 tractatu
1301 1737 1421 1798 1163111-

146 1825 238 1894 tidus,
257 1831 374 1888 11175.

187 1913 287 1986 Qcmn.
304 1917 337 1974 10
352 1913 401 1974 An
417 1913 601 1995 Episcopus,
620 1923 744 1993 carpente
754 1914 937 1987 necessitate,
953 1933 1058 1995 scampe
1072 1934 1138 1973 cunr
1149 1913 1321 1993 periculum
1332 1924 1375 1974 est
1391 1917 1422 1974 in

145 2019 246 2073 mora,
264 2001 439 2083 dispensum
449 2002 548 2083 possit
565 2003 596 2062 in
611 2013 680 2064 coto
695 2003 844 2062 castitatis
860 2002 903 2062 cd
914 2001 1145 2063 Matrimonium
1161 2001 1423 2063 contradendum?

185 2087 273 2169 Resp.
287 2089 420 2170 Affirm,
438 2091 604 2153 dnmmodo
620 2109 690 2152 vere
709 2089 790 2152 adsit
804 2089 881 2152 illud
895 2091 1082 2170 periculum,
1100 2109 1154 2152 nec
1169 2091 1273 2152 aditus
1288 2092 1327 2153 ad
1342 2095 1419 2152 Pon-

147 2176 259 2240 tificem
272 2177 357 2244 facile
368 2185 481 2260 pateat.
499 2215 538 2224 -
553 2179 588 2241 S.
605 2179 676 2261 Lip.
694 2200 725 2240 n.
742 2182 811 2242 987.
828 2213 869 2224 -
879 2177 1005 2258 Suurez,
1023 2215 1062 2224 -—
1081 2179 1230 2256 Serretes,
1247 2215 1288 2226 -
1301 2179 1422 2241 Nouar-

146 2285 213 2343 rus,
231 2273 287 2330 etc.

653 2358 869 2420 ARTIGULUS
889 2359 915 2418 Π

529 2479 568 2524 nn
590 2479 804 2524 lMPEDlMIiNTlS
825 2479 1040 2522 nlnlnnumcus

185 2589 346 2670 Apcndum
366 2595 398 2652 10
417 2590 454 2652 de
473 2589 703 2670 impedimentis
725 2589 944 2653 dirimentibus
962 2589 996 2650 in
1016 2607 1139 2669 genum
1157 2626 1196 2635 —
1217 2593 1250 2652 2⁰
1270 2591 1307 2652 de
1325 2589 1421 2670 impc-

146 2675 293 2826 ffipkiig
314 2677 532 2740 dirimentibus
556 2679 590 2740 in
614 2679 725 2758 specim
748 2714 789 2723 —
810 2683 842 2741 3⁰
863 2680 899 2740 de
921 2678 1147 2757 dispensatione
1169 2679 1207 2740 ab
1224 2678 1306 2740 hisce
1326 2678 1421 2758 impe-

347 2891 362 2977 §
381 2893 407 2958 1.
429 2893 476 2957 De
494 2893 749 2978 impedimentis
768 2893 1012 2960 dirimentibus
1026 2896 1066 2960 in
1084 2914 1216 2981 penem.

682 3047 850 3092 Pnoeosmc
877 3049 888 3093 1

186 3155 328 3218 Ecclesia
348 3167 525 3237 potestatem
547 3157 633 3218 tatu
654 3159 856 3220 constituendi
878 3158 1091 3239 impedimenta
1110 3159 1339 3221 Matrimonium
1360 3177 1421 3217 nore

146 3255 264 3306 tnrctum
280 3247 491 3327 impedientia,
508 3246 561 3307 scd
573 3257 599 3306 et
615 3245 800 3308 dirimentiu.
818 3251 858 3309 De
870 3247 943 3312 Fide
955 3253 1012 3308 est.

187 3339 257 3399 785.
272 3371 313 3380 -
327 3336 433 3397 Elncet
457 3342 488 3398 10
507 3354 545 3397 ex
564 3335 740 3398 delinitione
765 3336 879 3398 Concil.
899 3335 1049 3413 Trident,
1070 3355 1140 3397 sess.
1162 3338 1267 3410 XXIV,
1285 3355 1353 3396 carc.
1375 3339 1418 3396 t:

147 3424 185 3485 Si
201 3424 266 3506 quis
282 3424 395 3486 dicerit
411 3425 445 3485 E
446 3425 585 3485 eclesiam
605 3445 665 3486 icon
681 3425 817 3505 potuisse
836 3427 1014 3486 constituere
1033 3425 1242 3506 impedimenta
1263 3424 1423 3484 Matrimo-

147 3513 232 3572 nium
255 3513 444 3589 dirimenda,
471 3513 518 3575 vel
543 3515 574 3574 in
598 3515 633 3574 iis
659 3513 878 3576 constituendis
904 3533 1035 3590 amasse,
1059 3513 1218 3573 arcutdemu
1239 3513 1288 3573 sit.
1310 3511 1423 3574 Confir-

147 3605 252 3662 matur
271 3605 304 3663 2⁰
325 3621 363 3664 ex
383 3602 501 3665 ratione
523 3602 696 3682 theologica.
721 3602 853 3664 Ecclesia
873 3602 958 3665 enim
979 3601 1129 3681 accepite
1154 3600 1275 3663 Christo
1297 3615 1421 3662 omnem

146 3695 328 3769 potestatem
351 3691 553 3754 necessariam
576 3693 623 3756 vel
646 3691 739 3754 ctiam
762 3691 871 3754 utilem
894 3693 933 3754 ad
958 3689 1190 3771 llempuhlicam
1218 3688 1420 3751 christianam

146 3785 225 3839 recte
244 3779 491 3858 gubernandam3
507 3781 595 3861 utqui
616 3785 749 3861 potestas
766 3780 973 3842 constituendi
987 3779 1210 3861 impedimenta
1231 3776 1421 3840 Matrimonii

146 3870 193 3927 est
203 3867 289 3927 valde
301 3868 397 3942 utilis,
412 3869 476 3930 imo
489 3875 520 3930 et
533 3869 710 3942 necessaria,
727 3876 764 3932 ut
777 3869 1012 3932 Matrimonium
1027 3886 1098 3930 cum
1107 3867 1221 3929 honore
1242 3872 1272 3929 et
1287 3864 1423 3928 decentia

139 3955 350 4016 ·Sacramentis
365 3957 469 4020 debita
482 3977 500 4019 a
511 3959 652 4022 fidelibus
668 3961 830 4021 tractetur:
845 3978 915 4040 ergo
925 4006 932 4035 ‚
944 3962 999 4021 etc.

674 4115 845 4160 PROPOSITIO
873 4116 895 4159 11

186 4217 329 4279 Ecclesia
343 4221 405 4282 sola
426 4221 639 4301 impedimenta
658 4225 856 4286 Matrimonii
871 4225 1047 4286 dirimentia
1064 4223 1246 4284 constituere
1262 4229 1373 4304 potest,
1395 4229 1422 4280 et

139 4316 360 4388 consequenter
382 4310 541 4390 Principes
560 4329 733 4375 sncumuns
750 4313 854 4394 quoad
871 4312 1005 4375 subditos
1026 4312 1208 4373 christianos
1224 4331 1283 4372 nore
1295 4318 1422 4391 possnrrt

146 4413 348 4460 consciscens
369 4417 590 4475 incudinum,
608 4401 669 4460 nisi
683 4402 725 4462 ud
735 4421 831 4462 meros
845 4403 967 4482 effectus
982 4400 1095 4463 ciuiles.

105 4525 128 4547 .
187 4488 304 4549 'tsc-
321 4493 351 4550 10
365 4487 516 4551 Probatur
531 4507 568 4551 ex
585 4487 676 4552 Cone.
697 4491 883 4567 Turonensi,
901 4511 951 4554 an.
970 4495 1065 4564 1583,
1081 4509 1101 4553 a
1118 4488 1258 4570 Gregorio
1273 4490 1340 4552 Xlll
1354 4504 1420 4567 spe-
