<?xml version="1.0" encoding="UTF-8"?>
<!DOCTYPE html PUBLIC "-//W3C//DTD XHTML 1.0 Transitional//EN"
    "http://www.w3.org/TR/xhtml1/DTD/xhtml1-transitional.dtd">
<html xmlns="http://www.w3.org/1999/xhtml" xml:lang="en" lang="en">
 <head>
  <title>
</title>
<meta http-equiv="Content-Type" content="text/html;charset=utf-8" />
  <meta name='ocr-system' content='tesseract 3.04.00' />
  <meta name='ocr-capabilities' content='ocr_page ocr_carea ocr_par ocr_line ocrx_word'/>
</head>
<body>
  <div class='ocr_page' id='page_1' title='image "./compendiumtheol03gurygoog_0380.png"; bbox 0 0 3206 5042; ppageno 0'>
   <div class='ocr_carea' id='block_1_1' title="bbox 632 221 1415 281">
    <p class='ocr_par' dir='ltr' id='par_1_1' title="bbox 632 221 1415 281">
     <span class='ocr_line' id='line_1_1' title="bbox 632 221 1415 281; baseline 0.008 -6"><span class='ocrx_word' id='word_1_1' title='bbox 632 232 675 276; x_wconf 84' lang='lat' dir='ltr'><strong>os</strong></span> <span class='ocrx_word' id='word_1_2' title='bbox 697 230 928 277; x_wconf 78' lang='lat' dir='ltr'><strong>uarnrnouro</strong></span> <span class='ocrx_word' id='word_1_3' title='bbox 1350 221 1415 281; x_wconf 79' lang='grc'><strong>361</strong></span> 
     </span>
    </p>
   </div>
   <div class='ocr_carea' id='block_1_2' title="bbox 130 340 1417 2010">
    <p class='ocr_par' dir='ltr' id='par_1_2' title="bbox 135 340 1417 1048">
     <span class='ocr_line' id='line_1_2' title="bbox 138 340 1417 423; baseline 0.002 -18"><span class='ocrx_word' id='word_1_4' title='bbox 138 343 286 405; x_wconf 84' lang='lat' dir='ltr'><strong>Attamen</strong></span> <span class='ocrx_word' id='word_1_5' title='bbox 311 341 362 402; x_wconf 79' lang='lat' dir='ltr'><strong>SS.</strong></span> <span class='ocrx_word' id='word_1_6' title='bbox 391 340 551 404; x_wconf 76' lang='lat' dir='ltr'><strong>Pontifices</strong></span> <span class='ocrx_word' id='word_1_7' title='bbox 582 341 760 422; x_wconf 78' lang='lat' dir='ltr'><strong>hujusmodi</strong></span> <span class='ocrx_word' id='word_1_8' title='bbox 788 341 997 404; x_wconf 67' lang='lat' dir='ltr'><strong>assistentiam</strong></span> <span class='ocrx_word' id='word_1_9' title='bbox 1027 341 1206 423; x_wconf 78' lang='lat' dir='ltr'><strong>permittere</strong></span> <span class='ocrx_word' id='word_1_10' title='bbox 1232 345 1331 407; x_wconf 78' lang='lat' dir='ltr'><strong>solent</strong></span> <span class='ocrx_word' id='word_1_11' title='bbox 1361 347 1417 409; x_wconf 91' lang='lat' dir='ltr'><strong>uhi</strong></span> 
     </span>
     <span class='ocr_line' id='line_1_3' title="bbox 140 428 1415 515; baseline 0.001 -21"><span class='ocrx_word' id='word_1_12' title='bbox 140 429 304 494; x_wconf 80' lang='lat' dir='ltr'><strong>necessitas</strong></span> <span class='ocrx_word' id='word_1_13' title='bbox 320 429 353 490; x_wconf 89' lang='lat' dir='ltr'><strong>id</strong></span> <span class='ocrx_word' id='word_1_14' title='bbox 367 428 479 508; x_wconf 81' lang='lat' dir='ltr'><strong>erigit,</strong></span> <span class='ocrx_word' id='word_1_15' title='bbox 495 429 583 510; x_wconf 90' lang='lat' dir='ltr'><strong>prius</strong></span> <span class='ocrx_word' id='word_1_16' title='bbox 598 430 736 511; x_wconf 86' lang='lat' dir='ltr'><strong>alioquin</strong></span> <span class='ocrx_word' id='word_1_17' title='bbox 755 430 881 492; x_wconf 88' lang='lat' dir='ltr'><strong>omnino</strong></span> <span class='ocrx_word' id='word_1_18' title='bbox 899 431 1049 512; x_wconf 77' lang='lat' dir='ltr'><strong>reqrnsita</strong></span> <span class='ocrx_word' id='word_1_19' title='bbox 1061 432 1224 512; x_wconf 84' lang='lat' dir='ltr'><strong>utriusque</strong></span> <span class='ocrx_word' id='word_1_20' title='bbox 1237 433 1335 512; x_wconf 82' lang='lat' dir='ltr'><strong>partis</strong></span> <span class='ocrx_word' id='word_1_21' title='bbox 1348 453 1415 515; x_wconf 76' lang='lat' dir='ltr'><strong>pro</strong></span> 
     </span>
     <span class='ocr_line' id='line_1_4' title="bbox 139 518 1416 597; baseline 0.005 -17"><span class='ocrx_word' id='word_1_22' title='bbox 139 519 285 582; x_wconf 84' lang='lat' dir='ltr'><strong>missione</strong></span> <span class='ocrx_word' id='word_1_23' title='bbox 303 518 340 579; x_wconf 87' lang='lat' dir='ltr'><strong>de</strong></span> <span class='ocrx_word' id='word_1_24' title='bbox 359 519 441 597; x_wconf 91' lang='lat' dir='ltr'><strong>prole</strong></span> <span class='ocrx_word' id='word_1_25' title='bbox 460 519 494 580; x_wconf 93' lang='lat' dir='ltr'><strong>in</strong></span> <span class='ocrx_word' id='word_1_26' title='bbox 513 519 726 582; x_wconf 85' lang='lat' dir='ltr'><strong>Catholicismo</strong></span> <span class='ocrx_word' id='word_1_27' title='bbox 746 519 912 582; x_wconf 86' lang='lat' dir='ltr'><strong>educanda.</strong></span> <span class='ocrx_word' id='word_1_28' title='bbox 929 522 975 582; x_wconf 90' lang='lat' dir='ltr'><strong>lta</strong></span> <span class='ocrx_word' id='word_1_29' title='bbox 993 519 1066 582; x_wconf 89' lang='lat' dir='ltr'><strong>Pius</strong></span> <span class='ocrx_word' id='word_1_30' title='bbox 1087 522 1140 583; x_wconf 90' lang='lat' dir='ltr'><strong>VII</strong></span> <span class='ocrx_word' id='word_1_31' title='bbox 1159 522 1306 583; x_wconf 89' lang='lat' dir='ltr'><strong>concessit</strong></span> <span class='ocrx_word' id='word_1_32' title='bbox 1322 522 1416 586; x_wconf 79' lang='lat' dir='ltr'><strong>factal-</strong></span> 
     </span>
     <span class='ocr_line' id='line_1_5' title="bbox 139 605 1416 689; baseline 0.003 -20"><span class='ocrx_word' id='word_1_33' title='bbox 139 615 235 670; x_wconf 87' lang='lat' dir='ltr'><strong>tatem</strong></span> <span class='ocrx_word' id='word_1_34' title='bbox 249 605 390 669; x_wconf 83' lang='lat' dir='ltr'><strong>Perochis</strong></span> <span class='ocrx_word' id='word_1_35' title='bbox 404 607 458 686; x_wconf 87' lang='lat' dir='ltr'><strong>qui</strong></span> <span class='ocrx_word' id='word_1_36' title='bbox 472 607 506 668; x_wconf 92' lang='lat' dir='ltr'><strong>in</strong></span> <span class='ocrx_word' id='word_1_37' title='bbox 520 607 630 672; x_wconf 86' lang='lat' dir='ltr'><strong>Russia</strong></span> <span class='ocrx_word' id='word_1_38' title='bbox 644 614 675 669; x_wconf 89' lang='lat' dir='ltr'><strong>et</strong></span> <span class='ocrx_word' id='word_1_39' title='bbox 688 607 1032 682; x_wconf 81' lang='lat' dir='ltr'><strong>Germaniarersantur‚</strong></span> <span class='ocrx_word' id='word_1_40' title='bbox 1042 607 1218 684; x_wconf 87' lang='lat' dir='ltr'><strong>assistendi,</strong></span> <span class='ocrx_word' id='word_1_41' title='bbox 1236 609 1262 670; x_wconf 94' lang='lat' dir='ltr'><strong>si</strong></span> <span class='ocrx_word' id='word_1_42' title='bbox 1277 627 1416 689; x_wconf 84' lang='lat' dir='ltr'><strong>cogeren-</strong></span> 
     </span>
     <span class='ocr_line' id='line_1_6' title="bbox 138 693 1416 777; baseline 0.005 -21"><span class='ocrx_word' id='word_1_43' title='bbox 138 701 202 771; x_wconf 89' lang='lat' dir='ltr'><strong>tur,</strong></span> <span class='ocrx_word' id='word_1_44' title='bbox 230 693 434 760; x_wconf 88' lang='lat' dir='ltr'><strong>Matrimoniis</strong></span> <span class='ocrx_word' id='word_1_45' title='bbox 453 695 562 758; x_wconf 80' lang='lat' dir='ltr'><strong>mixtis</strong></span> <span class='ocrx_word' id='word_1_46' title='bbox 585 696 700 777; x_wconf 86' lang='lat' dir='ltr'><strong>absque</strong></span> <span class='ocrx_word' id='word_1_47' title='bbox 724 696 848 758; x_wconf 83' lang='lat' dir='ltr'><strong>obtenta</strong></span> <span class='ocrx_word' id='word_1_48' title='bbox 873 695 1100 777; x_wconf 64' lang='lat' dir='ltr'><strong>dispensatione</strong></span> <span class='ocrx_word' id='word_1_49' title='bbox 1125 696 1224 759; x_wconf 91' lang='lat' dir='ltr'><strong>initis.</strong></span> <span class='ocrx_word' id='word_1_50' title='bbox 1252 700 1416 762; x_wconf 82' lang='lat' dir='ltr'><strong>Praesentie</strong></span> 
     </span>
     <span class='ocr_line' id='line_1_7' title="bbox 140 783 1415 868; baseline 0.002 -24"><span class='ocrx_word' id='word_1_51' title='bbox 140 789 245 845; x_wconf 87' lang='lat' dir='ltr'><strong>tamen</strong></span> <span class='ocrx_word' id='word_1_52' title='bbox 273 783 398 846; x_wconf 85' lang='lat' dir='ltr'><strong>Perochi</strong></span> <span class='ocrx_word' id='word_1_53' title='bbox 419 801 482 846; x_wconf 89' lang='lat' dir='ltr'><strong>non</strong></span> <span class='ocrx_word' id='word_1_54' title='bbox 507 784 653 865; x_wconf 85' lang='lat' dir='ltr'><strong>impedit,</strong></span> <span class='ocrx_word' id='word_1_55' title='bbox 671 785 840 864; x_wconf 85' lang='lat' dir='ltr'><strong>quominus</strong></span> <span class='ocrx_word' id='word_1_56' title='bbox 864 785 968 866; x_wconf 87' lang='lat' dir='ltr'><strong>sponsi</strong></span> <span class='ocrx_word' id='word_1_57' title='bbox 988 783 1031 846; x_wconf 88' lang='lat' dir='ltr'><strong>sie</strong></span> <span class='ocrx_word' id='word_1_58' title='bbox 1049 785 1262 848; x_wconf 77' lang='lat' dir='ltr'><strong>contrahentes</strong></span> <span class='ocrx_word' id='word_1_59' title='bbox 1281 789 1415 868; x_wconf 76' lang='lat' dir='ltr'><strong>praviter·</strong></span> 
     </span>
     <span class='ocr_line' id='line_1_8' title="bbox 137 871 1413 955; baseline 0.004 -22"><span class='ocrx_word' id='word_1_60' title='bbox 137 879 270 951; x_wconf 87' lang='lat' dir='ltr'><strong>peccent.</strong></span> <span class='ocrx_word' id='word_1_61' title='bbox 295 875 356 935; x_wconf 89' lang='lat' dir='ltr'><strong>Hoc</strong></span> <span class='ocrx_word' id='word_1_62' title='bbox 379 871 572 935; x_wconf 87' lang='lat' dir='ltr'><strong>confirmavit</strong></span> <span class='ocrx_word' id='word_1_63' title='bbox 596 873 758 953; x_wconf 82' lang='lat' dir='ltr'><strong>Gregorius</strong></span> <span class='ocrx_word' id='word_1_64' title='bbox 778 875 857 935; x_wconf 89' lang='lat' dir='ltr'>XVI.</span> <span class='ocrx_word' id='word_1_65' title='bbox 879 907 918 919; x_wconf 91' lang='lat'>—</span> <span class='ocrx_word' id='word_1_66' title='bbox 944 873 1016 936; x_wconf 86' lang='lat' dir='ltr'><strong>Vide</strong></span> <span class='ocrx_word' id='word_1_67' title='bbox 1035 873 1131 936; x_wconf 78' lang='grc'><strong>1111111</strong></span> <span class='ocrx_word' id='word_1_68' title='bbox 1153 874 1192 938; x_wconf 84' lang='lat' dir='ltr'><strong>de</strong></span> <span class='ocrx_word' id='word_1_69' title='bbox 1212 875 1240 936; x_wconf 80' lang='lat' dir='ltr'><strong>la</strong></span> <span class='ocrx_word' id='word_1_70' title='bbox 1260 874 1413 955; x_wconf 84' lang='lat' dir='ltr'><strong>Religion,</strong></span> 
     </span>
     <span class='ocr_line' id='line_1_9' title="bbox 135 959 1392 1048; baseline 0.002 -26"><span class='ocrx_word' id='word_1_71' title='bbox 135 959 753 1044; x_wconf 54' lang='grc' dir='ltr'><strong>11111111.1135.-11εηι,111α111831.</strong></span> <span class='ocrx_word' id='word_1_72' title='bbox 1298 1044 1300 1048; x_wconf 85' lang='lat'>.</span> <span class='ocrx_word' id='word_1_73' title='bbox 1387 963 1392 966; x_wconf 78' lang='grc'><strong>’</strong></span> 
     </span>
    </p>

    <p class='ocr_par' dir='ltr' id='par_1_3' title="bbox 130 1048 1416 1221">
     <span class='ocr_line' id='line_1_10' title="bbox 176 1048 1416 1134; baseline 0.002 -22"><span class='ocrx_word' id='word_1_74' title='bbox 176 1051 278 1124; x_wconf 74' lang='lat' dir='ltr'><strong>Qasr.</strong></span> <span class='ocrx_word' id='word_1_75' title='bbox 307 1053 360 1112; x_wconf 87' lang='grc'><strong>100</strong></span> <span class='ocrx_word' id='word_1_76' title='bbox 383 1049 432 1109; x_wconf 86' lang='lat' dir='ltr'><strong>An</strong></span> <span class='ocrx_word' id='word_1_77' title='bbox 457 1048 632 1111; x_wconf 74' lang='lat' dir='ltr'><strong>Catholicae</strong></span> <span class='ocrx_word' id='word_1_78' title='bbox 656 1050 711 1110; x_wconf 85' lang='lat' dir='ltr'><strong>irus</strong></span> <span class='ocrx_word' id='word_1_79' title='bbox 728 1049 853 1132; x_wconf 88' lang='lat' dir='ltr'><strong>nuptias</strong></span> <span class='ocrx_word' id='word_1_80' title='bbox 876 1050 940 1111; x_wconf 89' lang='lat' dir='ltr'><strong>sine</strong></span> <span class='ocrx_word' id='word_1_81' title='bbox 967 1051 1191 1133; x_wconf 76' lang='lat' dir='ltr'><strong>dispensatione</strong></span> <span class='ocrx_word' id='word_1_82' title='bbox 1216 1055 1416 1134; x_wconf 82' lang='lat' dir='ltr'><strong>contratrerrs‚·</strong></span> 
     </span>
     <span class='ocr_line' id='line_1_11' title="bbox 130 1136 1276 1221; baseline 0.003 -23"><span class='ocrx_word' id='word_1_83' title='bbox 130 1149 239 1219; x_wconf 88' lang='lat' dir='ltr'><strong>postea</strong></span> <span class='ocrx_word' id='word_1_84' title='bbox 254 1137 356 1199; x_wconf 87' lang='lat' dir='ltr'><strong>uolens</strong></span> <span class='ocrx_word' id='word_1_85' title='bbox 371 1136 637 1198; x_wconf 86' lang='lat' dir='ltr'><strong>Sacrarnentorurrr</strong></span> <span class='ocrx_word' id='word_1_86' title='bbox 646 1140 806 1220; x_wconf 74' lang='lat' dir='ltr'><strong>particeps</strong></span> <span class='ocrx_word' id='word_1_87' title='bbox 821 1140 906 1221; x_wconf 78' lang='lat' dir='ltr'><strong>fieri,</strong></span> <span class='ocrx_word' id='word_1_88' title='bbox 919 1139 961 1200; x_wconf 88' lang='lat' dir='ltr'><strong>ad</strong></span> <span class='ocrx_word' id='word_1_89' title='bbox 975 1159 1010 1200; x_wconf 89' lang='lat' dir='ltr'><strong>eu</strong></span> <span class='ocrx_word' id='word_1_90' title='bbox 1025 1139 1146 1200; x_wconf 75' lang='lat' dir='ltr'><strong>admitti</strong></span> <span class='ocrx_word' id='word_1_91' title='bbox 1154 1141 1276 1221; x_wconf 80' lang='lat' dir='ltr'><strong>possiti</strong></span> 
     </span>
    </p>

    <p class='ocr_par' dir='ltr' id='par_1_4' title="bbox 132 1226 1416 1927">
     <span class='ocr_line' id='line_1_12' title="bbox 177 1226 1416 1308; baseline 0.004 -20"><span class='ocrx_word' id='word_1_92' title='bbox 177 1227 270 1307; x_wconf 83' lang='lat' dir='ltr'><strong>Resp.</strong></span> <span class='ocrx_word' id='word_1_93' title='bbox 294 1227 422 1306; x_wconf 68' lang='lat' dir='ltr'><strong>affirm.</strong></span> <span class='ocrx_word' id='word_1_94' title='bbox 444 1229 569 1289; x_wconf 82' lang='lat' dir='ltr'><strong>Constat</strong></span> <span class='ocrx_word' id='word_1_95' title='bbox 588 1244 626 1289; x_wconf 85' lang='lat' dir='ltr'><strong>ex</strong></span> <span class='ocrx_word' id='word_1_96' title='bbox 646 1227 739 1290; x_wconf 87' lang='lat' dir='ltr'><strong>citata</strong></span> <span class='ocrx_word' id='word_1_97' title='bbox 760 1227 898 1308; x_wconf 83' lang='lat' dir='ltr'><strong>Epistola</strong></span> <span class='ocrx_word' id='word_1_98' title='bbox 915 1226 963 1290; x_wconf 82' lang='lat' dir='ltr'><strong>Pii</strong></span> <span class='ocrx_word' id='word_1_99' title='bbox 981 1229 1021 1291; x_wconf 86' lang='lat' dir='ltr'><strong>VI</strong></span> <span class='ocrx_word' id='word_1_100' title='bbox 1037 1229 1077 1291; x_wconf 84' lang='lat' dir='ltr'><strong>sd</strong></span> <span class='ocrx_word' id='word_1_101' title='bbox 1093 1229 1183 1291; x_wconf 84' lang='lat' dir='ltr'><strong>Gard.</strong></span> <span class='ocrx_word' id='word_1_102' title='bbox 1200 1230 1237 1291; x_wconf 90' lang='lat' dir='ltr'><strong>de</strong></span> <span class='ocrx_word' id='word_1_103' title='bbox 1255 1231 1416 1293; x_wconf 83' lang='lat' dir='ltr'><strong>Frankon-</strong></span> 
     </span>
     <span class='ocr_line' id='line_1_13' title="bbox 135 1314 1416 1402; baseline 0.005 -26"><span class='ocrx_word' id='word_1_104' title='bbox 135 1315 225 1395; x_wconf 81' lang='lat' dir='ltr'><strong>berg,</strong></span> <span class='ocrx_word' id='word_1_105' title='bbox 242 1315 276 1376; x_wconf 89' lang='lat' dir='ltr'><strong>in</strong></span> <span class='ocrx_word' id='word_1_106' title='bbox 287 1331 349 1394; x_wconf 88' lang='lat' dir='ltr'><strong>qua</strong></span> <span class='ocrx_word' id='word_1_107' title='bbox 361 1314 425 1377; x_wconf 75' lang='lat' dir='ltr'><strong>huc</strong></span> <span class='ocrx_word' id='word_1_108' title='bbox 438 1315 612 1378; x_wconf 82' lang='lat' dir='ltr'><strong>habentur:</strong></span> <span class='ocrx_word' id='word_1_109' title='bbox 628 1316 679 1377; x_wconf 84' lang='lat' dir='ltr'><strong>Ad</strong></span> <span class='ocrx_word' id='word_1_110' title='bbox 692 1315 774 1398; x_wconf 82' lang='lat' dir='ltr'><strong>quad</strong></span> <span class='ocrx_word' id='word_1_111' title='bbox 791 1317 937 1394; x_wconf 74' lang='lat' dir='ltr'><strong>dicineus,</strong></span> <span class='ocrx_word' id='word_1_112' title='bbox 953 1316 1024 1378; x_wconf 80' lang='lat' dir='ltr'><strong>darer</strong></span> <span class='ocrx_word' id='word_1_113' title='bbox 1044 1317 1099 1378; x_wconf 86' lang='lat' dir='ltr'><strong>ille</strong></span> <span class='ocrx_word' id='word_1_114' title='bbox 1112 1317 1341 1393; x_wconf 75' lang='lat' dir='ltr'><strong>demonstrabit,</strong></span> <span class='ocrx_word' id='word_1_115' title='bbox 1355 1340 1416 1402; x_wconf 89' lang='lat' dir='ltr'><strong>pa·-</strong></span> 
     </span>
     <span class='ocr_line' id='line_1_14' title="bbox 135 1404 1414 1488; baseline 0.006 -26"><span class='ocrx_word' id='word_1_116' title='bbox 135 1404 231 1464; x_wconf 84' lang='lat' dir='ltr'><strong>nitere</strong></span> <span class='ocrx_word' id='word_1_117' title='bbox 249 1423 279 1464; x_wconf 90' lang='lat' dir='ltr'><strong>se</strong></span> <span class='ocrx_word' id='word_1_118' title='bbox 293 1405 516 1485; x_wconf 78' lang='lat' dir='ltr'><strong>peccaminosa</strong></span> <span class='ocrx_word' id='word_1_119' title='bbox 534 1423 597 1468; x_wconf 82' lang='lat' dir='ltr'><strong>suoe</strong></span> <span class='ocrx_word' id='word_1_120' title='bbox 614 1407 854 1487; x_wconf 79' lang='lat' dir='ltr'><strong>corp&#39;unctianis,</strong></span> <span class='ocrx_word' id='word_1_121' title='bbox 871 1407 988 1487; x_wconf 86' lang='lat' dir='ltr'><strong>poterit</strong></span> <span class='ocrx_word' id='word_1_122' title='bbox 1008 1405 1064 1466; x_wconf 82' lang='lat' dir='ltr'><strong>dea</strong></span> <span class='ocrx_word' id='word_1_123' title='bbox 1084 1406 1144 1488; x_wconf 85' lang='lat' dir='ltr'><strong>ipsi</strong></span> <span class='ocrx_word' id='word_1_124' title='bbox 1165 1407 1289 1468; x_wconf 86' lang='lat' dir='ltr'><strong>concedi</strong></span> <span class='ocrx_word' id='word_1_125' title='bbox 1299 1453 1308 1485; x_wconf 86' lang='lat'><strong><em>,</em></strong></span> <span class='ocrx_word' id='word_1_126' title='bbox 1325 1409 1414 1470; x_wconf 85' lang='lat' dir='ltr'><strong>modu</strong></span> 
     </span>
     <span class='ocr_line' id='line_1_15' title="bbox 132 1492 1415 1578; baseline 0.005 -28"><span class='ocrx_word' id='word_1_127' title='bbox 132 1501 203 1551; x_wconf 92' lang='lat' dir='ltr'><strong>ante</strong></span> <span class='ocrx_word' id='word_1_128' title='bbox 220 1492 434 1573; x_wconf 82' lang='lat' dir='ltr'><strong>consessionem</strong></span> <span class='ocrx_word' id='word_1_129' title='bbox 449 1495 563 1554; x_wconf 89' lang='lat' dir='ltr'><strong>sincere</strong></span> <span class='ocrx_word' id='word_1_130' title='bbox 577 1492 723 1570; x_wconf 80' lang='lat' dir='ltr'><strong>declaret,</strong></span> <span class='ocrx_word' id='word_1_131' title='bbox 739 1503 979 1575; x_wconf 75' lang='lat' dir='ltr'><strong>procuratur-orn</strong></span> <span class='ocrx_word' id='word_1_132' title='bbox 993 1513 1023 1555; x_wconf 88' lang='lat' dir='ltr'><strong>se</strong></span> <span class='ocrx_word' id='word_1_133' title='bbox 1037 1495 1260 1557; x_wconf 84' lang='lat' dir='ltr'><strong>curruersionem</strong></span> <span class='ocrx_word' id='word_1_134' title='bbox 1276 1497 1415 1578; x_wconf 79' lang='lat' dir='ltr'><strong>canjupis</strong></span> 
     </span>
     <span class='ocr_line' id='line_1_16' title="bbox 133 1581 1415 1666; baseline 0.005 -26"><span class='ocrx_word' id='word_1_135' title='bbox 133 1581 293 1656; x_wconf 75' lang='lat' dir='ltr'><strong>heretica,</strong></span> <span class='ocrx_word' id='word_1_136' title='bbox 309 1600 456 1642; x_wconf 69' lang='lat' dir='ltr'><strong>mancare</strong></span> <span class='ocrx_word' id='word_1_137' title='bbox 469 1601 500 1643; x_wconf 89' lang='lat' dir='ltr'><strong>se</strong></span> <span class='ocrx_word' id='word_1_138' title='bbox 509 1584 743 1666; x_wconf 83' lang='lat' dir='ltr'><strong>promissionem</strong></span> <span class='ocrx_word' id='word_1_139' title='bbox 758 1581 794 1644; x_wconf 88' lang='lat' dir='ltr'><strong>de</strong></span> <span class='ocrx_word' id='word_1_140' title='bbox 809 1582 963 1644; x_wconf 87' lang='lat' dir='ltr'><strong>educanda</strong></span> <span class='ocrx_word' id='word_1_141' title='bbox 978 1583 1069 1666; x_wconf 85' lang='lat' dir='ltr'><strong>prole</strong></span> <span class='ocrx_word' id='word_1_142' title='bbox 1090 1585 1122 1643; x_wconf 87' lang='lat' dir='ltr'><strong>in</strong></span> <span class='ocrx_word' id='word_1_143' title='bbox 1138 1584 1297 1665; x_wconf 76' lang='lat' dir='ltr'><strong>Beliqionc</strong></span> <span class='ocrx_word' id='word_1_144' title='bbox 1310 1586 1415 1646; x_wconf 79' lang='lat' dir='ltr'><strong>ortia-</strong></span> 
     </span>
     <span class='ocr_line' id='line_1_17' title="bbox 135 1668 1416 1753; baseline 0.003 -25"><span class='ocrx_word' id='word_1_145' title='bbox 135 1668 231 1747; x_wconf 76' lang='lat' dir='ltr'><strong>doaa,</strong></span> <span class='ocrx_word' id='word_1_146' title='bbox 248 1679 274 1729; x_wconf 91' lang='lat' dir='ltr'><strong>et</strong></span> <span class='ocrx_word' id='word_1_147' title='bbox 290 1679 507 1751; x_wconf 83' lang='lat' dir='ltr'><strong>reparatarum</strong></span> <span class='ocrx_word' id='word_1_148' title='bbox 530 1691 560 1732; x_wconf 91' lang='lat' dir='ltr'><strong>se</strong></span> <span class='ocrx_word' id='word_1_149' title='bbox 579 1671 758 1732; x_wconf 87' lang='lat' dir='ltr'><strong>scandalum</strong></span> <span class='ocrx_word' id='word_1_150' title='bbox 778 1673 848 1732; x_wconf 89' lang='lat' dir='ltr'><strong>aliis</strong></span> <span class='ocrx_word' id='word_1_151' title='bbox 868 1671 1007 1753; x_wconf 81' lang='lat' dir='ltr'><strong>fidelitas</strong></span> <span class='ocrx_word' id='word_1_152' title='bbox 1030 1671 1145 1732; x_wconf 85' lang='lat' dir='ltr'><strong>dutum.</strong></span> <span class='ocrx_word' id='word_1_153' title='bbox 1159 1671 1196 1732; x_wconf 88' lang='lat' dir='ltr'><strong>Si</strong></span> <span class='ocrx_word' id='word_1_154' title='bbox 1215 1672 1290 1734; x_wconf 87' lang='lat' dir='ltr'><strong>tales</strong></span> <span class='ocrx_word' id='word_1_155' title='bbox 1310 1675 1416 1733; x_wconf 81' lang='lat' dir='ltr'><strong>condi-</strong></span> 
     </span>
     <span class='ocr_line' id='line_1_18' title="bbox 136 1758 1416 1840; baseline 0.005 -24"><span class='ocrx_word' id='word_1_156' title='bbox 136 1759 232 1817; x_wconf 86' lang='lat' dir='ltr'><strong>tiones</strong></span> <span class='ocrx_word' id='word_1_157' title='bbox 247 1769 448 1834; x_wconf 87' lang='lat' dir='ltr'><strong>concurrant,</strong></span> <span class='ocrx_word' id='word_1_158' title='bbox 465 1779 527 1819; x_wconf 89' lang='lat' dir='ltr'><strong>non</strong></span> <span class='ocrx_word' id='word_1_159' title='bbox 547 1779 752 1840; x_wconf 74' lang='lat' dir='ltr'><strong>repuprrarnus</strong></span> <span class='ocrx_word' id='word_1_160' title='bbox 773 1758 854 1837; x_wconf 77' lang='lat' dir='ltr'><strong>ll&#39;os,</strong></span> <span class='ocrx_word' id='word_1_161' title='bbox 872 1759 1032 1839; x_wconf 85' lang='lat' dir='ltr'><strong>quominus</strong></span> <span class='ocrx_word' id='word_1_162' title='bbox 1044 1779 1118 1840; x_wconf 83' lang='lat' dir='ltr'><strong>pars</strong></span> <span class='ocrx_word' id='word_1_163' title='bbox 1140 1759 1290 1820; x_wconf 70' lang='lat' dir='ltr'><strong>catholica</strong></span> <span class='ocrx_word' id='word_1_164' title='bbox 1302 1759 1416 1822; x_wconf 82' lang='lat' dir='ltr'><strong>Sacra-</strong></span> 
     </span>
     <span class='ocr_line' id='line_1_19' title="bbox 139 1843 555 1927; baseline 0.002 -22"><span class='ocrx_word' id='word_1_165' title='bbox 139 1855 309 1905; x_wconf 84' lang='lat' dir='ltr'><strong>mentorum</strong></span> <span class='ocrx_word' id='word_1_166' title='bbox 321 1843 376 1923; x_wconf 79' lang='lat' dir='ltr'><strong>fiat</strong></span> <span class='ocrx_word' id='word_1_167' title='bbox 385 1847 555 1927; x_wconf 83' lang='lat' dir='ltr'><strong>particeps.</strong></span> 
     </span>
    </p>

    <p class='ocr_par' dir='ltr' id='par_1_5' title="bbox 179 1933 1415 2010">
     <span class='ocr_line' id='line_1_20' title="bbox 179 1933 1415 2010; baseline 0.003 -15"><span class='ocrx_word' id='word_1_168' title='bbox 179 1936 281 2008; x_wconf 78' lang='lat' dir='ltr'><strong>Qunn.</strong></span> <span class='ocrx_word' id='word_1_169' title='bbox 313 1939 365 1996; x_wconf 92' lang='grc'><strong>110</strong></span> <span class='ocrx_word' id='word_1_170' title='bbox 400 1935 448 1994; x_wconf 85' lang='lat' dir='ltr'><strong>An</strong></span> <span class='ocrx_word' id='word_1_171' title='bbox 475 1933 626 1998; x_wconf 85' lang='lat' dir='ltr'><strong>Sacerdos</strong></span> <span class='ocrx_word' id='word_1_172' title='bbox 652 1936 838 2010; x_wconf 75' lang='lat' dir='ltr'><strong>catholicus,</strong></span> <span class='ocrx_word' id='word_1_173' title='bbox 866 1935 950 1996; x_wconf 86' lang='lat' dir='ltr'><strong>salua</strong></span> <span class='ocrx_word' id='word_1_174' title='bbox 985 1935 1182 2010; x_wconf 87' lang='lat' dir='ltr'><strong>conscicntia,</strong></span> <span class='ocrx_word' id='word_1_175' title='bbox 1218 1935 1415 2000; x_wconf 79' lang='lat' dir='ltr'><strong>Matrimonia</strong></span> 
     </span>
    </p>
   </div>
   <div class='ocr_carea' id='block_1_3' title="bbox 135 2022 1416 2551">
    <p class='ocr_par' dir='ltr' id='par_1_6' title="bbox 137 2022 1415 2196">
     <span class='ocr_line' id='line_1_21' title="bbox 138 2022 1415 2108; baseline 0.005 -28"><span class='ocrx_word' id='word_1_176' title='bbox 138 2022 277 2082; x_wconf 84' lang='lat' dir='ltr'><strong>assistere</strong></span> <span class='ocrx_word' id='word_1_177' title='bbox 286 2025 400 2102; x_wconf 86' lang='lat' dir='ltr'><strong>possit,</strong></span> <span class='ocrx_word' id='word_1_178' title='bbox 415 2023 441 2084; x_wconf 88' lang='lat' dir='ltr'><strong>si</strong></span> <span class='ocrx_word' id='word_1_179' title='bbox 455 2025 574 2106; x_wconf 88' lang='lat' dir='ltr'><strong>sponsi,</strong></span> <span class='ocrx_word' id='word_1_180' title='bbox 589 2035 659 2086; x_wconf 87' lang='lat' dir='ltr'><strong>ante</strong></span> <span class='ocrx_word' id='word_1_181' title='bbox 676 2025 724 2086; x_wconf 87' lang='lat' dir='ltr'><strong>vel</strong></span> <span class='ocrx_word' id='word_1_182' title='bbox 731 2034 818 2108; x_wconf 90' lang='lat' dir='ltr'><strong>post,</strong></span> <span class='ocrx_word' id='word_1_183' title='bbox 837 2023 1067 2086; x_wconf 85' lang='lat' dir='ltr'><strong>Matrirneniurrr</strong></span> <span class='ocrx_word' id='word_1_184' title='bbox 1085 2023 1268 2086; x_wconf 70' lang='lat' dir='ltr'><strong>contrahant</strong></span> <span class='ocrx_word' id='word_1_185' title='bbox 1281 2026 1371 2090; x_wconf 88' lang='lat' dir='ltr'><strong>etiarn</strong></span> <span class='ocrx_word' id='word_1_186' title='bbox 1383 2029 1415 2087; x_wconf 88' lang='lat' dir='ltr'><strong>r&#39;rr</strong></span> 
     </span>
     <span class='ocr_line' id='line_1_22' title="bbox 137 2109 840 2196; baseline 0.006 -26"><span class='ocrx_word' id='word_1_187' title='bbox 137 2109 261 2172; x_wconf 86' lang='lat' dir='ltr'><strong>ccclesia</strong></span> <span class='ocrx_word' id='word_1_188' title='bbox 271 2113 510 2192; x_wconf 88' lang='lat' dir='ltr'><strong>protestantica,</strong></span> <span class='ocrx_word' id='word_1_189' title='bbox 523 2113 587 2174; x_wconf 87' lang='lat' dir='ltr'><strong>ritu</strong></span> <span class='ocrx_word' id='word_1_190' title='bbox 596 2114 840 2196; x_wconf 85' lang='lat' dir='ltr'><strong>protestantico?</strong></span> 
     </span>
    </p>

    <p class='ocr_par' dir='ltr' id='par_1_7' title="bbox 176 2200 1168 2285">
     <span class='ocr_line' id='line_1_23' title="bbox 176 2200 1168 2285; baseline 0.003 -24"><span class='ocrx_word' id='word_1_191' title='bbox 176 2200 265 2281; x_wconf 79' lang='lat' dir='ltr'><strong>Hesp.</strong></span> <span class='ocrx_word' id='word_1_192' title='bbox 281 2201 360 2282; x_wconf 79' lang='lat' dir='ltr'><strong>Nep.</strong></span> <span class='ocrx_word' id='word_1_193' title='bbox 375 2236 414 2246; x_wconf 94' lang='lat'><em>-</em></span> <span class='ocrx_word' id='word_1_194' title='bbox 425 2201 476 2262; x_wconf 89' lang='lat' dir='ltr'><strong>Ita</strong></span> <span class='ocrx_word' id='word_1_195' title='bbox 490 2201 525 2264; x_wconf 89' lang='lat' dir='ltr'><strong>S.</strong></span> <span class='ocrx_word' id='word_1_196' title='bbox 543 2201 657 2285; x_wconf 79' lang='lat' dir='ltr'><strong>Conpr.</strong></span> <span class='ocrx_word' id='word_1_197' title='bbox 675 2204 833 2284; x_wconf 77' lang='lat' dir='ltr'><strong>Inquisit,</strong></span> <span class='ocrx_word' id='word_1_198' title='bbox 850 2201 899 2266; x_wconf 89' lang='lat' dir='ltr'><strong>die</strong></span> <span class='ocrx_word' id='word_1_199' title='bbox 911 2207 947 2266; x_wconf 76' lang='lat' dir='ltr'><strong>M</strong></span> <span class='ocrx_word' id='word_1_200' title='bbox 965 2202 1062 2284; x_wconf 81' lang='lat' dir='ltr'><strong>April.</strong></span> <span class='ocrx_word' id='word_1_201' title='bbox 1078 2207 1168 2268; x_wconf 79' lang='grc'><strong>1811.</strong></span> 
     </span>
    </p>

    <p class='ocr_par' dir='ltr' id='par_1_8' title="bbox 135 2291 1416 2551">
     <span class='ocr_line' id='line_1_24' title="bbox 178 2291 1416 2374; baseline 0.002 -24"><span class='ocrx_word' id='word_1_202' title='bbox 178 2291 248 2351; x_wconf 83' lang='grc'><strong>831.</strong></span> <span class='ocrx_word' id='word_1_203' title='bbox 265 2323 305 2334; x_wconf 93' lang='lat'><strong>--</strong></span> <span class='ocrx_word' id='word_1_204' title='bbox 319 2293 421 2365; x_wconf 79' lang='lat' dir='ltr'><strong>Qunn.</strong></span> <span class='ocrx_word' id='word_1_205' title='bbox 438 2293 491 2352; x_wconf 76' lang='grc'><strong>110</strong></span> <span class='ocrx_word' id='word_1_206' title='bbox 506 2291 558 2352; x_wconf 83' lang='lat' dir='ltr'><strong>An</strong></span> <span class='ocrx_word' id='word_1_207' title='bbox 573 2292 742 2354; x_wconf 74' lang='lat' dir='ltr'><strong>calvinistae</strong></span> <span class='ocrx_word' id='word_1_208' title='bbox 757 2301 783 2352; x_wconf 87' lang='lat' dir='ltr'><strong>et</strong></span> <span class='ocrx_word' id='word_1_209' title='bbox 799 2291 955 2352; x_wconf 74' lang='lat' dir='ltr'><strong>lutherani</strong></span> <span class='ocrx_word' id='word_1_210' title='bbox 968 2291 1105 2374; x_wconf 73' lang='lat' dir='ltr'><strong>depentcs</strong></span> <span class='ocrx_word' id='word_1_211' title='bbox 1125 2293 1157 2352; x_wconf 87' lang='lat' dir='ltr'><strong>in</strong></span> <span class='ocrx_word' id='word_1_212' title='bbox 1178 2291 1268 2371; x_wconf 87' lang='lat' dir='ltr'><strong>locis,</strong></span> <span class='ocrx_word' id='word_1_213' title='bbox 1287 2291 1338 2352; x_wconf 84' lang='lat' dir='ltr'><strong>udi</strong></span> <span class='ocrx_word' id='word_1_214' title='bbox 1352 2291 1416 2352; x_wconf 88' lang='lat' dir='ltr'><strong>Ba-</strong></span> 
     </span>
     <span class='ocr_line' id='line_1_25' title="bbox 135 2377 1414 2461; baseline 0.003 -25"><span class='ocrx_word' id='word_1_215' title='bbox 135 2377 247 2456; x_wconf 89' lang='lat' dir='ltr'><strong>ptisnru</strong></span> <span class='ocrx_word' id='word_1_216' title='bbox 271 2378 396 2439; x_wconf 84' lang='lat' dir='ltr'><strong>dulium</strong></span> <span class='ocrx_word' id='word_1_217' title='bbox 419 2389 447 2440; x_wconf 89' lang='lat' dir='ltr'><strong>et</strong></span> <span class='ocrx_word' id='word_1_218' title='bbox 471 2390 642 2461; x_wconf 85' lang='lat' dir='ltr'><strong>suspectum</strong></span> <span class='ocrx_word' id='word_1_219' title='bbox 663 2391 726 2456; x_wconf 90' lang='lat' dir='ltr'><strong>est,</strong></span> <span class='ocrx_word' id='word_1_220' title='bbox 753 2389 899 2460; x_wconf 85' lang='lat' dir='ltr'><strong>tanquam</strong></span> <span class='ocrx_word' id='word_1_221' title='bbox 917 2379 1054 2461; x_wconf 78' lang='lat' dir='ltr'><strong>infideles</strong></span> <span class='ocrx_word' id='word_1_222' title='bbox 1076 2381 1208 2442; x_wconf 77' lang='lat' dir='ltr'><strong>dolendi</strong></span> <span class='ocrx_word' id='word_1_223' title='bbox 1226 2381 1303 2458; x_wconf 89' lang='lat' dir='ltr'><strong>sint,</strong></span> <span class='ocrx_word' id='word_1_224' title='bbox 1321 2381 1363 2440; x_wconf 89' lang='lat' dir='ltr'><strong>r&#39;ta</strong></span> <span class='ocrx_word' id='word_1_225' title='bbox 1382 2393 1414 2440; x_wconf 85' lang='lat' dir='ltr'><strong>art</strong></span> 
     </span>
     <span class='ocr_line' id='line_1_26' title="bbox 139 2465 1415 2551; baseline 0.002 -27"><span class='ocrx_word' id='word_1_226' title='bbox 139 2465 218 2526; x_wconf 89' lang='lat' dir='ltr'><strong>inter</strong></span> <span class='ocrx_word' id='word_1_227' title='bbox 241 2465 413 2528; x_wconf 74' lang='lat' dir='ltr'><strong>Catholicae</strong></span> <span class='ocrx_word' id='word_1_228' title='bbox 436 2479 462 2528; x_wconf 93' lang='lat' dir='ltr'><strong>et</strong></span> <span class='ocrx_word' id='word_1_229' title='bbox 481 2487 529 2529; x_wconf 90' lang='lat' dir='ltr'><strong>cos</strong></span> <span class='ocrx_word' id='word_1_230' title='bbox 551 2468 745 2551; x_wconf 81' lang='lat' dir='ltr'><strong>disparitatis</strong></span> <span class='ocrx_word' id='word_1_231' title='bbox 764 2467 863 2530; x_wconf 89' lang='lat' dir='ltr'><strong>cultus</strong></span> <span class='ocrx_word' id='word_1_232' title='bbox 886 2469 1131 2550; x_wconf 84' lang='lat' dir='ltr'><strong>impedimentum</strong></span> <span class='ocrx_word' id='word_1_233' title='bbox 1156 2469 1298 2530; x_wconf 85' lang='lat' dir='ltr'><strong>dirimens</strong></span> <span class='ocrx_word' id='word_1_234' title='bbox 1316 2468 1415 2530; x_wconf 83' lang='lat' dir='ltr'><strong>adesse</strong></span> 
     </span>
    </p>
   </div>
   <div class='ocr_carea' id='block_1_4' title="bbox 135 2555 1414 4584">
    <p class='ocr_par' dir='ltr' id='par_1_9' title="bbox 139 2555 316 2616">
     <span class='ocr_line' id='line_1_27' title="bbox 139 2555 316 2616; baseline 0.023 -4"><span class='ocrx_word' id='word_1_235' title='bbox 139 2555 316 2616; x_wconf 86' lang='lat' dir='ltr'><strong>censeatur?</strong></span> 
     </span>
    </p>

    <p class='ocr_par' dir='ltr' id='par_1_10' title="bbox 140 2643 1414 2794">
     <span class='ocr_line' id='line_1_28' title="bbox 179 2643 1414 2729; baseline 0.005 -25"><span class='ocrx_word' id='word_1_236' title='bbox 179 2643 271 2725; x_wconf 81' lang='lat' dir='ltr'><strong>Resp.</strong></span> <span class='ocrx_word' id='word_1_237' title='bbox 284 2663 296 2704; x_wconf 90' lang='lat'><strong>.·</strong></span> <span class='ocrx_word' id='word_1_238' title='bbox 309 2645 357 2707; x_wconf 89' lang='lat' dir='ltr'><strong>Sic</strong></span> <span class='ocrx_word' id='word_1_239' title='bbox 368 2646 406 2707; x_wconf 85' lang='lat' dir='ltr'><strong>ad</strong></span> <span class='ocrx_word' id='word_1_240' title='bbox 419 2645 498 2708; x_wconf 88' lang='lat' dir='ltr'><strong>hanc</strong></span> <span class='ocrx_word' id='word_1_241' title='bbox 513 2645 714 2728; x_wconf 75' lang='lat' dir='ltr'><strong>questionem</strong></span> <span class='ocrx_word' id='word_1_242' title='bbox 725 2646 793 2726; x_wconf 85' lang='lat' dir='ltr'><strong>ipsa</strong></span> <span class='ocrx_word' id='word_1_243' title='bbox 806 2645 843 2708; x_wconf 85' lang='lat' dir='ltr'><strong>S.</strong></span> <span class='ocrx_word' id='word_1_244' title='bbox 862 2647 968 2728; x_wconf 78' lang='lat' dir='ltr'><strong>Officii</strong></span> <span class='ocrx_word' id='word_1_245' title='bbox 984 2646 1187 2729; x_wconf 74' lang='lat' dir='ltr'><strong>Conprepatr&#39;o</strong></span> <span class='ocrx_word' id='word_1_246' title='bbox 1198 2647 1354 2726; x_wconf 87' lang='lat' dir='ltr'><strong>respondit</strong></span> <span class='ocrx_word' id='word_1_247' title='bbox 1366 2647 1414 2710; x_wconf 86' lang='lat' dir='ltr'><strong>dic</strong></span> 
     </span>
     <span class='ocr_line' id='line_1_29' title="bbox 140 2735 382 2794; baseline 0.008 -1"><span class='ocrx_word' id='word_1_248' title='bbox 140 2737 178 2794; x_wconf 85' lang='grc'><strong>11</strong></span> <span class='ocrx_word' id='word_1_249' title='bbox 191 2735 267 2793; x_wconf 84' lang='lat' dir='ltr'><strong>Nor.</strong></span> <span class='ocrx_word' id='word_1_250' title='bbox 285 2737 382 2794; x_wconf 78' lang='lat'><strong>1830:</strong></span> 
     </span>
    </p>

    <p class='ocr_par' dir='ltr' id='par_1_11' title="bbox 138 2817 1414 3073">
     <span class='ocr_line' id='line_1_30' title="bbox 179 2817 1414 2903; baseline 0.003 -26"><span class='ocrx_word' id='word_1_251' title='bbox 179 2823 212 2877; x_wconf 93' lang='grc'><strong>10</strong></span> <span class='ocrx_word' id='word_1_252' title='bbox 224 2817 334 2890; x_wconf 83' lang='lat' dir='ltr'><strong>Quoad</strong></span> <span class='ocrx_word' id='word_1_253' title='bbox 343 2819 508 2892; x_wconf 79' lang='lat' dir='ltr'><strong>haereticas,</strong></span> <span class='ocrx_word' id='word_1_254' title='bbox 522 2839 652 2898; x_wconf 80' lang='lat' dir='ltr'><strong>quor-arn</strong></span> <span class='ocrx_word' id='word_1_255' title='bbox 663 2829 750 2880; x_wconf 79' lang='lat' dir='ltr'><strong>sectae</strong></span> <span class='ocrx_word' id='word_1_256' title='bbox 761 2821 901 2880; x_wconf 76' lang='lat' dir='ltr'><strong>Ilituatia</strong></span> <span class='ocrx_word' id='word_1_257' title='bbox 910 2819 1111 2901; x_wconf 74' lang='lat' dir='ltr'><strong>praescribant</strong></span> <span class='ocrx_word' id='word_1_258' title='bbox 1122 2819 1317 2881; x_wconf 85' lang='lat' dir='ltr'><strong>collationem</strong></span> <span class='ocrx_word' id='word_1_259' title='bbox 1331 2819 1414 2903; x_wconf 86' lang='lat' dir='ltr'><strong>Bap-</strong></span> 
     </span>
     <span class='ocr_line' id='line_1_31' title="bbox 138 2903 1413 2987; baseline 0.003 -23"><span class='ocrx_word' id='word_1_260' title='bbox 138 2905 221 2965; x_wconf 87' lang='lat' dir='ltr'><strong>tismi</strong></span> <span class='ocrx_word' id='word_1_261' title='bbox 235 2903 348 2985; x_wconf 74' lang='lat' dir='ltr'><strong>alasque</strong></span> <span class='ocrx_word' id='word_1_262' title='bbox 367 2907 534 2966; x_wconf 87' lang='lat' dir='ltr'><strong>necessario</strong></span> <span class='ocrx_word' id='word_1_263' title='bbox 554 2925 610 2966; x_wconf 86' lang='lat' dir='ltr'><strong>usu</strong></span> <span class='ocrx_word' id='word_1_264' title='bbox 624 2910 760 2968; x_wconf 80' lang='lat' dir='ltr'><strong>materiae</strong></span> <span class='ocrx_word' id='word_1_265' title='bbox 775 2917 802 2968; x_wconf 90' lang='lat' dir='ltr'><strong>et</strong></span> <span class='ocrx_word' id='word_1_266' title='bbox 821 2908 930 2986; x_wconf 80' lang='lat' dir='ltr'><strong>fornica</strong></span> <span class='ocrx_word' id='word_1_267' title='bbox 942 2908 1123 2987; x_wconf 83' lang='lat' dir='ltr'><strong>essentialis,</strong></span> <span class='ocrx_word' id='word_1_268' title='bbox 1140 2907 1224 2970; x_wconf 82' lang='lat' dir='ltr'><strong>debet</strong></span> <span class='ocrx_word' id='word_1_269' title='bbox 1238 2911 1413 2969; x_wconf 67' lang='lat' dir='ltr'><strong>examinari</strong></span> 
     </span>
     <span class='ocr_line' id='line_1_32' title="bbox 138 2993 450 3073; baseline 0.006 -21"><span class='ocrx_word' id='word_1_270' title='bbox 138 3013 225 3054; x_wconf 82' lang='lat' dir='ltr'><strong>casus</strong></span> <span class='ocrx_word' id='word_1_271' title='bbox 233 2993 450 3073; x_wconf 87' lang='lat' dir='ltr'><strong>particularis.</strong></span> 
     </span>
    </p>

    <p class='ocr_par' dir='ltr' id='par_1_12' title="bbox 136 3081 1414 3343">
     <span class='ocr_line' id='line_1_33' title="bbox 177 3081 1414 3165; baseline 0.002 -21"><span class='ocrx_word' id='word_1_272' title='bbox 177 3085 211 3144; x_wconf 73' lang='lat'><strong>2⁰</strong></span> <span class='ocrx_word' id='word_1_273' title='bbox 233 3081 340 3157; x_wconf 83' lang='lat' dir='ltr'><strong>Quoad</strong></span> <span class='ocrx_word' id='word_1_274' title='bbox 352 3083 427 3144; x_wconf 85' lang='lat' dir='ltr'><strong>alios</strong></span> <span class='ocrx_word' id='word_1_275' title='bbox 442 3084 495 3164; x_wconf 83' lang='lat' dir='ltr'><strong>qui</strong></span> <span class='ocrx_word' id='word_1_276' title='bbox 504 3086 602 3161; x_wconf 79' lang='lat' dir='ltr'><strong>juxta</strong></span> <span class='ocrx_word' id='word_1_277' title='bbox 616 3103 719 3144; x_wconf 75' lang='lat' dir='ltr'><strong>eonem</strong></span> <span class='ocrx_word' id='word_1_278' title='bbox 740 3081 876 3144; x_wconf 85' lang='lat' dir='ltr'><strong>Ritualr&#39;a</strong></span> <span class='ocrx_word' id='word_1_279' title='bbox 897 3083 1052 3165; x_wconf 75' lang='lat' dir='ltr'><strong>baptizant</strong></span> <span class='ocrx_word' id='word_1_280' title='bbox 1067 3087 1183 3165; x_wconf 84' lang='lat' dir='ltr'><strong>aalide,</strong></span> <span class='ocrx_word' id='word_1_281' title='bbox 1199 3086 1333 3150; x_wconf 80' lang='lat' dir='ltr'><strong>calidum</strong></span> <span class='ocrx_word' id='word_1_282' title='bbox 1348 3105 1414 3148; x_wconf 88' lang='lat' dir='ltr'><strong>een-</strong></span> 
     </span>
     <span class='ocr_line' id='line_1_34' title="bbox 136 3169 1413 3256; baseline 0.004 -25"><span class='ocrx_word' id='word_1_283' title='bbox 136 3169 263 3231; x_wconf 88' lang='lat' dir='ltr'><strong>sendum</strong></span> <span class='ocrx_word' id='word_1_284' title='bbox 277 3179 318 3231; x_wconf 84' lang='lat' dir='ltr'><strong>cst</strong></span> <span class='ocrx_word' id='word_1_285' title='bbox 333 3169 505 3252; x_wconf 85' lang='lat' dir='ltr'><strong>Baptisma.</strong></span> <span class='ocrx_word' id='word_1_286' title='bbox 523 3171 615 3247; x_wconf 86' lang='lat' dir='ltr'><strong>Quod</strong></span> <span class='ocrx_word' id='word_1_287' title='bbox 631 3172 657 3232; x_wconf 90' lang='lat' dir='ltr'><strong>si</strong></span> <span class='ocrx_word' id='word_1_288' title='bbox 673 3170 797 3232; x_wconf 83' lang='lat' dir='ltr'><strong>dulium</strong></span> <span class='ocrx_word' id='word_1_289' title='bbox 806 3172 950 3254; x_wconf 88' lang='lat' dir='ltr'><strong>persistat</strong></span> <span class='ocrx_word' id='word_1_290' title='bbox 964 3175 1053 3235; x_wconf 87' lang='lat' dir='ltr'><strong>etiarn</strong></span> <span class='ocrx_word' id='word_1_291' title='bbox 1074 3175 1106 3234; x_wconf 89' lang='lat' dir='ltr'><strong>in</strong></span> <span class='ocrx_word' id='word_1_292' title='bbox 1120 3177 1329 3256; x_wconf 83' lang='lat' dir='ltr'><strong>primocasu,</strong></span> <span class='ocrx_word' id='word_1_293' title='bbox 1345 3193 1413 3236; x_wconf 86' lang='lat' dir='ltr'><strong>eerr-</strong></span> 
     </span>
     <span class='ocr_line' id='line_1_35' title="bbox 136 3260 1284 3343; baseline 0.004 -25"><span class='ocrx_word' id='word_1_294' title='bbox 136 3260 261 3322; x_wconf 85' lang='lat' dir='ltr'><strong>sendum</strong></span> <span class='ocrx_word' id='word_1_295' title='bbox 274 3269 316 3320; x_wconf 90' lang='lat' dir='ltr'><strong>est</strong></span> <span class='ocrx_word' id='word_1_296' title='bbox 331 3260 466 3322; x_wconf 86' lang='lat' dir='ltr'><strong>validum</strong></span> <span class='ocrx_word' id='word_1_297' title='bbox 483 3261 644 3343; x_wconf 87' lang='lat' dir='ltr'><strong>Baptisma</strong></span> <span class='ocrx_word' id='word_1_298' title='bbox 658 3261 691 3320; x_wconf 88' lang='lat' dir='ltr'><strong>in</strong></span> <span class='ocrx_word' id='word_1_299' title='bbox 706 3261 810 3322; x_wconf 88' lang='lat' dir='ltr'><strong>ordine</strong></span> <span class='ocrx_word' id='word_1_300' title='bbox 824 3261 867 3322; x_wconf 89' lang='lat' dir='ltr'><strong>ad</strong></span> <span class='ocrx_word' id='word_1_301' title='bbox 878 3260 1067 3323; x_wconf 84' lang='lat' dir='ltr'><strong>validitatem</strong></span> <span class='ocrx_word' id='word_1_302' title='bbox 1082 3263 1284 3324; x_wconf 85' lang='lat' dir='ltr'><strong>Matrimonii.</strong></span> 
     </span>
    </p>

    <p class='ocr_par' dir='ltr' id='par_1_13' title="bbox 137 3347 1414 3516">
     <span class='ocr_line' id='line_1_36' title="bbox 177 3347 1414 3432; baseline 0 -20"><span class='ocrx_word' id='word_1_303' title='bbox 177 3353 210 3412; x_wconf 87' lang='lat'><strong>3⁰</strong></span> <span class='ocrx_word' id='word_1_304' title='bbox 224 3347 262 3412; x_wconf 88' lang='lat' dir='ltr'><strong>Si</strong></span> <span class='ocrx_word' id='word_1_305' title='bbox 276 3359 375 3411; x_wconf 89' lang='lat' dir='ltr'><strong>autern</strong></span> <span class='ocrx_word' id='word_1_306' title='bbox 390 3360 470 3411; x_wconf 87' lang='lat' dir='ltr'><strong>certa</strong></span> <span class='ocrx_word' id='word_1_307' title='bbox 485 3359 685 3432; x_wconf 78' lang='lat' dir='ltr'><strong>capnoscatur</strong></span> <span class='ocrx_word' id='word_1_308' title='bbox 701 3350 820 3410; x_wconf 88' lang='lat' dir='ltr'><strong>nullum</strong></span> <span class='ocrx_word' id='word_1_309' title='bbox 838 3349 1002 3432; x_wconf 86' lang='lat' dir='ltr'><strong>Baptisma</strong></span> <span class='ocrx_word' id='word_1_310' title='bbox 1016 3369 1054 3412; x_wconf 77' lang='lat' dir='ltr'><strong>er</strong></span> <span class='ocrx_word' id='word_1_311' title='bbox 1074 3352 1285 3413; x_wconf 78' lang='lat' dir='ltr'><strong>canuetudine</strong></span> <span class='ocrx_word' id='word_1_312' title='bbox 1299 3352 1414 3414; x_wconf 86' lang='lat' dir='ltr'><strong>actuali</strong></span> 
     </span>
     <span class='ocr_line' id='line_1_37' title="bbox 137 3436 781 3516; baseline 0.006 -20"><span class='ocrx_word' id='word_1_313' title='bbox 137 3436 222 3499; x_wconf 86' lang='lat' dir='ltr'><strong>illius</strong></span> <span class='ocrx_word' id='word_1_314' title='bbox 235 3448 336 3516; x_wconf 74' lang='lat' dir='ltr'><strong>sectae,</strong></span> <span class='ocrx_word' id='word_1_315' title='bbox 354 3439 469 3500; x_wconf 85' lang='lat' dir='ltr'><strong>nullum</strong></span> <span class='ocrx_word' id='word_1_316' title='bbox 483 3449 525 3501; x_wconf 88' lang='lat' dir='ltr'><strong>cst</strong></span> <span class='ocrx_word' id='word_1_317' title='bbox 538 3439 781 3500; x_wconf 83' lang='lat' dir='ltr'><strong>Matrimonium.</strong></span> 
     </span>
    </p>

    <p class='ocr_par' dir='ltr' id='par_1_14' title="bbox 137 3525 1414 3787">
     <span class='ocr_line' id='line_1_38' title="bbox 177 3525 1414 3607; baseline 0.002 -19"><span class='ocrx_word' id='word_1_318' title='bbox 177 3528 291 3590; x_wconf 89' lang='lat' dir='ltr'><strong>Eadem</strong></span> <span class='ocrx_word' id='word_1_319' title='bbox 305 3527 354 3590; x_wconf 86' lang='lat' dir='ltr'><strong>die</strong></span> <span class='ocrx_word' id='word_1_320' title='bbox 371 3535 401 3590; x_wconf 90' lang='lat' dir='ltr'><strong>et</strong></span> <span class='ocrx_word' id='word_1_321' title='bbox 421 3525 496 3590; x_wconf 84' lang='lat' dir='ltr'><strong>feria</strong></span> <span class='ocrx_word' id='word_1_322' title='bbox 513 3529 564 3590; x_wconf 83' lang='lat' dir='ltr'><strong>SS.</strong></span> <span class='ocrx_word' id='word_1_323' title='bbox 587 3531 622 3590; x_wconf 86' lang='lat' dir='ltr'><strong>D.</strong></span> <span class='ocrx_word' id='word_1_324' title='bbox 643 3529 680 3588; x_wconf 88' lang='lat' dir='ltr'><strong>N.</strong></span> <span class='ocrx_word' id='word_1_325' title='bbox 701 3525 863 3607; x_wconf 82' lang='lat' dir='ltr'><strong>Gregorius</strong></span> <span class='ocrx_word' id='word_1_326' title='bbox 888 3526 995 3589; x_wconf 87' lang='lat' dir='ltr'><strong>divina</strong></span> <span class='ocrx_word' id='word_1_327' title='bbox 1014 3527 1209 3590; x_wconf 81' lang='lat' dir='ltr'><strong>Prouidentia</strong></span> <span class='ocrx_word' id='word_1_328' title='bbox 1223 3533 1278 3590; x_wconf 85' lang='lat' dir='ltr'><strong>PP.</strong></span> <span class='ocrx_word' id='word_1_329' title='bbox 1298 3529 1366 3591; x_wconf 83' lang='lat' dir='ltr'><strong>XVI</strong></span> <span class='ocrx_word' id='word_1_330' title='bbox 1380 3529 1414 3590; x_wconf 88' lang='lat' dir='ltr'><strong>in</strong></span> 
     </span>
     <span class='ocr_line' id='line_1_39' title="bbox 138 3613 1413 3697; baseline 0.001 -20"><span class='ocrx_word' id='word_1_331' title='bbox 138 3615 227 3678; x_wconf 89' lang='lat' dir='ltr'><strong>solita</strong></span> <span class='ocrx_word' id='word_1_332' title='bbox 239 3615 397 3680; x_wconf 85' lang='lat' dir='ltr'><strong>audientia</strong></span> <span class='ocrx_word' id='word_1_333' title='bbox 410 3621 447 3681; x_wconf 85' lang='lat' dir='ltr'><strong>R.</strong></span> <span class='ocrx_word' id='word_1_334' title='bbox 459 3621 492 3679; x_wconf 84' lang='lat' dir='ltr'><strong>P.</strong></span> <span class='ocrx_word' id='word_1_335' title='bbox 509 3615 661 3680; x_wconf 88' lang='lat' dir='ltr'><strong>Asscssori</strong></span> <span class='ocrx_word' id='word_1_336' title='bbox 676 3617 705 3678; x_wconf 90' lang='lat' dir='ltr'><strong>S.</strong></span> <span class='ocrx_word' id='word_1_337' title='bbox 718 3613 813 3680; x_wconf 85' lang='lat' dir='ltr'><strong>Officii</strong></span> <span class='ocrx_word' id='word_1_338' title='bbox 827 3615 1225 3695; x_wconf 84' lang='lat' dir='ltr'><strong>impertita,1esulutionem</strong></span> <span class='ocrx_word' id='word_1_339' title='bbox 1237 3616 1413 3697; x_wconf 70' lang='lat' dir='ltr'><strong>praedictam</strong></span> 
     </span>
     <span class='ocr_line' id='line_1_40' title="bbox 137 3704 769 3787; baseline 0.002 -22"><span class='ocrx_word' id='word_1_340' title='bbox 137 3705 176 3766; x_wconf 88' lang='lat' dir='ltr'><strong>alr</strong></span> <span class='ocrx_word' id='word_1_341' title='bbox 191 3705 456 3768; x_wconf 87' lang='lat' dir='ltr'><strong>Eminentissimis</strong></span> <span class='ocrx_word' id='word_1_342' title='bbox 470 3707 565 3769; x_wconf 84' lang='lat' dir='ltr'><strong>latam</strong></span> <span class='ocrx_word' id='word_1_343' title='bbox 577 3704 769 3787; x_wconf 80' lang='lat' dir='ltr'><strong>approbarit.</strong></span> 
     </span>
    </p>

    <p class='ocr_par' dir='ltr' id='par_1_15' title="bbox 137 3791 1413 3946">
     <span class='ocr_line' id='line_1_41' title="bbox 178 3791 1413 3876; baseline 0.002 -22"><span class='ocrx_word' id='word_1_344' title='bbox 178 3793 306 3856; x_wconf 81' lang='lat' dir='ltr'><strong>Praeiata</strong></span> <span class='ocrx_word' id='word_1_345' title='bbox 325 3793 439 3857; x_wconf 68' lang='lat' dir='ltr'><strong>Decimo</strong></span> <span class='ocrx_word' id='word_1_346' title='bbox 456 3795 604 3858; x_wconf 87' lang='lat' dir='ltr'><strong>innovata</strong></span> <span class='ocrx_word' id='word_1_347' title='bbox 624 3793 686 3858; x_wconf 86' lang='lat' dir='ltr'><strong>init</strong></span> <span class='ocrx_word' id='word_1_348' title='bbox 706 3795 743 3856; x_wconf 91' lang='lat' dir='ltr'><strong>ab</strong></span> <span class='ocrx_word' id='word_1_349' title='bbox 757 3794 864 3856; x_wconf 87' lang='lat' dir='ltr'><strong>eadem</strong></span> <span class='ocrx_word' id='word_1_350' title='bbox 883 3795 917 3856; x_wconf 84' lang='lat' dir='ltr'><strong>S.</strong></span> <span class='ocrx_word' id='word_1_351' title='bbox 936 3792 1051 3874; x_wconf 76' lang='lat' dir='ltr'><strong>Conpr.</strong></span> <span class='ocrx_word' id='word_1_352' title='bbox 1070 3795 1215 3876; x_wconf 83' lang='lat' dir='ltr'><strong>inquisit.</strong></span> <span class='ocrx_word' id='word_1_353' title='bbox 1232 3791 1281 3856; x_wconf 88' lang='lat' dir='ltr'><strong>die</strong></span> <span class='ocrx_word' id='word_1_354' title='bbox 1302 3797 1413 3858; x_wconf 77' lang='grc'><strong>10111·</strong></span> 
     </span>
     <span class='ocr_line' id='line_1_42' title="bbox 137 3881 276 3946; baseline 0.007 -4"><span class='ocrx_word' id='word_1_355' title='bbox 137 3881 276 3946; x_wconf 83' lang='grc'><strong>1111810.</strong></span> 
     </span>
    </p>

    <p class='ocr_par' dir='ltr' id='par_1_16' title="bbox 176 3968 627 4036">
     <span class='ocr_line' id='line_1_43' title="bbox 176 3968 627 4036; baseline 0.007 -4"><span class='ocrx_word' id='word_1_356' title='bbox 176 3968 255 4032; x_wconf 84' lang='lat' dir='ltr'><strong>ilinc</strong></span> <span class='ocrx_word' id='word_1_357' title='bbox 269 3973 470 4036; x_wconf 86' lang='lat' dir='ltr'><strong>statuendum</strong></span> <span class='ocrx_word' id='word_1_358' title='bbox 483 3973 605 4036; x_wconf 82' lang='lat' dir='ltr'><strong>ridetur</strong></span> <span class='ocrx_word' id='word_1_359' title='bbox 621 3993 627 4035; x_wconf 95' lang='lat'>:</span> 
     </span>
    </p>

    <p class='ocr_par' dir='ltr' id='par_1_17' title="bbox 137 4059 1411 4208">
     <span class='ocr_line' id='line_1_44' title="bbox 176 4059 1411 4143; baseline 0.003 -23"><span class='ocrx_word' id='word_1_360' title='bbox 176 4063 210 4120; x_wconf 92' lang='grc'><strong>10</strong></span> <span class='ocrx_word' id='word_1_361' title='bbox 225 4060 260 4118; x_wconf 92' lang='lat' dir='ltr'><strong>ln</strong></span> <span class='ocrx_word' id='word_1_362' title='bbox 274 4059 368 4121; x_wconf 88' lang='lat' dir='ltr'><strong>dubio</strong></span> <span class='ocrx_word' id='word_1_363' title='bbox 387 4063 423 4123; x_wconf 90' lang='lat' dir='ltr'><strong>do</strong></span> <span class='ocrx_word' id='word_1_364' title='bbox 442 4061 541 4124; x_wconf 85' lang='lat' dir='ltr'><strong>valore</strong></span> <span class='ocrx_word' id='word_1_365' title='bbox 555 4061 721 4143; x_wconf 83' lang='lat' dir='ltr'><strong>Baptismi,</strong></span> <span class='ocrx_word' id='word_1_366' title='bbox 745 4061 888 4126; x_wconf 79' lang='lat' dir='ltr'><strong>validitas</strong></span> <span class='ocrx_word' id='word_1_367' title='bbox 905 4061 1097 4126; x_wconf 84' lang='lat' dir='ltr'><strong>Matrimonii</strong></span> <span class='ocrx_word' id='word_1_368' title='bbox 1118 4061 1152 4123; x_wconf 90' lang='lat' dir='ltr'><strong>in</strong></span> <span class='ocrx_word' id='word_1_369' title='bbox 1169 4079 1277 4141; x_wconf 81' lang='lat' dir='ltr'><strong>genere</strong></span> <span class='ocrx_word' id='word_1_370' title='bbox 1295 4079 1411 4142; x_wconf 75' lang='lat' dir='ltr'><strong>pressu-</strong></span> 
     </span>
     <span class='ocr_line' id='line_1_45' title="bbox 137 4147 318 4208; baseline -0.006 0"><span class='ocrx_word' id='word_1_371' title='bbox 137 4147 249 4208; x_wconf 87' lang='lat' dir='ltr'><strong>menda</strong></span> <span class='ocrx_word' id='word_1_372' title='bbox 261 4153 318 4208; x_wconf 82' lang='lat' dir='ltr'><strong>est.</strong></span> 
     </span>
    </p>

    <p class='ocr_par' dir='ltr' id='par_1_18' title="bbox 135 4235 1411 4584">
     <span class='ocr_line' id='line_1_46' title="bbox 176 4235 1411 4320; baseline 0.002 -23"><span class='ocrx_word' id='word_1_373' title='bbox 176 4239 211 4297; x_wconf 75' lang='lat'><strong>2⁰</strong></span> <span class='ocrx_word' id='word_1_374' title='bbox 226 4235 257 4297; x_wconf 86' lang='lat' dir='ltr'><strong>Si</strong></span> <span class='ocrx_word' id='word_1_375' title='bbox 272 4241 381 4315; x_wconf 76' lang='lat' dir='ltr'><strong>agatur</strong></span> <span class='ocrx_word' id='word_1_376' title='bbox 394 4237 431 4300; x_wconf 88' lang='lat' dir='ltr'><strong>de</strong></span> <span class='ocrx_word' id='word_1_377' title='bbox 445 4237 640 4302; x_wconf 80' lang='lat' dir='ltr'><strong>Matrimonia</strong></span> <span class='ocrx_word' id='word_1_378' title='bbox 655 4237 738 4301; x_wconf 82' lang='lat' dir='ltr'><strong>inter</strong></span> <span class='ocrx_word' id='word_1_379' title='bbox 746 4239 911 4302; x_wconf 85' lang='lat' dir='ltr'><strong>catholicos</strong></span> <span class='ocrx_word' id='word_1_380' title='bbox 922 4238 1110 4312; x_wconf 82' lang='lat' dir='ltr'><strong>celebrando,</strong></span> <span class='ocrx_word' id='word_1_381' title='bbox 1128 4245 1158 4302; x_wconf 87' lang='lat' dir='ltr'><strong>et</strong></span> <span class='ocrx_word' id='word_1_382' title='bbox 1172 4257 1319 4320; x_wconf 83' lang='lat' dir='ltr'><strong>unapars</strong></span> <span class='ocrx_word' id='word_1_383' title='bbox 1328 4243 1411 4300; x_wconf 74' lang='lat' dir='ltr'><strong>certo</strong></span> 
     </span>
     <span class='ocr_line' id='line_1_47' title="bbox 137 4323 1411 4408; baseline -0.002 -19"><span class='ocrx_word' id='word_1_384' title='bbox 137 4323 294 4404; x_wconf 81' lang='lat' dir='ltr'><strong>Baptismo</strong></span> <span class='ocrx_word' id='word_1_385' title='bbox 308 4333 406 4400; x_wconf 84' lang='lat' dir='ltr'><strong>caret,</strong></span> <span class='ocrx_word' id='word_1_386' title='bbox 421 4324 478 4388; x_wconf 89' lang='lat' dir='ltr'><strong>hoc</strong></span> <span class='ocrx_word' id='word_1_387' title='bbox 491 4327 741 4402; x_wconf 82' lang='lat' dir='ltr'><strong>Sacramentum,</strong></span> <span class='ocrx_word' id='word_1_388' title='bbox 762 4333 799 4389; x_wconf 92' lang='lat' dir='ltr'><strong>ut</strong></span> <span class='ocrx_word' id='word_1_389' title='bbox 812 4333 911 4408; x_wconf 82' lang='lat' dir='ltr'><strong>patet,</strong></span> <span class='ocrx_word' id='word_1_390' title='bbox 925 4333 998 4388; x_wconf 86' lang='lat' dir='ltr'><strong>ante</strong></span> <span class='ocrx_word' id='word_1_391' title='bbox 1011 4327 1245 4391; x_wconf 88' lang='lat' dir='ltr'><strong>Matrimonium</strong></span> <span class='ocrx_word' id='word_1_392' title='bbox 1258 4325 1411 4389; x_wconf 68' lang='lat' dir='ltr'><strong>confam-</strong></span> 
     </span>
     <span class='ocr_line' id='line_1_48' title="bbox 135 4412 1408 4496; baseline 0.003 -21"><span class='ocrx_word' id='word_1_393' title='bbox 135 4413 212 4475; x_wconf 86' lang='lat' dir='ltr'><strong>dum</strong></span> <span class='ocrx_word' id='word_1_394' title='bbox 227 4412 286 4494; x_wconf 90' lang='lat' dir='ltr'><strong>ipsi</strong></span> <span class='ocrx_word' id='word_1_395' title='bbox 302 4420 359 4476; x_wconf 89' lang='lat' dir='ltr'><strong>est.</strong></span> <span class='ocrx_word' id='word_1_396' title='bbox 377 4415 409 4476; x_wconf 88' lang='lat' dir='ltr'><strong>Si</strong></span> <span class='ocrx_word' id='word_1_397' title='bbox 428 4431 499 4477; x_wconf 87' lang='lat' dir='ltr'><strong>roro</strong></span> <span class='ocrx_word' id='word_1_398' title='bbox 515 4413 746 4478; x_wconf 85' lang='lat' dir='ltr'><strong>Matrimonium</strong></span> <span class='ocrx_word' id='word_1_399' title='bbox 760 4416 827 4496; x_wconf 86' lang='lat' dir='ltr'><strong>jam</strong></span> <span class='ocrx_word' id='word_1_400' title='bbox 849 4415 1034 4478; x_wconf 85' lang='lat' dir='ltr'><strong>celebratum</strong></span> <span class='ocrx_word' id='word_1_401' title='bbox 1047 4415 1089 4479; x_wconf 87' lang='lat' dir='ltr'><strong>sit</strong></span> <span class='ocrx_word' id='word_1_402' title='bbox 1107 4433 1179 4480; x_wconf 87' lang='lat' dir='ltr'><strong>eum</strong></span> <span class='ocrx_word' id='word_1_403' title='bbox 1197 4415 1254 4478; x_wconf 84' lang='lat' dir='ltr'><strong>hoe</strong></span> <span class='ocrx_word' id='word_1_404' title='bbox 1271 4413 1408 4487; x_wconf 77' lang='lat' dir='ltr'><strong>deleam,</strong></span> 
     </span>
     <span class='ocr_line' id='line_1_49' title="bbox 135 4501 895 4584; baseline 0.001 -19"><span class='ocrx_word' id='word_1_405' title='bbox 135 4509 206 4583; x_wconf 86' lang='lat' dir='ltr'><strong>past</strong></span> <span class='ocrx_word' id='word_1_406' title='bbox 216 4501 411 4584; x_wconf 71' lang='lat' dir='ltr'><strong>baptismum</strong></span> <span class='ocrx_word' id='word_1_407' title='bbox 426 4503 568 4567; x_wconf 86' lang='lat' dir='ltr'><strong>collatum</strong></span> <span class='ocrx_word' id='word_1_408' title='bbox 580 4501 815 4568; x_wconf 80' lang='lat' dir='ltr'><strong>remlidandum</strong></span> <span class='ocrx_word' id='word_1_409' title='bbox 826 4503 895 4568; x_wconf 85' lang='lat' dir='ltr'><strong>erit.</strong></span> 
     </span>
    </p>
   </div>
   <div class='ocr_carea' id='block_1_5' title="bbox 0 0 1608 5042">
    <p class='ocr_par' dir='ltr' id='par_1_19' title="bbox 0 0 1608 5042">
     <span class='ocr_line' id='line_1_50' title="bbox 0 0 1608 5042; baseline 0 0"><span class='ocrx_word' id='word_1_410' title='bbox 0 0 1608 5042; x_wconf 95' lang='lat' dir='ltr'><strong> </strong></span> 
     </span>
    </p>
   </div>
  </div>
 </body>
</html>
