3206 5042
581 265 624 310 nra
645 265 876 312 narnruouro
1302 260 1368 318 371

144 383 252 459 Raptus
272 373 393 438 dirimit
421 372 655 440 Matrimonium
682 375 719 438 de
738 378 808 456 jure
827 376 1025 441 ecclesiastico
1046 377 1126 440 inter
1146 385 1312 460 raptorem,
1338 384 1370 446 id

107 474 227 530 osteum
240 465 274 527 in
291 466 377 545 eujus
394 462 526 544 gratiam
548 463 660 526 mulier
673 464 802 545 rapitur,
818 471 849 527 et
863 473 994 546 raptam.
1015 470 1142 530 Constat
1160 485 1199 529 ex
1219 469 1368 550 Trident,

107 577 171 618 sess.
185 555 286 628 XXIV,
304 573 329 613 c.
344 570 388 614 ur.
404 587 445 598 —
458 555 664 635 Exsequentes
681 559 806 633 raptum
820 571 874 634 pro
892 555 950 617 alio
965 573 1070 635 peenas
1085 555 1226 637 quidem,
1241 575 1304 620 non
1316 578 1370 621 au-

108 651 163 706 tem
178 639 433 722 impedimentum
451 640 626 705 incurrunt.

140 731 256 812 Triplex
269 728 440 810 requiritur
454 730 588 793 conditio
602 732 641 793 ad
654 730 732 795 illud
747 731 1007 813 impedimentum
1016 732 1236 798 incurrendum
1246 783 1252 810 ,
1263 753 1372 818 nempe

105 827 133 884 l⁰
147 825 180 882 ut
195 818 306 882 mulier
318 824 405 899 rapta
419 817 589 881 abducatur
602 819 639 882 de
653 820 715 882 loco
728 821 762 884 in
781 822 897 897 locum3
913 826 946 884 2⁰
964 827 1001 883 ut
1016 821 1145 884 stamina
1158 823 1296 904 rapiatur
1309 829 1371 890 Ma-

103 911 233 975 trimonii
248 929 356 988 eousa3
377 914 410 973 3⁰
429 916 466 972 ut
487 917 594 990 raptus
614 911 669 975 fiat
687 912 816 976 muliere
836 919 1027 993 repugnante
1041 932 1095 976 seu
1110 914 1236 978 omnino
1254 915 1370 990 invite,

103 999 162 1063 siue
175 1018 224 1080 per
242 999 308 1062 vim
323 998 525 1078 ceteroquin,
538 998 602 1061 sive
612 1017 666 1079 per
680 1006 800 1062 metum
809 1003 857 1065 rel
866 1001 971 1062 dolum
981 1001 1161 1065 abducatur.
1177 1003 1225 1066 Sic
1237 1022 1272 1066 ex
1285 1007 1373 1068 textu

103 1088 226 1150 Cercetii
244 1087 415 1148 Tridentini
428 1086 559 1148 eruitur.
578 1091 645 1150 Non
664 1095 805 1152 censetur
816 1095 920 1152 autem
940 1088 1088 1152 violenter
1105 1089 1235 1154 abducta
1248 1093 1370 1166 mulier,

101 1195 166 1257 quae
185 1183 256 1239 ante
276 1181 402 1256 raptum
424 1173 620 1240 Matrimonio
638 1185 842 1241 consenserat.
858 1213 899 1225 -
917 1177 997 1240 Acta
1019 1177 1055 1240 S.
1076 1177 1183 1259 Secta,
1208 1179 1269 1242 not.
1293 1183 1321 1255 l,
1340 1183 1371 1240 in

100 1265 236 1347 Append.
254 1299 296 1310 -
311 1262 345 1325 S.
361 1264 431 1346 atq.
448 1285 479 1325 tt.
497 1269 587 1328 ttot.
601 1299 642 1313 -
656 1265 767 1328 Recole
782 1266 863 1329 dicto
876 1277 948 1330 tom.
962 1267 990 1341 I,
1007 1287 1038 1327 n.
1055 1270 1125 1330 117.

218 1393 412 1470 Quaesitae.

134 1525 203 1586 858.
223 1557 264 1567 —
277 1525 379 1598 Quare.
397 1528 429 1584 1ο
443 1522 495 1585 An
510 1522 751 1604 impedimentum
768 1523 893 1585 traducet
905 1531 1012 1606 eaptus
1025 1543 1230 1600 supponente,
1242 1543 1293 1586 accc
1307 1545 1373 1586 cum

97 1610 202 1672 tundier·
215 1611 374 1673 inducitur
387 1610 576 1689 mannitus,
594 1612 760 1692 odenditiis,
777 1619 848 1688 eto,
865 1613 908 1674 od
920 1623 1076 1694 raptorem
1087 1613 1288 1694 sequendum?

135 1699 225 1780 Reep.
241 1699 321 1781 Nep.
337 1699 426 1764 Ratio
440 1705 500 1773 est,
523 1700 596 1779 quia
616 1701 746 1763 Ecclesia
766 1719 820 1781 per
840 1707 947 1780 raptus
966 1700 1225 1780 impedimentum
1239 1701 1374 1762 intendit

98 1791 219 1850 tantum
231 1787 385 1849 consulere
398 1787 536 1866 perfectae
548 1788 683 1850 libertati
697 1787 903 1862 Matrimonii,
921 1805 990 1868 quae
1004 1806 1068 1849 non
1081 1788 1204 1850 laeditur
1218 1805 1289 1849 cum
1303 1806 1373 1850 mu-

93 1875 151 1936 lier
165 1874 358 1936 consentiens
379 1874 554 1949 abducitur,
579 1873 674 1936 etiam
694 1875 802 1939 invitis
821 1875 1011 1956 parentibus.
1034 1874 1143 1937 -Ito
1165 1877 1372 1955 communiter,

92 1964 185 2044 juxta
201 1962 238 2024 S.
259 1963 342 2044 Lep,
362 1983 394 2024 n.
411 1968 501 2027 1107.
523 1962 728 2026 Consentiunt
742 1963 900 2038 Sancitez,
916 1963 1091 2041 Bonocino,
1116 1963 1283 2043 Selmena,
1300 1961 1373 2026 Seo-

92 2052 173 2129 vt'rtt',
191 2055 249 2112 etc.

135 2143 175 2200 Et
189 2137 321 2220 theologi
336 2141 461 2222 quidem
478 2139 555 2204 Galli
569 2159 631 2203 non
648 2141 737 2222 pauei
748 2143 951 2215 contendunt,
968 2141 1010 2204 sal
1016 2147 1077 2203 tem
1089 2141 1121 2203 in
1136 2141 1231 2206 Gallia
1244 2161 1281 2204 ex
1295 2160 1371 2223 prae-

93 2227 206 2308 scripta
228 2231 447 2292 consuetudine
468 2239 592 2312 reptem
610 2229 790 2292 reductionis
808 2229 952 2292 dirimere
974 2229 1216 2293 Matrimonium.
1234 2231 1293 2294 Sed
1315 2230 1372 2296 hoc

92 2335 155 2378 rron
173 2323 221 2379 est
239 2317 483 2395 admittendum
500 2337 563 2380 non
581 2319 665 2382 enim
680 2319 811 2398 obligare
825 2325 925 2399 potest
938 2319 1122 2382 consuetudo
1139 2337 1207 2400 quar
1224 2320 1324 2382 solum
1337 2318 1371 2380 in

92 2405 169 2466 salsa
181 2404 257 2485 legis
271 2405 519 2487 interpretatione
533 2406 691 2470 innititur.
708 2443 747 2452 -
770 2407 860 2488 Gens.
879 2407 1014 2484 Gomset,
1031 2429 1063 2469 n.
1079 2411 1149 2470 ter.

134 2494 357 2559 declarationes
373 2515 443 2560 uero
461 2499 492 2560 S.
508 2496 755 2578 Congregationis
769 2496 911 2570 concilii,
928 2513 997 2576 quae
1011 2512 1064 2575 pro
1084 2513 1119 2558 eo
1136 2495 1280 2575 opinione
1298 2495 1371 2558 refe-

94 2589 212 2645 runtur
224 2583 258 2645 in
274 2584 524 2647 Analecttslnrie
534 2585 695 2667 Pontificii
709 2585 792 2666 (tom.
806 2582 859 2661 ιιι,
869 2605 901 2667 p.
914 2589 993 2648 1818
1005 2595 1033 2646 et
1046 2583 1130 2666 sept,
1145 2603 1232 2648 cesus
1244 2584 1370 2648 omnino

92 2671 294 2750 particulares
311 2674 494 2754 respiciunt,
516 2692 570 2737 neo
588 2674 663 2737 satis
677 2675 714 2737 de
729 2673 970 2737 circumstantiis
989 2677 1120 2746 constat,
1137 2673 1211 2734 adeo
1226 2677 1262 2734 ut
1279 2673 1372 2734 asseri

90 2759 209 2838 possit,
224 2760 354 2821 defuisse
366 2763 527 2821 violentam
540 2761 679 2822 mulieris
691 2761 917 2822 abductionem.
930 2761 969 2820 ln
979 2761 1045 2838 ipse
1061 2759 1162 2822 Gattta
1172 2759 1228 2837 (eit
1239 2759 1372 2838 Scavini)

87 2845 260 2920 scrutere-tio,
277 2845 381 2906 docens
395 2858 519 2927 raptam
534 2848 717 2907 seductionis
735 2847 874 2908 traducere
889 2846 1137 2928 impedimentum
1150 2845 1294 2907 dirimens
1305 2846 1373 2907 Mo·

88 2933 291 3010 trimoniorn,
308 2951 374 3014 quoe
384 2933 510 3015 jamdiu
524 2936 635 3014 eripuit,
649 2935 764 3014 possim
777 2935 926 3014 rejicitur.

131 3025 209 3085 859.
225 3056 266 3066 —
279 3023 379 3096 Quen.
394 3027 427 3085 2⁰
442 3023 491 3084 An
506 3022 625 3086 valeant
641 3022 799 3103 sponsata
816 3031 984 3102 contt‘oeto,
1003 3023 1075 3087 datm
1091 3025 1202 3086 cantior
1216 3034 1305 3108 rapto
1320 3023 1373 3083 sub

86 3121 243 3193 potestate
257 3113 393 3193 raptoris
408 3111 565 3175 vereatur?

133 3200 227 3281 ttesp.
248 3201 390 3281 :Duplex
404 3200 662 3264 datursententia
678 3200 843 3279 probabilis
860 3220 867 3262 :

135 3289 172 3352 Ιιι
195 3288 355 3351 Sententia
377 3301 482 3371 nepot,
508 3289 581 3372 quia
600 3287 750 3369 sponsalia
771 3289 945 3352 libertatern
966 3287 1146 3368 requirunt,
1173 3288 1252 3350 sicut
1272 3287 1376 3368 ipsum

89 3376 351 3454 Matrimonium
372 3380 421 3442 lex
442 3377 525 3440 enim
544 3377 672 3459 poenalis
690 3377 878 3454 extenditur,
901 3377 955 3440 ubi
975 3377 1081 3440 eadem
1098 3376 1177 3440 ratio
1195 3375 1320 3439 militat.
1337 3411 1377 3420 --

90 3466 253 3529 Surecltez.
269 3503 309 3514 ·-
324 3467 492 3548 Salmant,
509 3472 564 3530 eto.

135 3555 193 3618 tta
208 3555 367 3618 Sententia
380 3557 534 3640 affirmet,
548 3563 578 3620 et
592 3558 670 3620 hanc
679 3556 913 3637 probabiliorem
926 3555 1001 3619 dicit
1013 3553 1048 3618 S.
1065 3555 1134 3636 Lip.
1145 3571 1216 3616 cum
1228 3551 1374 3628 Lucceio,

88 3653 154 3708 etc.
175 3644 265 3708 Retio
286 3652 392 3708 autern
408 3647 502 3728 hujus
524 3649 684 3710 sententie
698 3651 760 3722 est,
777 3645 850 3728 quia
864 3644 1031 3725 sponsalia,
1050 3648 1154 3725 utpote
1173 3661 1240 3724 quae
1260 3657 1378 3721 sempor

91 3739 176 3796 sunt
192 3733 413 3811 rescindibilia,
426 3736 578 3800 minorem
591 3735 776 3812 libertatem,
793 3753 888 3817 quam
901 3731 1147 3807 Matrimonium,
1161 3730 1335 3813 requirunt.

225 3863 436 3929 ResolveS.

137 3993 216 4055 861).
233 4025 273 4035 -
285 3997 316 4054 1ο
329 3997 395 4056 Non
409 3994 600 4056 contrahitur
613 3993 885 4075 impedimentum,
903 3993 929 4054 si
943 3992 1054 4055 mulier
1070 3990 1240 4053 abducatur
1254 3991 1378 4050 tantum

88 4085 132 4144 de
150 4077 294 4141 cubiculo
307 4079 341 4140 in
356 4080 532 4144 cubiculum
546 4082 579 4144 in
593 4083 698 4145 eadem
708 4083 814 4157 domo,
824 4081 898 4162 quia
912 4081 954 4144 sic
967 4079 1086 4161 proprie
1101 4095 1163 4140 non
1177 4075 1377 4139 constituitur

88 4169 160 4234 sub
178 4167 306 4246 raptoris
321 4173 484 4246 potestate3
500 4170 601 4232 sedda
615 4171 705 4233 domo
719 4171 752 4232 in
765 4173 893 4233 domum
907 4168 1017 4232 abduci
1031 4167 1130 4230 debet.

136 4260 177 4319 2⁰
190 4259 257 4318 Non
276 4255 468 4318 contrahitur
488 4256 763 4338 impedimentum,
790 4258 816 4320 si
835 4257 947 4320 mulier
969 4256 1109 4336 rapiatur
1132 4255 1191 4318 alia
1212 4254 1248 4317 de
1270 4269 1376 4324 eausa,

86 4349 214 4430 praeter
228 4344 321 4406 finem
338 4343 528 4408 Matrimonii
542 4344 687 4422 ineundi,
703 4364 735 4408 v.
751 4365 810 4425 gr,
832 4365 870 4408 ex
888 4345 948 4407 fine
963 4343 1101 4407 libidinis
1116 4343 1286 4422 explendae,
1302 4345 1377 4412 ete.;

89 4434 180 4519 quia
192 4431 361 4496 Concilium
374 4433 431 4496 hoc
448 4433 669 4514 impedimento
688 4433 767 4497 nibil
781 4433 866 4496 aliud
878 4433 1029 4508 intendit,
1045 4431 1108 4495 nisi
1126 4430 1259 4494 libertati
1276 4426 1379 4494 Matri-

89 4521 204 4588 monii
215 4522 325 4586 lavere.
