<?xml version="1.0" encoding="UTF-8"?>
<!DOCTYPE html PUBLIC "-//W3C//DTD XHTML 1.0 Transitional//EN"
    "http://www.w3.org/TR/xhtml1/DTD/xhtml1-transitional.dtd">
<html xmlns="http://www.w3.org/1999/xhtml" xml:lang="en" lang="en">
 <head>
  <title>
</title>
<meta http-equiv="Content-Type" content="text/html;charset=utf-8" />
  <meta name='ocr-system' content='tesseract 3.04.00' />
  <meta name='ocr-capabilities' content='ocr_page ocr_carea ocr_par ocr_line ocrx_word'/>
</head>
<body>
  <div class='ocr_page' id='page_1' title='image "./compendiumtheol03gurygoog_0104.png"; bbox 0 0 3198 5036; ppageno 0'>
   <div class='ocr_carea' id='block_1_1' title="bbox 478 223 1388 283">
    <p class='ocr_par' dir='ltr' id='par_1_1' title="bbox 478 223 1388 283">
     <span class='ocr_line' id='line_1_1' title="bbox 478 223 1388 283; baseline -0.003 -3"><span class='ocrx_word' id='word_1_1' title='bbox 478 237 520 280; x_wconf 83' lang='lat' dir='ltr'><strong><em>na</em></strong></span> <span class='ocrx_word' id='word_1_2' title='bbox 541 234 788 280; x_wconf 70' lang='lat' dir='ltr'><strong><em>scansurum</em></strong></span> <span class='ocrx_word' id='word_1_3' title='bbox 809 235 847 278; x_wconf 80' lang='lat' dir='ltr'><strong><em>ru</em></strong></span> <span class='ocrx_word' id='word_1_4' title='bbox 868 233 1005 278; x_wconf 75' lang='lat' dir='ltr'><strong><em>sununs</em></strong></span> <span class='ocrx_word' id='word_1_5' title='bbox 1347 223 1388 283; x_wconf 79' lang='grc'>91</span> 
     </span>
    </p>
   </div>
   <div class='ocr_carea' id='block_1_2' title="bbox 118 343 1391 1486">
    <p class='ocr_par' dir='ltr' id='par_1_2' title="bbox 121 343 1390 604">
     <span class='ocr_line' id='line_1_2' title="bbox 122 343 1390 426; baseline 0.002 -18"><span class='ocrx_word' id='word_1_6' title='bbox 122 345 206 426; x_wconf 83' lang='lat' dir='ltr'><strong><em>graui</em></strong></span> <span class='ocrx_word' id='word_1_7' title='bbox 217 344 409 422; x_wconf 74' lang='lat' dir='ltr'><strong>necessitate,</strong></span> <span class='ocrx_word' id='word_1_8' title='bbox 427 346 503 409; x_wconf 88' lang='lat' dir='ltr'><strong><em>dum</em></strong></span> <span class='ocrx_word' id='word_1_9' title='bbox 518 345 571 408; x_wconf 90' lang='lat' dir='ltr'><strong><em>alii</em></strong></span> <span class='ocrx_word' id='word_1_10' title='bbox 582 345 717 410; x_wconf 86' lang='lat' dir='ltr'><strong><em>Ministri</em></strong></span> <span class='ocrx_word' id='word_1_11' title='bbox 730 345 765 407; x_wconf 91' lang='lat' dir='ltr'><strong><em>in</em></strong></span> <span class='ocrx_word' id='word_1_12' title='bbox 782 345 843 407; x_wconf 90' lang='lat' dir='ltr'><strong><em>sola</em></strong></span> <span class='ocrx_word' id='word_1_13' title='bbox 857 343 1033 406; x_wconf 74' lang='lat' dir='ltr'>necessitate</span> <span class='ocrx_word' id='word_1_14' title='bbox 1050 349 1186 407; x_wconf 85' lang='lat' dir='ltr'><strong><em>extrema</em></strong></span> <span class='ocrx_word' id='word_1_15' title='bbox 1203 345 1293 408; x_wconf 91' lang='lat' dir='ltr'><strong><em>adid</em></strong></span> <span class='ocrx_word' id='word_1_16' title='bbox 1313 348 1390 410; x_wconf 88' lang='lat' dir='ltr'><strong><em>obli·</em></strong></span> 
     </span>
     <span class='ocr_line' id='line_1_3' title="bbox 122 432 1389 518; baseline 0 -22"><span class='ocrx_word' id='word_1_17' title='bbox 122 439 240 514; x_wconf 86' lang='lat' dir='ltr'><strong><em>gantur.</em></strong></span> <span class='ocrx_word' id='word_1_18' title='bbox 256 470 298 480; x_wconf 95' lang='lat'>—</span> <span class='ocrx_word' id='word_1_19' title='bbox 312 434 349 496; x_wconf 87' lang='lat' dir='ltr'><strong><em>S.</em></strong></span> <span class='ocrx_word' id='word_1_20' title='bbox 369 435 487 518; x_wconf 66' lang='lat' dir='ltr'><strong><em>Liyor„</em></strong></span> <span class='ocrx_word' id='word_1_21' title='bbox 507 434 559 496; x_wconf 84' lang='lat' dir='ltr'><strong><em>lib.</em></strong></span> <span class='ocrx_word' id='word_1_22' title='bbox 576 437 616 510; x_wconf 92' lang='lat' dir='ltr'><strong><em>II,</em></strong></span> <span class='ocrx_word' id='word_1_23' title='bbox 638 455 669 495; x_wconf 83' lang='lat' dir='ltr'><strong><em>a.</em></strong></span> <span class='ocrx_word' id='word_1_24' title='bbox 692 439 742 496; x_wconf 76' lang='lat' dir='ltr'><strong><em>tt.</em></strong></span> <span class='ocrx_word' id='word_1_25' title='bbox 760 470 800 479; x_wconf 94' lang='grc'><strong>-</strong></span> <span class='ocrx_word' id='word_1_26' title='bbox 817 433 967 510; x_wconf 67' lang='lat' dir='ltr'><strong><em>Lucrati),</em></strong></span> <span class='ocrx_word' id='word_1_27' title='bbox 990 432 1041 494; x_wconf 82' lang='lat' dir='ltr'><strong><em>ot.</em></strong></span> <span class='ocrx_word' id='word_1_28' title='bbox 1062 433 1122 505; x_wconf 86' lang='lat' dir='ltr'><strong><em>lli„</em></strong></span> <span class='ocrx_word' id='word_1_29' title='bbox 1133 441 1217 514; x_wconf 84' lang='lat' dir='ltr'><strong><em>part.</em></strong></span> <span class='ocrx_word' id='word_1_30' title='bbox 1235 435 1262 512; x_wconf 90' lang='lat'><strong><em>1,</em></strong></span> <span class='ocrx_word' id='word_1_31' title='bbox 1282 455 1313 497; x_wconf 84' lang='lat' dir='ltr'><strong><em>a.</em></strong></span> <span class='ocrx_word' id='word_1_32' title='bbox 1330 441 1389 501; x_wconf 79' lang='grc'><strong><em>755</em></strong></span> 
     </span>
     <span class='ocr_line' id='line_1_4' title="bbox 121 533 220 604; baseline -0.01 -21"><span class='ocrx_word' id='word_1_33' title='bbox 121 533 148 583; x_wconf 89' lang='lat' dir='ltr'><strong><em>ct</em></strong></span> <span class='ocrx_word' id='word_1_34' title='bbox 160 541 220 604; x_wconf 84' lang='lat' dir='ltr'><strong><em>seq.</em></strong></span> 
     </span>
    </p>

    <p class='ocr_par' dir='ltr' id='par_1_3' title="bbox 121 609 1390 784">
     <span class='ocr_line' id='line_1_5' title="bbox 157 609 1390 696; baseline 0.002 -22"><span class='ocrx_word' id='word_1_35' title='bbox 157 615 226 674; x_wconf 73' lang='lat' dir='ltr'><strong><em>alt.</em></strong></span> <span class='ocrx_word' id='word_1_36' title='bbox 243 647 284 656; x_wconf 88' lang='lat'>—</span> <span class='ocrx_word' id='word_1_37' title='bbox 295 613 395 686; x_wconf 78' lang='lat' dir='ltr'><strong><em>Quas.</em></strong></span> <span class='ocrx_word' id='word_1_38' title='bbox 411 615 737 694; x_wconf 61' lang='lat' dir='ltr'><strong><em>seditiosaeque</em></strong></span> <span class='ocrx_word' id='word_1_39' title='bbox 754 629 906 694; x_wconf 76' lang='lat' dir='ltr'><strong><em>reponere</em></strong></span> <span class='ocrx_word' id='word_1_40' title='bbox 922 614 1016 672; x_wconf 87' lang='lat' dir='ltr'><strong><em>citam</em></strong></span> <span class='ocrx_word' id='word_1_41' title='bbox 1031 609 1072 671; x_wconf 87' lang='lat' dir='ltr'><strong><em>ad</em></strong></span> <span class='ocrx_word' id='word_1_42' title='bbox 1089 613 1293 674; x_wconf 82' lang='lat' dir='ltr'><strong><em>ministranda</em></strong></span> <span class='ocrx_word' id='word_1_43' title='bbox 1304 633 1390 696; x_wconf 83' lang='lat' dir='ltr'><strong><em>prce-</em></strong></span> 
     </span>
     <span class='ocr_line' id='line_1_6' title="bbox 121 699 1270 784; baseline 0.003 -24"><span class='ocrx_word' id='word_1_44' title='bbox 121 699 187 780; x_wconf 75' lang='lat' dir='ltr'><strong><em>fata</em></strong></span> <span class='ocrx_word' id='word_1_45' title='bbox 201 700 400 764; x_wconf 81' lang='lat' dir='ltr'><strong><em>Sacramenta</em></strong></span> <span class='ocrx_word' id='word_1_46' title='bbox 413 723 478 764; x_wconf 84' lang='lat' dir='ltr'><strong><em>cam</em></strong></span> <span class='ocrx_word' id='word_1_47' title='bbox 489 701 710 784; x_wconf 79' lang='lat' dir='ltr'><em>probabilitate</em></span> <span class='ocrx_word' id='word_1_48' title='bbox 723 711 839 762; x_wconf 84' lang='lat' dir='ltr'><strong><em>tantum</em></strong></span> <span class='ocrx_word' id='word_1_49' title='bbox 852 719 996 762; x_wconf 78' lang='lat' dir='ltr'><strong><em>successus</em></strong></span> <span class='ocrx_word' id='word_1_50' title='bbox 1006 700 1053 762; x_wconf 87' lang='lat' dir='ltr'><strong><em>oct</em></strong></span> <span class='ocrx_word' id='word_1_51' title='bbox 1064 701 1270 764; x_wconf 79' lang='lat' dir='ltr'><strong><em>necessitatis?</em></strong></span> 
     </span>
    </p>

    <p class='ocr_par' dir='ltr' id='par_1_4' title="bbox 118 789 1391 1486">
     <span class='ocr_line' id='line_1_7' title="bbox 161 789 1391 872; baseline 0.005 -22"><span class='ocrx_word' id='word_1_52' title='bbox 161 789 251 870; x_wconf 76' lang='lat' dir='ltr'><strong><em>desp.</em></strong></span> <span class='ocrx_word' id='word_1_53' title='bbox 263 809 275 851; x_wconf 89' lang='lat'><strong><em>.·</em></strong></span> <span class='ocrx_word' id='word_1_54' title='bbox 289 793 470 870; x_wconf 91' lang='lat' dir='ltr'><strong><em>Negandum</em></strong></span> <span class='ocrx_word' id='word_1_55' title='bbox 486 792 620 866; x_wconf 81' lang='lat' dir='ltr'><strong><em>videtur,</em></strong></span> <span class='ocrx_word' id='word_1_56' title='bbox 640 790 715 872; x_wconf 85' lang='lat' dir='ltr'><strong><em>quia</em></strong></span> <span class='ocrx_word' id='word_1_57' title='bbox 734 789 829 854; x_wconf 89' lang='lat' dir='ltr'><strong><em>nimis</em></strong></span> <span class='ocrx_word' id='word_1_58' title='bbox 853 789 967 852; x_wconf 76' lang='lat' dir='ltr'><strong><em>danim</em></strong></span> <span class='ocrx_word' id='word_1_59' title='bbox 988 795 1036 851; x_wconf 92' lang='lat' dir='ltr'><strong><em>est</em></strong></span> <span class='ocrx_word' id='word_1_60' title='bbox 1053 791 1171 870; x_wconf 76' lang='lat' dir='ltr'>exigere</span> <span class='ocrx_word' id='word_1_61' title='bbox 1193 798 1298 855; x_wconf 88' lang='lat' dir='ltr'><strong><em>actum</em></strong></span> <span class='ocrx_word' id='word_1_62' title='bbox 1318 793 1391 856; x_wconf 87' lang='lat' dir='ltr'><strong><em>adeo</em></strong></span> 
     </span>
     <span class='ocr_line' id='line_1_8' title="bbox 123 877 1391 962; baseline 0.004 -22"><span class='ocrx_word' id='word_1_63' title='bbox 123 877 278 941; x_wconf 88' lang='lat' dir='ltr'><strong><em>heroicum</em></strong></span> <span class='ocrx_word' id='word_1_64' title='bbox 293 879 331 942; x_wconf 94' lang='lat' dir='ltr'><strong><em>ad</em></strong></span> <span class='ocrx_word' id='word_1_65' title='bbox 347 880 523 959; x_wconf 81' lang='lat' dir='ltr'><strong><em>proximum</em></strong></span> <span class='ocrx_word' id='word_1_66' title='bbox 539 881 764 962; x_wconf 85' lang='lat' dir='ltr'><strong><em>adjuvandum,</em></strong></span> <span class='ocrx_word' id='word_1_67' title='bbox 783 878 844 942; x_wconf 89' lang='lat' dir='ltr'><strong><em>nisi</em></strong></span> <span class='ocrx_word' id='word_1_68' title='bbox 864 895 930 958; x_wconf 91' lang='lat' dir='ltr'><strong><em>spes</em></strong></span> <span class='ocrx_word' id='word_1_69' title='bbox 947 878 1027 940; x_wconf 88' lang='lat' dir='ltr'><strong><em>adsit</em></strong></span> <span class='ocrx_word' id='word_1_70' title='bbox 1045 878 1202 942; x_wconf 82' lang='lat' dir='ltr'>moraliter</span> <span class='ocrx_word' id='word_1_71' title='bbox 1219 887 1300 944; x_wconf 90' lang='lat' dir='ltr'><strong><em>certa</em></strong></span> <span class='ocrx_word' id='word_1_72' title='bbox 1323 900 1391 945; x_wconf 88' lang='lat' dir='ltr'><strong><em>snc-</em></strong></span> 
     </span>
     <span class='ocr_line' id='line_1_9' title="bbox 120 966 1389 1050; baseline 0.005 -23"><span class='ocrx_word' id='word_1_73' title='bbox 120 983 221 1028; x_wconf 82' lang='lat' dir='ltr'><strong><em>cessus</em></strong></span> <span class='ocrx_word' id='word_1_74' title='bbox 236 974 290 1029; x_wconf 92' lang='lat' dir='ltr'><strong><em>aut</em></strong></span> <span class='ocrx_word' id='word_1_75' title='bbox 304 973 384 1030; x_wconf 87' lang='lat' dir='ltr'><strong><em>certa</em></strong></span> <span class='ocrx_word' id='word_1_76' title='bbox 397 975 503 1050; x_wconf 89' lang='lat' dir='ltr'><strong><em>urgeat</em></strong></span> <span class='ocrx_word' id='word_1_77' title='bbox 516 969 689 1032; x_wconf 81' lang='lat' dir='ltr'><strong><em>necessitas.</em></strong></span> <span class='ocrx_word' id='word_1_78' title='bbox 703 968 781 1030; x_wconf 91' lang='lat' dir='ltr'><strong><em>Hinc</em></strong></span> <span class='ocrx_word' id='word_1_79' title='bbox 792 985 853 1029; x_wconf 92' lang='lat' dir='ltr'><strong><em>non</em></strong></span> <span class='ocrx_word' id='word_1_80' title='bbox 865 966 976 1029; x_wconf 89' lang='lat' dir='ltr'><strong><em>teneris</em></strong></span> <span class='ocrx_word' id='word_1_81' title='bbox 988 985 1135 1047; x_wconf 84' lang='lat' dir='ltr'><strong><em>exponere</em></strong></span> <span class='ocrx_word' id='word_1_82' title='bbox 1146 974 1226 1032; x_wconf 88' lang='lat' dir='ltr'><strong><em>certa</em></strong></span> <span class='ocrx_word' id='word_1_83' title='bbox 1237 970 1336 1032; x_wconf 87' lang='lat' dir='ltr'><strong><em>vitam</em></strong></span> <span class='ocrx_word' id='word_1_84' title='bbox 1350 971 1389 1034; x_wconf 89' lang='lat' dir='ltr'><strong><em>ad</em></strong></span> 
     </span>
     <span class='ocr_line' id='line_1_10' title="bbox 120 1054 1390 1138; baseline 0.002 -21"><span class='ocrx_word' id='word_1_85' title='bbox 120 1055 253 1137; x_wconf 80' lang='lat' dir='ltr'>aliquem</span> <span class='ocrx_word' id='word_1_86' title='bbox 267 1055 500 1138; x_wconf 87' lang='lat' dir='ltr'><strong><em>baptizandum,</em></strong></span> <span class='ocrx_word' id='word_1_87' title='bbox 515 1059 563 1121; x_wconf 89' lang='lat' dir='ltr'><strong><em>vel</em></strong></span> <span class='ocrx_word' id='word_1_88' title='bbox 577 1058 813 1130; x_wconf 89' lang='lat' dir='ltr'><strong><em>absolvendum,</em></strong></span> <span class='ocrx_word' id='word_1_89' title='bbox 830 1055 857 1117; x_wconf 90' lang='lat' dir='ltr'><strong><em>si</em></strong></span> <span class='ocrx_word' id='word_1_90' title='bbox 874 1054 1072 1136; x_wconf 79' lang='lat' dir='ltr'><strong><em>probabiliter</em></strong></span> <span class='ocrx_word' id='word_1_91' title='bbox 1087 1056 1186 1137; x_wconf 88' lang='lat' dir='ltr'><strong><em>perire</em></strong></span> <span class='ocrx_word' id='word_1_92' title='bbox 1199 1057 1289 1120; x_wconf 91' lang='lat' dir='ltr'><strong><em>debes</em></strong></span> <span class='ocrx_word' id='word_1_93' title='bbox 1303 1063 1390 1122; x_wconf 89' lang='lat' dir='ltr'><strong><em>ante-</em></strong></span> 
     </span>
     <span class='ocr_line' id='line_1_11' title="bbox 121 1145 1391 1229; baseline 0.003 -24"><span class='ocrx_word' id='word_1_94' title='bbox 121 1161 213 1224; x_wconf 88' lang='lat' dir='ltr'><strong><em>quam</em></strong></span> <span class='ocrx_word' id='word_1_95' title='bbox 227 1145 258 1208; x_wconf 93' lang='lat' dir='ltr'><strong><em>id</em></strong></span> <span class='ocrx_word' id='word_1_96' title='bbox 277 1145 441 1226; x_wconf 88' lang='lat' dir='ltr'><strong><em>adimplere</em></strong></span> <span class='ocrx_word' id='word_1_97' title='bbox 456 1147 569 1229; x_wconf 89' lang='lat' dir='ltr'><strong><em>possis,</em></strong></span> <span class='ocrx_word' id='word_1_98' title='bbox 586 1147 635 1209; x_wconf 84' lang='lat' dir='ltr'><strong><em>vel</em></strong></span> <span class='ocrx_word' id='word_1_99' title='bbox 653 1145 851 1227; x_wconf 79' lang='lat' dir='ltr'><strong><em>probabiliter</em></strong></span> <span class='ocrx_word' id='word_1_100' title='bbox 872 1161 1053 1225; x_wconf 76' lang='lat' dir='ltr'><strong><em>praestabas,</em></strong></span> <span class='ocrx_word' id='word_1_101' title='bbox 1070 1145 1160 1208; x_wconf 90' lang='lat' dir='ltr'><strong><em>illum</em></strong></span> <span class='ocrx_word' id='word_1_102' title='bbox 1176 1164 1240 1208; x_wconf 90' lang='lat' dir='ltr'><strong><em>esse</em></strong></span> <span class='ocrx_word' id='word_1_103' title='bbox 1258 1146 1391 1227; x_wconf 85' lang='lat' dir='ltr'><strong><em>baptiza·</em></strong></span> 
     </span>
     <span class='ocr_line' id='line_1_12' title="bbox 121 1231 1391 1316; baseline 0.006 -25"><span class='ocrx_word' id='word_1_104' title='bbox 121 1237 203 1307; x_wconf 91' lang='lat' dir='ltr'><strong><em>tum,</em></strong></span> <span class='ocrx_word' id='word_1_105' title='bbox 222 1240 276 1297; x_wconf 90' lang='lat' dir='ltr'><strong><em>aut</em></strong></span> <span class='ocrx_word' id='word_1_106' title='bbox 293 1252 355 1298; x_wconf 91' lang='lat' dir='ltr'><strong><em>non</em></strong></span> <span class='ocrx_word' id='word_1_107' title='bbox 370 1236 485 1298; x_wconf 90' lang='lat' dir='ltr'><strong><em>versari</em></strong></span> <span class='ocrx_word' id='word_1_108' title='bbox 497 1236 531 1298; x_wconf 89' lang='lat' dir='ltr'><strong><em>in</em></strong></span> <span class='ocrx_word' id='word_1_109' title='bbox 546 1239 628 1298; x_wconf 86' lang='lat' dir='ltr'><strong><em>statu</em></strong></span> <span class='ocrx_word' id='word_1_110' title='bbox 639 1231 920 1316; x_wconf 84' lang='lat' dir='ltr'><strong><em>peccatimcrtalis,</em></strong></span> <span class='ocrx_word' id='word_1_111' title='bbox 937 1239 991 1295; x_wconf 90' lang='lat' dir='ltr'><strong><em>aut</em></strong></span> <span class='ocrx_word' id='word_1_112' title='bbox 1009 1234 1104 1296; x_wconf 89' lang='lat' dir='ltr'><strong><em>etiam</em></strong></span> <span class='ocrx_word' id='word_1_113' title='bbox 1124 1252 1211 1315; x_wconf 88' lang='lat' dir='ltr'><strong><em>posse</em></strong></span> <span class='ocrx_word' id='word_1_114' title='bbox 1228 1233 1313 1297; x_wconf 85' lang='lat' dir='ltr'><strong><em>facile</em></strong></span> <span class='ocrx_word' id='word_1_115' title='bbox 1331 1235 1391 1298; x_wconf 87' lang='lat' dir='ltr'><strong><em>sibi</em></strong></span> 
     </span>
     <span class='ocr_line' id='line_1_13' title="bbox 118 1320 1389 1404; baseline 0.002 -23"><span class='ocrx_word' id='word_1_116' title='bbox 118 1320 281 1384; x_wconf 84' lang='lat' dir='ltr'><strong><em>subvenire</em></strong></span> <span class='ocrx_word' id='word_1_117' title='bbox 295 1340 349 1403; x_wconf 90' lang='lat' dir='ltr'><strong><em>per</em></strong></span> <span class='ocrx_word' id='word_1_118' title='bbox 363 1333 467 1387; x_wconf 89' lang='lat' dir='ltr'><strong><em>actum</em></strong></span> <span class='ocrx_word' id='word_1_119' title='bbox 481 1323 673 1388; x_wconf 86' lang='lat' dir='ltr'><strong><em>contritionis</em></strong></span> <span class='ocrx_word' id='word_1_120' title='bbox 687 1323 879 1404; x_wconf 74' lang='lat' dir='ltr'><strong><em>perfecta-</em></strong></span> <span class='ocrx_word' id='word_1_121' title='bbox 891 1320 998 1397; x_wconf 81' lang='lat' dir='ltr'><strong><em>Callet,</em></strong></span> <span class='ocrx_word' id='word_1_122' title='bbox 1010 1323 1128 1398; x_wconf 81' lang='lat' dir='ltr'><strong><em>Decet,</em></strong></span> <span class='ocrx_word' id='word_1_123' title='bbox 1143 1343 1168 1386; x_wconf 90' lang='lat' dir='ltr'><strong><em>c.</em></strong></span> <span class='ocrx_word' id='word_1_124' title='bbox 1184 1343 1205 1398; x_wconf 86' lang='lat'><strong><em>1,</em></strong></span> <span class='ocrx_word' id='word_1_125' title='bbox 1217 1333 1245 1386; x_wconf 87' lang='lat' dir='ltr'><strong><em>et</em></strong></span> <span class='ocrx_word' id='word_1_126' title='bbox 1257 1322 1292 1386; x_wconf 93' lang='lat' dir='ltr'><strong><em>S.</em></strong></span> <span class='ocrx_word' id='word_1_127' title='bbox 1304 1324 1389 1404; x_wconf 65' lang='lat' dir='ltr'><strong><em>Lip„</em></strong></span> 
     </span>
     <span class='ocr_line' id='line_1_14' title="bbox 122 1408 343 1486; baseline 0.032 -19"><span class='ocrx_word' id='word_1_128' title='bbox 122 1408 172 1468; x_wconf 78' lang='lat' dir='ltr'><strong><em>uo.</em></strong></span> <span class='ocrx_word' id='word_1_129' title='bbox 190 1412 231 1486; x_wconf 86' lang='lat'><strong><em>11,</em></strong></span> <span class='ocrx_word' id='word_1_130' title='bbox 248 1433 279 1472; x_wconf 83' lang='lat' dir='ltr'><strong><em>a.</em></strong></span> <span class='ocrx_word' id='word_1_131' title='bbox 294 1416 343 1474; x_wconf 76' lang='lat' dir='ltr'><strong><em>et.</em></strong></span> 
     </span>
    </p>
   </div>
   <div class='ocr_carea' id='block_1_3' title="bbox 240 1575 454 1640">
    <p class='ocr_par' dir='ltr' id='par_1_5' title="bbox 240 1575 454 1640">
     <span class='ocr_line' id='line_1_15' title="bbox 240 1575 454 1640; baseline 0.009 -2"><span class='ocrx_word' id='word_1_132' title='bbox 240 1575 454 1640; x_wconf 77' lang='lat' dir='ltr'><strong><em>Resolves</em></strong></span> 
     </span>
    </p>
   </div>
   <div class='ocr_carea' id='block_1_4' title="bbox 117 1719 1394 3661">
    <p class='ocr_par' dir='ltr' id='par_1_6' title="bbox 117 1719 1393 2063">
     <span class='ocr_line' id='line_1_16' title="bbox 159 1719 1392 1801; baseline 0.004 -24"><span class='ocrx_word' id='word_1_133' title='bbox 159 1720 331 1780; x_wconf 61' lang='grc'>1111-10</span> <span class='ocrx_word' id='word_1_134' title='bbox 345 1723 472 1783; x_wconf 89' lang='lat' dir='ltr'><strong><em>Peccant</em></strong></span> <span class='ocrx_word' id='word_1_135' title='bbox 491 1722 624 1801; x_wconf 84' lang='lat' dir='ltr'><strong><em>graviter</em></strong></span> <span class='ocrx_word' id='word_1_136' title='bbox 643 1722 790 1783; x_wconf 86' lang='lat' dir='ltr'><strong><em>habentes</em></strong></span> <span class='ocrx_word' id='word_1_137' title='bbox 807 1737 911 1780; x_wconf 89' lang='lat' dir='ltr'><strong><em>curam</em></strong></span> <span class='ocrx_word' id='word_1_138' title='bbox 932 1719 1123 1792; x_wconf 90' lang='lat' dir='ltr'><strong><em>animarum,</em></strong></span> <span class='ocrx_word' id='word_1_139' title='bbox 1140 1737 1202 1780; x_wconf 87' lang='lat' dir='ltr'><strong><em>non</em></strong></span> <span class='ocrx_word' id='word_1_140' title='bbox 1221 1725 1345 1781; x_wconf 87' lang='lat' dir='ltr'><strong><em>tantum</em></strong></span> <span class='ocrx_word' id='word_1_141' title='bbox 1364 1719 1392 1782; x_wconf 83' lang='lat' dir='ltr'><strong><em>si</em></strong></span> 
     </span>
     <span class='ocr_line' id='line_1_17' title="bbox 119 1804 1393 1890; baseline 0.002 -25"><span class='ocrx_word' id='word_1_142' title='bbox 119 1805 191 1865; x_wconf 89' lang='lat' dir='ltr'><strong><em>sine</em></strong></span> <span class='ocrx_word' id='word_1_143' title='bbox 202 1804 319 1867; x_wconf 87' lang='lat' dir='ltr'><strong><em>ratione</em></strong></span> <span class='ocrx_word' id='word_1_144' title='bbox 330 1807 540 1870; x_wconf 84' lang='lat' dir='ltr'><strong><em>ministerium</em></strong></span> <span class='ocrx_word' id='word_1_145' title='bbox 555 1827 648 1871; x_wconf 88' lang='lat' dir='ltr'><strong><em>suum</em></strong></span> <span class='ocrx_word' id='word_1_146' title='bbox 663 1811 825 1886; x_wconf 83' lang='lat' dir='ltr'><strong><em>denegent,</em></strong></span> <span class='ocrx_word' id='word_1_147' title='bbox 840 1808 891 1868; x_wconf 89' lang='lat' dir='ltr'><strong><em>sed</em></strong></span> <span class='ocrx_word' id='word_1_148' title='bbox 910 1807 1003 1868; x_wconf 87' lang='lat' dir='ltr'><strong><em>etiam</em></strong></span> <span class='ocrx_word' id='word_1_149' title='bbox 1021 1807 1047 1868; x_wconf 90' lang='lat' dir='ltr'><strong><em>si</em></strong></span> <span class='ocrx_word' id='word_1_150' title='bbox 1065 1825 1097 1867; x_wconf 88' lang='lat' dir='ltr'><strong><em>se</em></strong></span> <span class='ocrx_word' id='word_1_151' title='bbox 1115 1823 1249 1890; x_wconf 81' lang='lat' dir='ltr'><strong><em>morosos</em></strong></span> <span class='ocrx_word' id='word_1_152' title='bbox 1267 1812 1299 1868; x_wconf 90' lang='lat' dir='ltr'><strong><em>et</em></strong></span> <span class='ocrx_word' id='word_1_153' title='bbox 1316 1805 1393 1869; x_wconf 88' lang='lat' dir='ltr'><strong><em>diffi-</em></strong></span> 
     </span>
     <span class='ocr_line' id='line_1_18' title="bbox 117 1891 1390 1976; baseline 0.003 -23"><span class='ocrx_word' id='word_1_154' title='bbox 117 1891 192 1953; x_wconf 91' lang='lat' dir='ltr'><strong><em>ciles</em></strong></span> <span class='ocrx_word' id='word_1_155' title='bbox 205 1910 283 1972; x_wconf 80' lang='lat' dir='ltr'><strong><em>saepe</em></strong></span> <span class='ocrx_word' id='word_1_156' title='bbox 294 1895 446 1974; x_wconf 86' lang='lat' dir='ltr'><strong><em>praebeant</em></strong></span> <span class='ocrx_word' id='word_1_157' title='bbox 461 1916 467 1956; x_wconf 91' lang='lat'>:</span> <span class='ocrx_word' id='word_1_158' title='bbox 483 1896 556 1976; x_wconf 86' lang='lat' dir='ltr'><strong><em>quia</em></strong></span> <span class='ocrx_word' id='word_1_159' title='bbox 571 1898 613 1958; x_wconf 92' lang='lat' dir='ltr'><strong><em>sic</em></strong></span> <span class='ocrx_word' id='word_1_160' title='bbox 625 1895 726 1958; x_wconf 85' lang='lat' dir='ltr'><strong><em>fideles</em></strong></span> <span class='ocrx_word' id='word_1_161' title='bbox 744 1915 762 1958; x_wconf 91' lang='lat' dir='ltr'><strong><em>a</em></strong></span> <span class='ocrx_word' id='word_1_162' title='bbox 779 1893 983 1958; x_wconf 75' lang='lat' dir='ltr'><strong><em>sacramentis</em></strong></span> <span class='ocrx_word' id='word_1_163' title='bbox 997 1895 1165 1968; x_wconf 86' lang='lat' dir='ltr'><strong><em>deterrent,</em></strong></span> <span class='ocrx_word' id='word_1_164' title='bbox 1182 1897 1212 1956; x_wconf 92' lang='lat' dir='ltr'><strong><em>et</em></strong></span> <span class='ocrx_word' id='word_1_165' title='bbox 1223 1911 1270 1956; x_wconf 92' lang='lat' dir='ltr'><strong><em>res</em></strong></span> <span class='ocrx_word' id='word_1_166' title='bbox 1284 1895 1390 1958; x_wconf 89' lang='lat' dir='ltr'><strong><em>eodem</em></strong></span> 
     </span>
     <span class='ocr_line' id='line_1_19' title="bbox 117 1979 755 2063; baseline 0.008 -22"><span class='ocrx_word' id='word_1_167' title='bbox 117 1979 245 2054; x_wconf 88' lang='lat' dir='ltr'><strong><em>recidit,</em></strong></span> <span class='ocrx_word' id='word_1_168' title='bbox 262 1982 337 2044; x_wconf 90' lang='lat' dir='ltr'><strong><em>acsi</em></strong></span> <span class='ocrx_word' id='word_1_169' title='bbox 353 1987 548 2047; x_wconf 82' lang='lat' dir='ltr'><strong><em>Sacramenta</em></strong></span> <span class='ocrx_word' id='word_1_170' title='bbox 561 1985 755 2063; x_wconf 87' lang='lat' dir='ltr'><strong><em>denegarent.</em></strong></span> 
     </span>
    </p>

    <p class='ocr_par' dir='ltr' id='par_1_7' title="bbox 120 2071 1392 2398">
     <span class='ocr_line' id='line_1_20' title="bbox 158 2071 1392 2149; baseline 0.002 -18"><span class='ocrx_word' id='word_1_171' title='bbox 158 2072 195 2131; x_wconf 72' lang='lat'><strong><em>2⁰</em></strong></span> <span class='ocrx_word' id='word_1_172' title='bbox 209 2071 332 2133; x_wconf 88' lang='lat' dir='ltr'><strong><em>Mortale</em></strong></span> <span class='ocrx_word' id='word_1_173' title='bbox 346 2079 451 2134; x_wconf 88' lang='lat' dir='ltr'><strong><em>tamen</em></strong></span> <span class='ocrx_word' id='word_1_174' title='bbox 465 2091 527 2135; x_wconf 90' lang='lat' dir='ltr'><strong><em>nan</em></strong></span> <span class='ocrx_word' id='word_1_175' title='bbox 542 2081 598 2149; x_wconf 89' lang='lat' dir='ltr'><strong><em>est,</em></strong></span> <span class='ocrx_word' id='word_1_176' title='bbox 616 2073 671 2135; x_wconf 88' lang='lat' dir='ltr'><strong><em>nni</em></strong></span> <span class='ocrx_word' id='word_1_177' title='bbox 684 2073 732 2134; x_wconf 86' lang='lat' dir='ltr'><strong><em>vel</em></strong></span> <span class='ocrx_word' id='word_1_178' title='bbox 745 2072 833 2134; x_wconf 87' lang='lat' dir='ltr'><strong><em>alteri</em></strong></span> <span class='ocrx_word' id='word_1_179' title='bbox 844 2078 899 2135; x_wconf 91' lang='lat' dir='ltr'><strong><em>aut</em></strong></span> <span class='ocrx_word' id='word_1_180' title='bbox 913 2071 1011 2134; x_wconf 88' lang='lat' dir='ltr'><strong><em>eidem</em></strong></span> <span class='ocrx_word' id='word_1_181' title='bbox 1026 2072 1118 2136; x_wconf 87' lang='lat' dir='ltr'><strong><em>semel</em></strong></span> <span class='ocrx_word' id='word_1_182' title='bbox 1128 2073 1176 2135; x_wconf 80' lang='lat' dir='ltr'><strong><em>vel</em></strong></span> <span class='ocrx_word' id='word_1_183' title='bbox 1186 2072 1300 2134; x_wconf 88' lang='lat' dir='ltr'><strong><em>iterum</em></strong></span> <span class='ocrx_word' id='word_1_184' title='bbox 1315 2074 1392 2135; x_wconf 90' lang='lat' dir='ltr'><strong><em>citra</em></strong></span> 
     </span>
     <span class='ocr_line' id='line_1_21' title="bbox 120 2157 1387 2241; baseline 0.003 -22"><span class='ocrx_word' id='word_1_185' title='bbox 120 2157 334 2221; x_wconf 85' lang='lat' dir='ltr'><strong><em>necessitatem</em></strong></span> <span class='ocrx_word' id='word_1_186' title='bbox 355 2161 471 2241; x_wconf 90' lang='lat' dir='ltr'><strong><em>petenti</em></strong></span> <span class='ocrx_word' id='word_1_187' title='bbox 489 2163 721 2240; x_wconf 85' lang='lat' dir='ltr'><strong><em>Sacramentum</em></strong></span> <span class='ocrx_word' id='word_1_188' title='bbox 744 2160 934 2223; x_wconf 75' lang='lat' dir='ltr'><strong><em>Paenitentia</em></strong></span> <span class='ocrx_word' id='word_1_189' title='bbox 948 2161 994 2222; x_wconf 89' lang='lat' dir='ltr'><strong><em>vel</em></strong></span> <span class='ocrx_word' id='word_1_190' title='bbox 1012 2159 1212 2223; x_wconf 76' lang='lat' dir='ltr'><strong><em>Eucharistiae</em></strong></span> <span class='ocrx_word' id='word_1_191' title='bbox 1226 2161 1387 2241; x_wconf 88' lang='lat' dir='ltr'><strong><em>denegare;</em></strong></span> 
     </span>
     <span class='ocr_line' id='line_1_22' title="bbox 121 2246 1389 2330; baseline 0.003 -22"><span class='ocrx_word' id='word_1_192' title='bbox 121 2246 194 2326; x_wconf 87' lang='lat' dir='ltr'><strong><em>quia</em></strong></span> <span class='ocrx_word' id='word_1_193' title='bbox 206 2246 357 2311; x_wconf 91' lang='lat' dir='ltr'><strong><em>damnum</em></strong></span> <span class='ocrx_word' id='word_1_194' title='bbox 371 2249 457 2312; x_wconf 83' lang='lat' dir='ltr'><strong><em>facile</em></strong></span> <span class='ocrx_word' id='word_1_195' title='bbox 471 2250 603 2330; x_wconf 87' lang='lat' dir='ltr'><strong><em>reparari</em></strong></span> <span class='ocrx_word' id='word_1_196' title='bbox 617 2256 726 2329; x_wconf 92' lang='lat' dir='ltr'><strong><em>potest,</em></strong></span> <span class='ocrx_word' id='word_1_197' title='bbox 739 2267 794 2311; x_wconf 91' lang='lat' dir='ltr'><strong><em>nec</em></strong></span> <span class='ocrx_word' id='word_1_198' title='bbox 808 2249 950 2312; x_wconf 86' lang='lat' dir='ltr'><strong><em>subditus</em></strong></span> <span class='ocrx_word' id='word_1_199' title='bbox 965 2249 1032 2312; x_wconf 89' lang='lat' dir='ltr'><strong><em>idco</em></strong></span> <span class='ocrx_word' id='word_1_200' title='bbox 1047 2247 1180 2328; x_wconf 86' lang='lat' dir='ltr'><strong><em>graviter</em></strong></span> <span class='ocrx_word' id='word_1_201' title='bbox 1189 2249 1306 2312; x_wconf 85' lang='lat' dir='ltr'><strong><em>invitus</em></strong></span> <span class='ocrx_word' id='word_1_202' title='bbox 1322 2268 1389 2312; x_wconf 91' lang='lat' dir='ltr'><strong><em>cen·</em></strong></span> 
     </span>
     <span class='ocr_line' id='line_1_23' title="bbox 120 2341 214 2398; baseline 0 -2"><span class='ocrx_word' id='word_1_203' title='bbox 120 2341 214 2398; x_wconf 87' lang='lat' dir='ltr'><strong><em>setur.</em></strong></span> 
     </span>
    </p>

    <p class='ocr_par' dir='ltr' id='par_1_8' title="bbox 123 2423 1391 2774">
     <span class='ocr_line' id='line_1_24' title="bbox 163 2423 1391 2508; baseline 0.006 -23"><span class='ocrx_word' id='word_1_204' title='bbox 163 2428 194 2485; x_wconf 86' lang='grc'><strong><em>30</em></strong></span> <span class='ocrx_word' id='word_1_205' title='bbox 213 2423 244 2486; x_wconf 88' lang='lat' dir='ltr'><strong><em>Si</em></strong></span> <span class='ocrx_word' id='word_1_206' title='bbox 265 2425 383 2488; x_wconf 86' lang='lat' dir='ltr'><strong><em>subditi</em></strong></span> <span class='ocrx_word' id='word_1_207' title='bbox 408 2426 660 2491; x_wconf 88' lang='lat' dir='ltr'><strong><em>irrationabiliter</em></strong></span> <span class='ocrx_word' id='word_1_208' title='bbox 683 2434 804 2508; x_wconf 83' lang='lat' dir='ltr'><strong><em>petant,</em></strong></span> <span class='ocrx_word' id='word_1_209' title='bbox 828 2428 950 2492; x_wconf 88' lang='lat' dir='ltr'><strong><em>nullum</em></strong></span> <span class='ocrx_word' id='word_1_210' title='bbox 974 2432 1019 2489; x_wconf 89' lang='lat' dir='ltr'><strong><em>est</em></strong></span> <span class='ocrx_word' id='word_1_211' title='bbox 1040 2433 1208 2506; x_wconf 87' lang='lat' dir='ltr'><strong><em>peccatum.</em></strong></span> <span class='ocrx_word' id='word_1_212' title='bbox 1229 2428 1309 2491; x_wconf 90' lang='lat' dir='ltr'><strong><em>Hinc</em></strong></span> <span class='ocrx_word' id='word_1_213' title='bbox 1328 2447 1391 2492; x_wconf 91' lang='lat' dir='ltr'><strong><em>non</em></strong></span> 
     </span>
     <span class='ocr_line' id='line_1_25' title="bbox 124 2514 1391 2598; baseline 0.006 -24"><span class='ocrx_word' id='word_1_214' title='bbox 124 2518 244 2575; x_wconf 90' lang='lat' dir='ltr'><strong><em>tenetur</em></strong></span> <span class='ocrx_word' id='word_1_215' title='bbox 259 2514 410 2577; x_wconf 88' lang='lat' dir='ltr'><strong><em>Parccbus</em></strong></span> <span class='ocrx_word' id='word_1_216' title='bbox 423 2516 558 2598; x_wconf 87' lang='lat' dir='ltr'><strong><em>quotidie</em></strong></span> <span class='ocrx_word' id='word_1_217' title='bbox 570 2535 641 2580; x_wconf 90' lang='lat' dir='ltr'><strong><em>cum</em></strong></span> <span class='ocrx_word' id='word_1_218' title='bbox 654 2517 828 2598; x_wconf 85' lang='lat' dir='ltr'><strong><em>scrupulosa</em></strong></span> <span class='ocrx_word' id='word_1_219' title='bbox 841 2517 889 2578; x_wconf 86' lang='lat' dir='ltr'><strong><em>vel</em></strong></span> <span class='ocrx_word' id='word_1_220' title='bbox 902 2516 1051 2579; x_wconf 87' lang='lat' dir='ltr'><strong><em>devotulis</em></strong></span> <span class='ocrx_word' id='word_1_221' title='bbox 1063 2521 1184 2596; x_wconf 89' lang='lat' dir='ltr'><strong><em>tempus</em></strong></span> <span class='ocrx_word' id='word_1_222' title='bbox 1197 2521 1302 2592; x_wconf 86' lang='lat' dir='ltr'><strong><em>terere,</em></strong></span> <span class='ocrx_word' id='word_1_223' title='bbox 1319 2535 1391 2580; x_wconf 91' lang='lat' dir='ltr'><strong><em>cum</em></strong></span> 
     </span>
     <span class='ocr_line' id='line_1_26' title="bbox 123 2602 1391 2687; baseline 0.004 -24"><span class='ocrx_word' id='word_1_224' title='bbox 123 2605 186 2664; x_wconf 87' lang='lat' dir='ltr'><strong><em>tam</em></strong></span> <span class='ocrx_word' id='word_1_225' title='bbox 201 2602 342 2684; x_wconf 85' lang='lat' dir='ltr'><strong><em>frequens</em></strong></span> <span class='ocrx_word' id='word_1_226' title='bbox 359 2604 503 2668; x_wconf 80' lang='lat' dir='ltr'><strong><em>confessio</em></strong></span> <span class='ocrx_word' id='word_1_227' title='bbox 517 2605 587 2668; x_wconf 89' lang='lat' dir='ltr'><strong><em>istis</em></strong></span> <span class='ocrx_word' id='word_1_228' title='bbox 602 2625 664 2669; x_wconf 92' lang='lat' dir='ltr'><strong><em>non</em></strong></span> <span class='ocrx_word' id='word_1_229' title='bbox 681 2605 835 2687; x_wconf 80' lang='lat' dir='ltr'><strong><em>expediat,</em></strong></span> <span class='ocrx_word' id='word_1_230' title='bbox 852 2623 908 2668; x_wconf 91' lang='lat' dir='ltr'><strong><em>nec</em></strong></span> <span class='ocrx_word' id='word_1_231' title='bbox 922 2605 982 2686; x_wconf 88' lang='lat' dir='ltr'><strong><em>ipsi</em></strong></span> <span class='ocrx_word' id='word_1_232' title='bbox 993 2607 1045 2685; x_wconf 87' lang='lat' dir='ltr'><strong><em>jus</em></strong></span> <span class='ocrx_word' id='word_1_233' title='bbox 1061 2604 1204 2668; x_wconf 89' lang='lat' dir='ltr'><strong><em>strictum</em></strong></span> <span class='ocrx_word' id='word_1_234' title='bbox 1218 2607 1256 2669; x_wconf 89' lang='lat' dir='ltr'><strong><em>ad</em></strong></span> <span class='ocrx_word' id='word_1_235' title='bbox 1270 2606 1391 2669; x_wconf 90' lang='lat' dir='ltr'><strong><em>absolu·</em></strong></span> 
     </span>
     <span class='ocr_line' id='line_1_27' title="bbox 124 2688 674 2774; baseline 0.013 -23"><span class='ocrx_word' id='word_1_236' title='bbox 124 2688 237 2754; x_wconf 86' lang='lat' dir='ltr'><strong><em>tionem</em></strong></span> <span class='ocrx_word' id='word_1_237' title='bbox 252 2699 315 2754; x_wconf 88' lang='lat' dir='ltr'><strong><em>tam</em></strong></span> <span class='ocrx_word' id='word_1_238' title='bbox 328 2692 518 2774; x_wconf 84' lang='lat' dir='ltr'><strong><em>frequentem</em></strong></span> <span class='ocrx_word' id='word_1_239' title='bbox 533 2695 674 2758; x_wconf 89' lang='lat' dir='ltr'><strong><em>habeant.</em></strong></span> 
     </span>
    </p>

    <p class='ocr_par' dir='ltr' id='par_1_9' title="bbox 121 2779 1391 3112">
     <span class='ocr_line' id='line_1_28' title="bbox 160 2779 1391 2860; baseline 0.002 -18"><span class='ocrx_word' id='word_1_240' title='bbox 160 2783 194 2842; x_wconf 74' lang='grc'><strong><em>40</em></strong></span> <span class='ocrx_word' id='word_1_241' title='bbox 210 2779 242 2842; x_wconf 87' lang='lat' dir='ltr'><strong><em>Si</em></strong></span> <span class='ocrx_word' id='word_1_242' title='bbox 254 2782 406 2845; x_wconf 88' lang='lat' dir='ltr'><strong><em>Parccbus</em></strong></span> <span class='ocrx_word' id='word_1_243' title='bbox 421 2782 544 2846; x_wconf 90' lang='lat' dir='ltr'><strong><em>idoneos</em></strong></span> <span class='ocrx_word' id='word_1_244' title='bbox 558 2783 669 2846; x_wconf 88' lang='lat' dir='ltr'><strong><em>babeat</em></strong></span> <span class='ocrx_word' id='word_1_245' title='bbox 682 2784 828 2858; x_wconf 72' lang='lat' dir='ltr'><strong><em>vicariae,</em></strong></span> <span class='ocrx_word' id='word_1_246' title='bbox 845 2801 908 2846; x_wconf 92' lang='lat' dir='ltr'><strong><em>non</em></strong></span> <span class='ocrx_word' id='word_1_247' title='bbox 923 2781 1077 2844; x_wconf 89' lang='lat' dir='ltr'><strong><em>tenebitur</em></strong></span> <span class='ocrx_word' id='word_1_248' title='bbox 1090 2783 1163 2843; x_wconf 89' lang='lat' dir='ltr'><strong><em>adeo</em></strong></span> <span class='ocrx_word' id='word_1_249' title='bbox 1175 2782 1307 2860; x_wconf 86' lang='lat' dir='ltr'><strong><em>rigorose</em></strong></span> <span class='ocrx_word' id='word_1_250' title='bbox 1321 2800 1391 2844; x_wconf 91' lang='lat' dir='ltr'><strong><em>oon-</em></strong></span> 
     </span>
     <span class='ocr_line' id='line_1_29' title="bbox 123 2866 1391 2953; baseline 0.003 -25"><span class='ocrx_word' id='word_1_251' title='bbox 123 2866 267 2931; x_wconf 87' lang='lat' dir='ltr'><strong><em>lessiones</em></strong></span> <span class='ocrx_word' id='word_1_252' title='bbox 289 2871 481 2934; x_wconf 87' lang='lat' dir='ltr'><strong><em>subditorum</em></strong></span> <span class='ocrx_word' id='word_1_253' title='bbox 507 2872 657 2953; x_wconf 88' lang='lat' dir='ltr'><strong><em>excipere;</em></strong></span> <span class='ocrx_word' id='word_1_254' title='bbox 679 2872 767 2935; x_wconf 91' lang='lat' dir='ltr'><strong><em>debet</em></strong></span> <span class='ocrx_word' id='word_1_255' title='bbox 793 2879 895 2934; x_wconf 89' lang='lat' dir='ltr'><strong><em>tamen</em></strong></span> <span class='ocrx_word' id='word_1_256' title='bbox 919 2870 1059 2932; x_wconf 88' lang='lat' dir='ltr'><strong><em>fidelibus</em></strong></span> <span class='ocrx_word' id='word_1_257' title='bbox 1078 2869 1182 2950; x_wconf 89' lang='lat' dir='ltr'><strong><em>ipsum</em></strong></span> <span class='ocrx_word' id='word_1_258' title='bbox 1205 2868 1391 2932; x_wconf 86' lang='lat' dir='ltr'><strong><em>nominatim</em></strong></span> 
     </span>
     <span class='ocr_line' id='line_1_30' title="bbox 121 2956 1391 3040; baseline -0.002 -20"><span class='ocrx_word' id='word_1_259' title='bbox 121 2956 347 3038; x_wconf 73' lang='lat' dir='ltr'><strong><em>maturantibus</em></strong></span> <span class='ocrx_word' id='word_1_260' title='bbox 365 2959 549 3033; x_wconf 80' lang='lat' dir='ltr'><strong><em>satisfacere,</em></strong></span> <span class='ocrx_word' id='word_1_261' title='bbox 566 2961 628 3023; x_wconf 88' lang='lat' dir='ltr'><strong><em>nisi</em></strong></span> <span class='ocrx_word' id='word_1_262' title='bbox 649 2967 704 3023; x_wconf 90' lang='lat' dir='ltr'><strong><em>aut</em></strong></span> <span class='ocrx_word' id='word_1_263' title='bbox 726 2961 893 3040; x_wconf 88' lang='lat' dir='ltr'><strong><em>impeditus</em></strong></span> <span class='ocrx_word' id='word_1_264' title='bbox 912 2959 967 3034; x_wconf 88' lang='lat' dir='ltr'><strong><em>sit,</em></strong></span> <span class='ocrx_word' id='word_1_265' title='bbox 986 2965 1041 3020; x_wconf 88' lang='lat' dir='ltr'><strong><em>aut</em></strong></span> <span class='ocrx_word' id='word_1_266' title='bbox 1056 2957 1240 3038; x_wconf 71' lang='lat' dir='ltr'><strong><em>prenitentes</em></strong></span> <span class='ocrx_word' id='word_1_267' title='bbox 1261 2956 1391 3019; x_wconf 90' lang='lat' dir='ltr'><strong><em>libenter</em></strong></span> 
     </span>
     <span class='ocr_line' id='line_1_31' title="bbox 122 3045 674 3112; baseline 0.004 -5"><span class='ocrx_word' id='word_1_268' title='bbox 122 3045 219 3108; x_wconf 89' lang='lat' dir='ltr'><strong><em>alium</em></strong></span> <span class='ocrx_word' id='word_1_269' title='bbox 232 3047 457 3111; x_wconf 73' lang='lat' dir='ltr'><strong><em>confessarium</em></strong></span> <span class='ocrx_word' id='word_1_270' title='bbox 471 3049 535 3112; x_wconf 91' lang='lat' dir='ltr'><strong><em>sint</em></strong></span> <span class='ocrx_word' id='word_1_271' title='bbox 548 3049 674 3112; x_wconf 90' lang='lat' dir='ltr'><strong><em>adituri.</em></strong></span> 
     </span>
    </p>

    <p class='ocr_par' dir='ltr' id='par_1_10' title="bbox 121 3132 1394 3571">
     <span class='ocr_line' id='line_1_32' title="bbox 161 3132 1394 3219; baseline -0.002 -21"><span class='ocrx_word' id='word_1_272' title='bbox 161 3139 194 3198; x_wconf 80' lang='grc'><strong><em>50</em></strong></span> <span class='ocrx_word' id='word_1_273' title='bbox 208 3137 335 3197; x_wconf 89' lang='lat' dir='ltr'><strong><em>Peccant</em></strong></span> <span class='ocrx_word' id='word_1_274' title='bbox 351 3137 493 3217; x_wconf 80' lang='lat' dir='ltr'><strong><em>graviter,</em></strong></span> <span class='ocrx_word' id='word_1_275' title='bbox 509 3137 678 3216; x_wconf 79' lang='lat' dir='ltr'><strong><em>generatim</em></strong></span> <span class='ocrx_word' id='word_1_276' title='bbox 691 3138 852 3219; x_wconf 87' lang='lat' dir='ltr'><strong><em>loquendo,</em></strong></span> <span class='ocrx_word' id='word_1_277' title='bbox 866 3155 972 3201; x_wconf 90' lang='lat' dir='ltr'><strong><em>curam</em></strong></span> <span class='ocrx_word' id='word_1_278' title='bbox 988 3139 1124 3217; x_wconf 86' lang='lat' dir='ltr'><strong><em>&#39;gerentes</em></strong></span> <span class='ocrx_word' id='word_1_279' title='bbox 1137 3136 1323 3208; x_wconf 86' lang='lat' dir='ltr'><strong><em>animarum,</em></strong></span> <span class='ocrx_word' id='word_1_280' title='bbox 1338 3132 1394 3214; x_wconf 83' lang='lat' dir='ltr'><strong><em>qui</em></strong></span> 
     </span>
     <span class='ocr_line' id='line_1_33' title="bbox 123 3223 1392 3307; baseline -0.001 -22"><span class='ocrx_word' id='word_1_281' title='bbox 123 3223 318 3287; x_wconf 89' lang='lat' dir='ltr'><strong><em>subditorum</em></strong></span> <span class='ocrx_word' id='word_1_282' title='bbox 330 3224 528 3288; x_wconf 78' lang='lat' dir='ltr'><strong><em>confessiones</em></strong></span> <span class='ocrx_word' id='word_1_283' title='bbox 543 3225 679 3306; x_wconf 85' lang='lat' dir='ltr'><strong><em>excipere</em></strong></span> <span class='ocrx_word' id='word_1_284' title='bbox 693 3227 817 3301; x_wconf 90' lang='lat' dir='ltr'><strong><em>nolunt,</em></strong></span> <span class='ocrx_word' id='word_1_285' title='bbox 835 3226 897 3289; x_wconf 91' lang='lat' dir='ltr'><strong><em>nisi</em></strong></span> <span class='ocrx_word' id='word_1_286' title='bbox 911 3227 1015 3307; x_wconf 90' lang='lat' dir='ltr'><strong><em>paucis</em></strong></span> <span class='ocrx_word' id='word_1_287' title='bbox 1029 3224 1137 3287; x_wconf 90' lang='lat' dir='ltr'><strong><em>dicbus</em></strong></span> <span class='ocrx_word' id='word_1_288' title='bbox 1153 3223 1236 3287; x_wconf 91' lang='lat' dir='ltr'><strong><em>intra</em></strong></span> <span class='ocrx_word' id='word_1_289' title='bbox 1253 3239 1392 3285; x_wconf 90' lang='lat' dir='ltr'><strong><em>mensem</em></strong></span> 
     </span>
     <span class='ocr_line' id='line_1_34' title="bbox 124 3311 1390 3394; baseline -0.002 -20"><span class='ocrx_word' id='word_1_290' title='bbox 124 3313 351 3388; x_wconf 90' lang='lat' dir='ltr'><strong><em>determinatis;</em></strong></span> <span class='ocrx_word' id='word_1_291' title='bbox 368 3314 441 3394; x_wconf 90' lang='lat' dir='ltr'><strong><em>quia</em></strong></span> <span class='ocrx_word' id='word_1_292' title='bbox 453 3313 487 3374; x_wconf 91' lang='lat' dir='ltr'><strong><em>in</em></strong></span> <span class='ocrx_word' id='word_1_293' title='bbox 501 3331 592 3375; x_wconf 89' lang='lat' dir='ltr'><strong><em>causa</em></strong></span> <span class='ocrx_word' id='word_1_294' title='bbox 605 3319 680 3376; x_wconf 90' lang='lat' dir='ltr'><strong><em>sunt</em></strong></span> <span class='ocrx_word' id='word_1_295' title='bbox 689 3331 743 3375; x_wconf 92' lang='lat' dir='ltr'><strong><em>cur</em></strong></span> <span class='ocrx_word' id='word_1_296' title='bbox 752 3313 853 3376; x_wconf 84' lang='lat' dir='ltr'><strong><em>fideles</em></strong></span> <span class='ocrx_word' id='word_1_297' title='bbox 867 3314 901 3376; x_wconf 95' lang='lat' dir='ltr'><strong><em>in</em></strong></span> <span class='ocrx_word' id='word_1_298' title='bbox 916 3321 1000 3376; x_wconf 90' lang='lat' dir='ltr'><strong><em>statu</em></strong></span> <span class='ocrx_word' id='word_1_299' title='bbox 1011 3311 1123 3394; x_wconf 88' lang='lat' dir='ltr'><strong><em>peccati</em></strong></span> <span class='ocrx_word' id='word_1_300' title='bbox 1133 3312 1188 3374; x_wconf 93' lang='lat' dir='ltr'><strong><em>diu</em></strong></span> <span class='ocrx_word' id='word_1_301' title='bbox 1201 3316 1390 3384; x_wconf 87' lang='lat' dir='ltr'><strong><em>remaneant,</em></strong></span> 
     </span>
     <span class='ocr_line' id='line_1_35' title="bbox 125 3398 1394 3482; baseline -0.006 -18"><span class='ocrx_word' id='word_1_302' title='bbox 125 3407 155 3464; x_wconf 90' lang='lat' dir='ltr'><strong><em>et</em></strong></span> <span class='ocrx_word' id='word_1_303' title='bbox 178 3420 196 3463; x_wconf 89' lang='lat' dir='ltr'><strong><em>a</em></strong></span> <span class='ocrx_word' id='word_1_304' title='bbox 217 3401 420 3465; x_wconf 87' lang='lat' dir='ltr'><strong><em>Sacramentis</em></strong></span> <span class='ocrx_word' id='word_1_305' title='bbox 439 3401 639 3482; x_wconf 88' lang='lat' dir='ltr'><strong><em>suscipiendis</em></strong></span> <span class='ocrx_word' id='word_1_306' title='bbox 657 3406 827 3463; x_wconf 86' lang='lat' dir='ltr'><strong><em>arceantur.</em></strong></span> <span class='ocrx_word' id='word_1_307' title='bbox 844 3437 882 3448; x_wconf 85' lang='lat'><strong><em>-—</em></strong></span> <span class='ocrx_word' id='word_1_308' title='bbox 904 3401 976 3464; x_wconf 88' lang='lat' dir='ltr'><strong><em>Vide</em></strong></span> <span class='ocrx_word' id='word_1_309' title='bbox 996 3402 1031 3463; x_wconf 89' lang='lat' dir='ltr'><strong><em>S.</em></strong></span> <span class='ocrx_word' id='word_1_310' title='bbox 1047 3401 1132 3480; x_wconf 67' lang='lat' dir='ltr'><strong><em>Lip„</em></strong></span> <span class='ocrx_word' id='word_1_311' title='bbox 1146 3421 1177 3462; x_wconf 88' lang='lat' dir='ltr'><strong><em>n.</em></strong></span> <span class='ocrx_word' id='word_1_312' title='bbox 1197 3404 1251 3476; x_wconf 80' lang='lat'><strong><em>58,</em></strong></span> <span class='ocrx_word' id='word_1_313' title='bbox 1267 3407 1297 3462; x_wconf 85' lang='lat' dir='ltr'><strong><em>ct</em></strong></span> <span class='ocrx_word' id='word_1_314' title='bbox 1318 3398 1394 3460; x_wconf 85' lang='lat' dir='ltr'><strong><em>alibi</em></strong></span> 
     </span>
     <span class='ocr_line' id='line_1_36' title="bbox 121 3509 245 3571; baseline 0 -19"><span class='ocrx_word' id='word_1_315' title='bbox 121 3509 245 3571; x_wconf 77' lang='lat' dir='ltr'><strong><em>possem.</em></strong></span> 
     </span>
    </p>

    <p class='ocr_par' dir='ltr' id='par_1_11' title="bbox 163 3577 1394 3661">
     <span class='ocr_line' id='line_1_37' title="bbox 163 3577 1394 3661; baseline 0 -21"><span class='ocrx_word' id='word_1_316' title='bbox 163 3579 241 3643; x_wconf 90' lang='lat' dir='ltr'><strong><em>Vide</em></strong></span> <span class='ocrx_word' id='word_1_317' title='bbox 254 3581 343 3661; x_wconf 87' lang='lat' dir='ltr'><strong><em>plara</em></strong></span> <span class='ocrx_word' id='word_1_318' title='bbox 355 3580 409 3660; x_wconf 85' lang='lat' dir='ltr'><strong><em>nbi</em></strong></span> <span class='ocrx_word' id='word_1_319' title='bbox 424 3581 460 3643; x_wconf 95' lang='lat' dir='ltr'><strong><em>de</em></strong></span> <span class='ocrx_word' id='word_1_320' title='bbox 474 3578 605 3660; x_wconf 89' lang='lat' dir='ltr'><strong><em>singulis</em></strong></span> <span class='ocrx_word' id='word_1_321' title='bbox 619 3577 837 3654; x_wconf 88' lang='lat' dir='ltr'><strong><em>Sacramentis;</em></strong></span> <span class='ocrx_word' id='word_1_322' title='bbox 853 3585 884 3640; x_wconf 92' lang='lat' dir='ltr'><strong><em>et</em></strong></span> <span class='ocrx_word' id='word_1_323' title='bbox 898 3579 991 3641; x_wconf 90' lang='lat' dir='ltr'><strong><em>recole</em></strong></span> <span class='ocrx_word' id='word_1_324' title='bbox 1004 3577 1084 3640; x_wconf 84' lang='lat' dir='ltr'><strong><em>clieta</em></strong></span> <span class='ocrx_word' id='word_1_325' title='bbox 1098 3579 1135 3642; x_wconf 90' lang='lat' dir='ltr'><strong><em>de</em></strong></span> <span class='ocrx_word' id='word_1_326' title='bbox 1149 3577 1243 3641; x_wconf 89' lang='lat' dir='ltr'><strong><em>officio</em></strong></span> <span class='ocrx_word' id='word_1_327' title='bbox 1254 3577 1394 3640; x_wconf 82' lang='lat' dir='ltr'><strong><em>Parorbe-</em></strong></span> 
     </span>
    </p>
   </div>
   <div class='ocr_carea' id='block_1_5' title="bbox 122 3669 849 3750">
    <p class='ocr_par' dir='ltr' id='par_1_12' title="bbox 122 3669 849 3750">
     <span class='ocr_line' id='line_1_38' title="bbox 122 3669 849 3750; baseline -0.004 -18"><span class='ocrx_word' id='word_1_328' title='bbox 122 3685 193 3732; x_wconf 78' lang='lat' dir='ltr'><strong><em>rum</em></strong></span> <span class='ocrx_word' id='word_1_329' title='bbox 206 3671 241 3732; x_wconf 91' lang='lat' dir='ltr'><strong><em>in</em></strong></span> <span class='ocrx_word' id='word_1_330' title='bbox 257 3679 389 3732; x_wconf 83' lang='lat' dir='ltr'><strong><em>trac-tota</em></strong></span> <span class='ocrx_word' id='word_1_331' title='bbox 404 3670 440 3732; x_wconf 86' lang='lat' dir='ltr'><strong><em>dc</em></strong></span> <span class='ocrx_word' id='word_1_332' title='bbox 456 3669 609 3748; x_wconf 75' lang='lat' dir='ltr'><strong><em>Statilius,</em></strong></span> <span class='ocrx_word' id='word_1_333' title='bbox 627 3690 658 3728; x_wconf 88' lang='lat' dir='ltr'><strong><em>o.</em></strong></span> <span class='ocrx_word' id='word_1_334' title='bbox 676 3674 734 3732; x_wconf 91' lang='lat' dir='ltr'><strong><em>ll3</em></strong></span> <span class='ocrx_word' id='word_1_335' title='bbox 749 3677 849 3750; x_wconf 84' lang='lat' dir='ltr'><strong><em>etseq.</em></strong></span> 
     </span>
    </p>
   </div>
   <div class='ocr_carea' id='block_1_6' title="bbox 316 3895 1199 4084">
    <p class='ocr_par' dir='ltr' id='par_1_13' title="bbox 316 3895 1199 4084">
     <span class='ocr_line' id='line_1_39' title="bbox 316 3895 1199 3988; baseline -0.006 -23"><span class='ocrx_word' id='word_1_336' title='bbox 316 3897 393 3988; x_wconf 64' lang='lat'><strong><em>511.</em></strong></span> <span class='ocrx_word' id='word_1_337' title='bbox 409 3937 454 3948; x_wconf 94' lang='lat'>—</span> <span class='ocrx_word' id='word_1_338' title='bbox 474 3901 520 3966; x_wconf 88' lang='lat' dir='ltr'><strong><em>De</em></strong></span> <span class='ocrx_word' id='word_1_339' title='bbox 539 3899 743 3988; x_wconf 69' lang='lat' dir='ltr'><strong><em>obligatione</em></strong></span> <span class='ocrx_word' id='word_1_340' title='bbox 761 3897 953 3986; x_wconf 77' lang='lat' dir='ltr'><strong><em>denegandi</em></strong></span> <span class='ocrx_word' id='word_1_341' title='bbox 972 3895 1199 3965; x_wconf 84' lang='lat' dir='ltr'><strong><em>Sacramenta</em></strong></span> 
     </span>
     <span class='ocr_line' id='line_1_40' title="bbox 572 3996 942 4084; baseline 0 -22"><span class='ocrx_word' id='word_1_342' title='bbox 572 3997 727 4084; x_wconf 72' lang='lat' dir='ltr'><strong><em>indiguis</em></strong></span> <span class='ocrx_word' id='word_1_343' title='bbox 741 3996 942 4084; x_wconf 85' lang='lat' dir='ltr'><strong><em>petentibus.</em></strong></span> 
     </span>
    </p>
   </div>
   <div class='ocr_carea' id='block_1_7' title="bbox 163 4175 1406 4400">
    <p class='ocr_par' dir='ltr' id='par_1_14' title="bbox 163 4175 1406 4400">
     <span class='ocr_line' id='line_1_41' title="bbox 246 4175 731 4256; baseline -0.004 -16"><span class='ocrx_word' id='word_1_344' title='bbox 246 4175 501 4256; x_wconf 85' lang='lat' dir='ltr'><strong><em>Principium</em></strong></span> <span class='ocrx_word' id='word_1_345' title='bbox 525 4177 731 4256; x_wconf 79' lang='lat' dir='ltr'><strong><em>generale.</em></strong></span> 
     </span>
     <span class='ocr_line' id='line_1_42' title="bbox 163 4313 1406 4400; baseline -0.006 -18"><span class='ocrx_word' id='word_1_346' title='bbox 163 4323 234 4383; x_wconf 79' lang='grc'>111.</span> <span class='ocrx_word' id='word_1_347' title='bbox 244 4355 284 4366; x_wconf 93' lang='lat'><strong><em>—-</em></strong></span> <span class='ocrx_word' id='word_1_348' title='bbox 298 4320 437 4386; x_wconf 85' lang='lat' dir='ltr'><strong><em>Minister</em></strong></span> <span class='ocrx_word' id='word_1_349' title='bbox 448 4324 570 4382; x_wconf 90' lang='lat' dir='ltr'><strong><em>tenetur</em></strong></span> <span class='ocrx_word' id='word_1_350' title='bbox 583 4319 640 4381; x_wconf 90' lang='lat' dir='ltr'><strong><em>sub</em></strong></span> <span class='ocrx_word' id='word_1_351' title='bbox 653 4319 748 4400; x_wconf 85' lang='lat' dir='ltr'><strong><em>gravi,</em></strong></span> <span class='ocrx_word' id='word_1_352' title='bbox 760 4339 817 4400; x_wconf 85' lang='lat' dir='ltr'><strong><em>per</em></strong></span> <span class='ocrx_word' id='word_1_353' title='bbox 831 4338 861 4380; x_wconf 89' lang='lat' dir='ltr'><strong><em>se</em></strong></span> <span class='ocrx_word' id='word_1_354' title='bbox 877 4317 1031 4400; x_wconf 85' lang='lat' dir='ltr'><strong><em>loquendo,</em></strong></span> <span class='ocrx_word' id='word_1_355' title='bbox 1050 4320 1244 4380; x_wconf 86' lang='lat' dir='ltr'><strong><em>Sacramenta</em></strong></span> <span class='ocrx_word' id='word_1_356' title='bbox 1258 4313 1406 4394; x_wconf 90' lang='lat' dir='ltr'><strong><em>indignis·</em></strong></span> 
     </span>
    </p>
   </div>
   <div class='ocr_carea' id='block_1_8' title="bbox 23 4401 1395 4490">
    <p class='ocr_par' dir='ltr' id='par_1_15' title="bbox 23 4401 1395 4490">
     <span class='ocr_line' id='line_1_43' title="bbox 23 4401 1395 4490; baseline -0.007 -19"><span class='ocrx_word' id='word_1_357' title='bbox 23 4431 24 4436; x_wconf 48' lang='lat'>¹</span> <span class='ocrx_word' id='word_1_358' title='bbox 123 4409 282 4489; x_wconf 86' lang='lat' dir='ltr'><strong><em>denegare,</em></strong></span> <span class='ocrx_word' id='word_1_359' title='bbox 293 4408 366 4490; x_wconf 87' lang='lat' dir='ltr'><strong><em>quia</em></strong></span> <span class='ocrx_word' id='word_1_360' title='bbox 380 4408 429 4471; x_wconf 79' lang='lat' dir='ltr'><strong><em>lex</em></strong></span> <span class='ocrx_word' id='word_1_361' title='bbox 442 4407 592 4470; x_wconf 85' lang='lat' dir='ltr'><strong><em>naturalis</em></strong></span> <span class='ocrx_word' id='word_1_362' title='bbox 606 4407 719 4487; x_wconf 86' lang='lat' dir='ltr'><strong><em>obligat</em></strong></span> <span class='ocrx_word' id='word_1_363' title='bbox 731 4407 970 4487; x_wconf 89' lang='lat' dir='ltr'><strong><em>dispensatorem</em></strong></span> <span class='ocrx_word' id='word_1_364' title='bbox 985 4407 1023 4468; x_wconf 90' lang='lat' dir='ltr'><strong><em>ad</em></strong></span> <span class='ocrx_word' id='word_1_365' title='bbox 1037 4405 1117 4467; x_wconf 88' lang='lat' dir='ltr'><strong><em>bona</em></strong></span> <span class='ocrx_word' id='word_1_366' title='bbox 1131 4402 1254 4468; x_wconf 87' lang='lat' dir='ltr'><strong><em>Domini</em></strong></span> <span class='ocrx_word' id='word_1_367' title='bbox 1267 4401 1395 4466; x_wconf 86' lang='lat' dir='ltr'><strong><em>fideliter</em></strong></span> 
     </span>
    </p>
   </div>
   <div class='ocr_carea' id='block_1_9' title="bbox 127 4490 1396 4579">
    <p class='ocr_par' dir='ltr' id='par_1_16' title="bbox 127 4490 1396 4579">
     <span class='ocr_line' id='line_1_44' title="bbox 127 4490 1396 4579; baseline -0.006 -21"><span class='ocrx_word' id='word_1_368' title='bbox 127 4501 157 4558; x_wconf 89' lang='lat' dir='ltr'><strong><em>et</em></strong></span> <span class='ocrx_word' id='word_1_369' title='bbox 166 4500 257 4578; x_wconf 84' lang='lat' dir='ltr'><strong><em>juxta</em></strong></span> <span class='ocrx_word' id='word_1_370' title='bbox 271 4500 336 4579; x_wconf 83' lang='lat' dir='ltr'><strong><em>ejus</em></strong></span> <span class='ocrx_word' id='word_1_371' title='bbox 350 4497 540 4560; x_wconf 88' lang='lat' dir='ltr'><strong><em>voluntatem</em></strong></span> <span class='ocrx_word' id='word_1_372' title='bbox 556 4495 772 4576; x_wconf 88' lang='lat' dir='ltr'><strong><em>dispensanda;</em></strong></span> <span class='ocrx_word' id='word_1_373' title='bbox 790 4514 877 4576; x_wconf 89' lang='lat' dir='ltr'><strong><em>porra</em></strong></span> <span class='ocrx_word' id='word_1_374' title='bbox 892 4495 1032 4557; x_wconf 78' lang='lat' dir='ltr'><strong><em>voluntas</em></strong></span> <span class='ocrx_word' id='word_1_375' title='bbox 1048 4499 1127 4557; x_wconf 87' lang='lat' dir='ltr'><strong><em>certa</em></strong></span> <span class='ocrx_word' id='word_1_376' title='bbox 1149 4490 1262 4556; x_wconf 83' lang='lat' dir='ltr'><strong><em>Christi</em></strong></span> <span class='ocrx_word' id='word_1_377' title='bbox 1281 4495 1342 4564; x_wconf 90' lang='lat' dir='ltr'><strong><em>est,</em></strong></span> <span class='ocrx_word' id='word_1_378' title='bbox 1359 4495 1396 4551; x_wconf 91' lang='lat' dir='ltr'><strong><em>ut</em></strong></span> 
     </span>
    </p>
   </div>
   <div class='ocr_carea' id='block_1_10' title="bbox 0 0 1605 5036">
    <p class='ocr_par' dir='ltr' id='par_1_17' title="bbox 0 0 1605 5036">
     <span class='ocr_line' id='line_1_45' title="bbox 0 0 1605 5036; baseline 0 0"><span class='ocrx_word' id='word_1_379' title='bbox 0 0 1605 5036; x_wconf 95' lang='lat' dir='ltr'><strong><em> </em></strong></span> 
     </span>
    </p>
   </div>
  </div>
 </body>
</html>
