3198 5036
226 217 270 278 96
756 225 962 271 reserares

227 342 440 424 Baptismum,
462 339 748 411 confirmationem,
771 336 916 401 Ordinem
937 341 968 398 et
986 336 1229 412 Eucharistiam,
1246 357 1315 420 quat
1331 338 1405 402 olim
1422 341 1500 423 ipsis

229 431 475 494 ministrabatur.
491 431 616 492 Constat
630 446 667 490 ex
680 424 767 508 praxi
782 425 920 489 Ecclesiae
934 430 963 487 et
977 425 1129 488 sententia
1144 426 1318 502 communi,
1334 431 1390 491 eto.

266 523 317 583 111.
334 522 370 582 ln
381 517 495 581 adultis
509 517 547 579 ad
559 516 693 580 validam
701 519 968 580 Sacramenurum
978 513 1202 594 susceptionem
1216 515 1319 596 aliqua
1328 517 1501 597 requiritur

227 608 373 683 intentic;
394 607 546 688 quianon
562 611 609 668 est
623 603 822 678 conv'enienS,
836 609 874 665 ut
887 603 1008 665 adultus
1024 603 1239 679 sanchliretur,
1255 604 1317 666 nisi
1338 605 1422 668 velit.
1439 609 1501 670 Sed

225 717 280 778 pro
305 695 457 778 plerisque
479 692 683 759 Sacramentis
708 691 819 755 sufficit
841 690 974 754 intentio
992 691 1175 768 habitualis,
1198 692 1292 754 etiam
1315 695 1501 778 quandoque

226 785 351 849 confusa
363 791 502 858 tantum,
520 802 572 846 seu
585 781 751 863 implicita,
768 784 900 861 spectata
913 782 1060 860 cujusque
1079 781 1267 844 Sacramenti
1285 788 1411 860 natura;
1424 784 1502 864 quia

226 875 343 937 collatio
358 877 624 937 sacramentorum
637 878 684 933 est
697 870 838 950 quaem
853 867 977 930 donatio
988 873 1019 930 et
1032 868 1230 944 beneficium,
1245 871 1284 932 ad
1299 871 1381 950 quod
1394 889 1502 953 accep·

227 963 357 1026 tandum
369 960 481 1024 sufficit
496 959 662 1024 habitualis
675 958 819 1020 intentio.
834 961 925 1020 Seous
938 975 1010 1021 vero
1027 958 1192 1021 dicendum
1210 963 1256 1021 cst
1270 959 1307 1021 de
1325 959 1502 1024 conferente

226 1056 472 1124 Sacramentum
488 1049 575 1130 quia,
592 1065 663 1111 cunr
679 1065 766 1127 agere
785 1047 893 1108 debeat
910 1047 1001 1109 modo
1014 1047 1167 1123 humana,
1184 1065 1304 1109 necesse
1322 1053 1370 1109 est
1388 1055 1424 1112 ut
1445 1049 1501 1112 in-

226 1139 397 1204 tentionem
409 1139 517 1201 saltem
530 1137 695 1199 virtualem
708 1135 828 1198 habeat.

264 1230 314 1291 lv.
329 1229 377 1290 Ad
390 1233 496 1289 caetera
509 1228 704 1288 Sacrammta
723 1223 821 1285 valide
843 1222 1036 1303 suscipienda
1054 1225 1249 1306 praeexigitur
1269 1226 1420 1306 susceptio
1441 1229 1500 1290 Ba-

225 1316 348 1398 ptismi3
361 1316 451 1398 proin
460 1315 553 1377 homo
567 1332 630 1376 non
640 1312 811 1394 baptizatus
824 1311 1000 1374 nullatenus
1009 1318 1057 1374 est
1066 1331 1161 1392 capax
1174 1313 1306 1376 aliorum
1320 1319 1502 1378 Sacramen-

225 1411 340 1467 tcrum.
355 1403 445 1468 Ratio
459 1408 516 1477 est,
532 1402 606 1483 quia
619 1409 727 1464 catera
741 1403 937 1464 Sacramenta
951 1409 1025 1462 sunt
1039 1400 1184 1464 instituta
1201 1420 1255 1482 pro
1270 1403 1333 1464 sola
1346 1402 1498 1480 Ecclesia;

223 1511 313 1574 porro
331 1511 384 1573 per
402 1491 503 1554 solum
522 1490 715 1571 Baptismum
735 1489 876 1550 homines
894 1487 974 1550 liunt
993 1489 1133 1552 mambra
1150 1490 1299 1554 Ecclesia.
1315 1495 1432 1571 Ergo...
1451 1493 1501 1557 Sic

225 1580 366 1644 definivit
379 1579 536 1660 Eugenius
549 1581 589 1641 lv
604 1583 636 1639 in
651 1578 776 1640 Decreta
785 1595 845 1658 pro
857 1577 1008 1638 Armenia

347 1710 543 1787 Quaeslta.

264 1843 333 1904 Sit).
346 1875 385 1886 -
401 1840 502 1914 Quae.
523 1843 555 1900 l⁰
573 1838 621 1898 An
639 1836 818 1918 requiratur
835 1839 962 1898 attentio
983 1837 1014 1898 in
1033 1836 1165 1918 subjecto
1183 1836 1309 1914 adulto,
1329 1846 1363 1898 ut
1383 1838 1500 1901 Sacra-

223 1937 354 1991 mentum
368 1927 465 1989 aalide
480 1927 646 2009 suscipiat?

263 2019 353 2100 Hesp.
371 2015 450 2098 Nep.
462 2035 600 2098 prorsas.
617 2013 736 2078 Sufficit
749 2014 833 2077 enim
848 2015 990 2088 intentio,
1004 2019 1040 2077 ut
1049 2017 1115 2095 jam
1126 2015 1310 2096 explicatum
1324 2022 1384 2088 est,
1397 2013 1499 2079 etiam
1586 2003 1587 2068 ἶ

223 2107 257 2170 in
281 2104 486 2170 sacramentis
506 2123 575 2185 quae
594 2103 758 2183 requirnnt
776 2101 979 2165 intentionem
1002 2103 1182 2178 virtualem
1198 2103 1291 2178 ratio,
1317 2105 1390 2185 quia
1408 2114 1499 2170 actus
1586 2141 1587 2164 ι

224 2195 382 2258 humanus
399 2212 461 2256 non
477 2192 613 2274 procedit
627 2191 665 2254 ab
680 2192 853 2264 attentione,
870 2192 922 2252 sed
934 2211 952 2252 a
966 2191 1123 2254 voluntate
1137 2210 1191 2254 seu
1205 2193 1243 2254 ab
1258 2193 1440 2256 intentione.
1458 2229 1500 2242 -

223 2286 372 2347 Preterea
384 2281 526 2363 pleraque
540 2284 756 2354 Sacramenta,¹
766 2283 802 2341 ut
813 2278 931 2340 dictum
945 2286 1006 2354 est,
1021 2298 1060 2342 ne
1074 2280 1239 2343 virtualem
1255 2282 1380 2362 quidem
1394 2281 1500 2346 inten-

224 2372 341 2436 tionem
367 2369 544 2452 requirunt;
572 2387 642 2448 ergo
671 2387 690 2428 a
719 2367 848 2448 fortiori
870 2367 1071 2430 attentionem
1099 2387 1136 2430 ex
1159 2376 1244 2449 perte
1272 2369 1400 2451 subjecti
1432 2389 1498 2434 non

223 2461 396 2541 requirunt.
421 2461 548 2539 Insuper
570 2475 633 2520 non
659 2455 827 2538 requiritur
850 2455 979 2518 atuntio
1000 2455 1033 2518 in
1056 2457 1197 2521 Ministro
1212 2457 1251 2520 ad
1272 2458 1497 2522 conficiendrun

224 2553 471 2622 Sacramentum,
488 2551 523 2609 ut
534 2551 653 2609 constat
669 2563 705 2608 ex
721 2544 811 2608 dictis
826 2563 918 2625 supra
937 2567 967 2606 n.
984 2547 1040 2622 96;
1056 2564 1159 2626 ergon
1173 2547 1301 2628 fortiori
1316 2565 1378 2610 non
1392 2548 1498 2632 requi-

221 2635 303 2698 ritur
314 2635 348 2697 in
363 2635 506 2717 subjecta.
519 2671 558 2680 -—
569 2635 695 2717 Sporer,
711 2655 742 2695 n.
757 2637 826 2697 157.

262 2725 340 2788 Hinc
360 2723 475 2787 hustra
494 2723 645 2804 scrupulis
663 2722 826 2803 aliquando
844 2721 1026 2802 paenitentes
1040 2741 1078 2784 ex
1094 2741 1128 2786 ec
1145 2732 1313 2804 argrinum,
1329 2719 1411 2804 quod
1432 2724 1496 2787 dis·

224 2813 385 2876 tractinaas
399 2811 480 2893 passi
492 2811 608 2874 luerint
619 2812 695 2875 dum
707 2811 953 2886 absolvebantur,
970 2811 1018 2872 vel
1032 2813 1113 2892 quad
1125 2813 1256 2876 absoluti
1271 2813 1398 2888 fuerint,
1415 2813 1493 2894 quin
1585 2903 1586 2906 Ἴ

222 2905 260 2966 ad
274 2903 307 2965 id
321 2899 604 2964 animadverterint.

261 2995 332 3056 230.
347 2994 499 3066 -Qunm
515 2993 548 3052 2⁰
563 2989 706 3064 Quartam
718 2992 846 3050 intentio
862 2991 1040 3070 requiratur
1053 2993 1086 3050 in'
1102 2989 1213 3052 adultis
1221 3009 1280 3072 pro
1291 2990 1420 3071 sinqulis
1431 2989 1493 3052 Sa·

196 3159 199 3166 Ι
221 3083 384 3142 oramentis
397 3077 619 3160 suscipiendis?

265 3171 352 3252 Hesp.
371 3174 422 3232 1⁰:
439 3168 487 3229 Aa
506 3166 699 3246 Baptismum
719 3165 818 3229 valide
834 3165 1042 3247 recipiendum
1066 3167 1099 3229 in
1119 3167 1230 3230 adultis
1251 3167 1420 3249 requiritur
1438 3169 1494 3231 in·
1585 3189 1586 3224 ι

222 3257 318 3321 lentio
334 3258 442 3320 saltem
460 3254 635 3332 habitualis,
648 3271 716 3336 quae
726 3253 819 3318 suerit
831 3260 920 3317 arrtca
933 3273 1085 3335 expressa,
1100 3263 1131 3320 et
1141 3275 1302 3337 nunquam
1315 3261 1493 3320 retractata.
1585 3289 1586 3306 .

221 3346 327 3428 Aliqui
353 3352 458 3407 lamen
481 3342 589 3406 dicunt
612 3342 747 3406 sufficere
770 3344 959 3406 volantatem
990 3344 1140 3426 Baptismi
1164 3343 1365 3425 implicitam,
1391 3343 1494 3425 qualis

222 3443 300 3499 esset
314 3435 349 3498 in
363 3453 397 3497 eo
411 3433 466 3514 qui
479 3431 605 3494 haberet
616 3433 808 3495 voluntatem
821 3433 984 3513 peragendi
995 3433 1100 3496 omnia
1111 3433 1148 3496 ad
1163 3434 1293 3496 salutem
1309 3433 1492 3496 necessaria.

221 3561 260 3570 —-
281 3523 348 3588 Via.
359 3522 394 3585 S.
409 3521 518 3604 Alpa,
530 3541 561 3582 a.
578 3525 628 3585 81.

261 3618 293 3676 2⁰
311 3615 358 3676 Ad
371 3610 642 3675 confirmationem
662 3609 773 3673 sufficit
785 3611 926 3673 voluntas
940 3610 1119 3687 habitualis,
1136 3609 1231 3673 etiam
1246 3611 1407 3692 implicita,
1425 3612 1491 3688 vel,

221 3706 256 3763 ut
267 3701 343 3765 dicit
356 3702 392 3763 S.
407 3701 491 3784 Lip,
511 3703 753 3782 interpretativa.
770 3735 809 3743 -
828 3697 877 3762 Sic
893 3698 1020 3761 conservi
1036 3705 1137 3779 potest
1152 3699 1493 3776 moribundosensibus

221 3789 378 3854 destituto.
392 3789 478 3851 -S.
495 3789 563 3869 Lip.
583 3808 614 3849 n.
627 3792 684 3863 82,
700 3795 757 3850 elo.

261 3881 294 3942 3ο
307 3880 355 3941 Ad
369 3875 588 3944 Paenitentiam
602 3875 771 3957 requiritur
784 3875 914 3938 intentio
930 3877 978 3938 vel
989 3875 1133 3956 alcala,
1150 3877 1197 3938 vel
1213 3877 1319 3940 saltem
1331 3877 1473 3939 virtualis
1477 3902 1492 3950 ,-

222 3983 277 4028 neo
289 3966 415 4046 proinde
426 3965 559 4028 intentio
567 3963 734 4027 habitualis
749 3961 870 4026 sufficit.
886 4001 926 4010 -
939 3966 975 4027 S.
990 3965 1059 4046 Lip.
1076 3985 1107 4026 n.
1123 3970 1174 4030 82.

262 4059 295 4116 4⁰
311 4055 358 4116 Ad
379 4057 556 4118 Extremam
577 4053 758 4118 unctionem
777 4051 889 4116 sufficit
907 4053 1039 4118 intentio
1062 4054 1241 4132 habitualis,
1255 4056 1301 4118 vel
1321 4055 1488 4137 implicita,

222 4163 276 4206 seu
296 4143 540 4224 interpretation,
561 4150 597 4204 ut
616 4141 723 4204 dicunt
744 4141 949 4206 communiter
967 4143 1115 4224 theologi,
1131 4151 1164 4206 et
1183 4151 1303 4206 constat
1321 4163 1358 4208 ex
1371 4143 1492 4206 Bitunia·

220 4233 374 4306 Romano,
402 4230 456 4294 ubi
477 4233 513 4294 dc
534 4251 568 4294 ea
588 4230 723 4294 dicitur:
737 4229 804 4292 Hoc
824 4230 1056 4294 Sacramentum
1080 4241 1122 4294 est
1137 4233 1328 4314 praebendum
1354 4232 1491 4296 sensibus
1584 4263 1585 4320 3

221 4321 386 4472 ‘iiim'
404 4323 539 4402 quiante
556 4319 632 4381 illud
645 4323 801 4402 petierunt
820 4339 870 4380 sea
889 4321 1092 4384 uerisimiliter
1103 4324 1270 4404 petiissent.
1288 4357 1328 4366 -
1347 4323 1381 4383 S.
1403 4321 1488 4402 [ἐφη

219 4433 229 4472 a
253 4431 262 4472 r
287 4458 294 4470 .

260 4504 292 4563 5⁰
306 4499 354 4561 Ad
372 4495 517 4562 Ordinem
532 4504 610 4560 certo
629 4497 663 4560 in
680 4499 783 4562 adulto
797 4517 860 4562 non
875 4499 986 4562 sufficit
1003 4499 1135 4564 intentio
1149 4504 1397 4582 interpretativa,
1414 4497 1491 4578 quia
1584 4485 1585 4530 ἢ
