<?xml version="1.0" encoding="UTF-8"?>
<!DOCTYPE html PUBLIC "-//W3C//DTD XHTML 1.0 Transitional//EN"
    "http://www.w3.org/TR/xhtml1/DTD/xhtml1-transitional.dtd">
<html xmlns="http://www.w3.org/1999/xhtml" xml:lang="en" lang="en">
 <head>
  <title>
</title>
<meta http-equiv="Content-Type" content="text/html;charset=utf-8" />
  <meta name='ocr-system' content='tesseract 3.04.00' />
  <meta name='ocr-capabilities' content='ocr_page ocr_carea ocr_par ocr_line ocrx_word'/>
</head>
<body>
  <div class='ocr_page' id='page_1' title='image "./compendiumtheol03gurygoog_0223.png"; bbox 0 0 3220 5042; ppageno 0'>
   <div class='ocr_carea' id='block_1_1' title="bbox 230 191 976 252">
    <p class='ocr_par' dir='ltr' id='par_1_1' title="bbox 230 191 976 252">
     <span class='ocr_line' id='line_1_1' title="bbox 230 191 976 252; baseline -0.008 0"><span class='ocrx_word' id='word_1_1' title='bbox 230 191 300 252; x_wconf 61' lang='lat' dir='ltr'><strong>itt)</strong></span> <span class='ocrx_word' id='word_1_2' title='bbox 763 201 976 248; x_wconf 72' lang='lat' dir='ltr'><strong>ratararus</strong></span> 
     </span>
    </p>
   </div>
   <div class='ocr_carea' id='block_1_2' title="bbox 182 311 1601 2169">
    <p class='ocr_par' dir='ltr' id='par_1_2' title="bbox 229 311 1505 468">
     <span class='ocr_line' id='line_1_2' title="bbox 229 311 1505 393; baseline -0.003 -13"><span class='ocrx_word' id='word_1_3' title='bbox 229 313 377 380; x_wconf 70' lang='lat' dir='ltr'><strong>satisfacit</strong></span> <span class='ocrx_word' id='word_1_4' title='bbox 397 311 577 393; x_wconf 87' lang='lat' dir='ltr'><strong>obligationi</strong></span> <span class='ocrx_word' id='word_1_5' title='bbox 603 311 800 376; x_wconf 86' lang='lat' dir='ltr'><strong>confessionis</strong></span> <span class='ocrx_word' id='word_1_6' title='bbox 823 312 924 392; x_wconf 85' lang='lat' dir='ltr'><strong>quoad</strong></span> <span class='ocrx_word' id='word_1_7' title='bbox 945 311 1035 375; x_wconf 90' lang='lat' dir='ltr'><strong>illum</strong></span> <span class='ocrx_word' id='word_1_8' title='bbox 1056 328 1225 374; x_wconf 77' lang='lat' dir='ltr'><strong>excessum.</strong></span> <span class='ocrx_word' id='word_1_9' title='bbox 1249 314 1366 391; x_wconf 82' lang='lat' dir='ltr'><strong>Ergo...</strong></span> <span class='ocrx_word' id='word_1_10' title='bbox 1391 313 1505 376; x_wconf 85' lang='lat' dir='ltr'><strong>-lta</strong></span> 
     </span>
     <span class='ocr_line' id='line_1_3' title="bbox 229 424 341 468; baseline -0.018 0"><span class='ocrx_word' id='word_1_11' title='bbox 229 424 341 468; x_wconf 70' lang='grc'><strong>07447488.</strong></span> 
     </span>
    </p>

    <p class='ocr_par' dir='ltr' id='par_1_3' title="bbox 224 489 1506 665">
     <span class='ocr_line' id='line_1_4' title="bbox 268 489 1506 574; baseline -0.004 -16"><span class='ocrx_word' id='word_1_12' title='bbox 268 496 369 569; x_wconf 76' lang='lat' dir='ltr'><strong>Qum.</strong></span> <span class='ocrx_word' id='word_1_13' title='bbox 387 496 420 556; x_wconf 78' lang='lat'><strong>3⁰</strong></span> <span class='ocrx_word' id='word_1_14' title='bbox 434 490 553 574; x_wconf 77' lang='lat' dir='ltr'><strong>Siquis</strong></span> <span class='ocrx_word' id='word_1_15' title='bbox 565 491 717 552; x_wconf 72' lang='lat' dir='ltr'><strong>erraverit</strong></span> <span class='ocrx_word' id='word_1_16' title='bbox 733 491 911 552; x_wconf 78' lang='lat' dir='ltr'><em>notabiliter</em></span> <span class='ocrx_word' id='word_1_17' title='bbox 927 489 1136 572; x_wconf 74' lang='lat' dir='ltr'><strong>exaggeranda</strong></span> <span class='ocrx_word' id='word_1_18' title='bbox 1151 507 1325 564; x_wconf 68' lang='lat' dir='ltr'><strong>nomm,</strong></span> <span class='ocrx_word' id='word_1_19' title='bbox 1341 508 1382 552; x_wconf 83' lang='lat' dir='ltr'><strong>aa</strong></span> <span class='ocrx_word' id='word_1_20' title='bbox 1397 489 1506 553; x_wconf 76' lang='lat' dir='ltr'><strong>deleat</strong></span> 
     </span>
     <span class='ocr_line' id='line_1_5' title="bbox 224 572 1206 665; baseline -0.003 -23"><span class='ocrx_word' id='word_1_21' title='bbox 224 592 332 665; x_wconf 80' lang='lat' dir='ltr'><strong>postea</strong></span> <span class='ocrx_word' id='word_1_22' title='bbox 345 579 381 642; x_wconf 82' lang='lat' dir='ltr'><strong>id</strong></span> <span class='ocrx_word' id='word_1_23' title='bbox 393 598 510 662; x_wconf 80' lang='lat' dir='ltr'><strong>qaoque</strong></span> <span class='ocrx_word' id='word_1_24' title='bbox 522 583 556 640; x_wconf 82' lang='lat' dir='ltr'><strong>in</strong></span> <span class='ocrx_word' id='word_1_25' title='bbox 570 578 758 660; x_wconf 70' lang='lat' dir='ltr'><strong>consessione</strong></span> <span class='ocrx_word' id='word_1_26' title='bbox 773 578 948 642; x_wconf 81' lang='lat' dir='ltr'><strong>declarare?</strong></span> <span class='ocrx_word' id='word_1_27' title='bbox 1202 572 1206 582; x_wconf 83' lang='lat'>&#39;</span> 
     </span>
    </p>

    <p class='ocr_par' dir='ltr' id='par_1_4' title="bbox 222 667 1506 1013">
     <span class='ocr_line' id='line_1_6' title="bbox 267 667 1506 752; baseline -0.002 -19"><span class='ocrx_word' id='word_1_28' title='bbox 267 671 357 752; x_wconf 69' lang='grc' dir='ltr'><strong>Κεφ.</strong></span> <span class='ocrx_word' id='word_1_29' title='bbox 376 669 469 750; x_wconf 68' lang='lat' dir='ltr'><strong>Nep,</strong></span> <span class='ocrx_word' id='word_1_30' title='bbox 485 667 513 730; x_wconf 90' lang='lat' dir='ltr'><strong>si</strong></span> <span class='ocrx_word' id='word_1_31' title='bbox 530 667 610 732; x_wconf 86' lang='lat' dir='ltr'><strong>bona</strong></span> <span class='ocrx_word' id='word_1_32' title='bbox 624 667 683 732; x_wconf 88' lang='lat' dir='ltr'><strong>lide</strong></span> <span class='ocrx_word' id='word_1_33' title='bbox 696 685 863 730; x_wconf 87' lang='lat' dir='ltr'><strong>numerum</strong></span> <span class='ocrx_word' id='word_1_34' title='bbox 876 667 975 731; x_wconf 91' lang='lat' dir='ltr'><strong>istum</strong></span> <span class='ocrx_word' id='word_1_35' title='bbox 989 667 1167 731; x_wconf 66' lang='lat' dir='ltr'><strong>notabiliter</strong></span> <span class='ocrx_word' id='word_1_36' title='bbox 1182 670 1331 748; x_wconf 86' lang='lat' dir='ltr'><strong>majorem</strong></span> <span class='ocrx_word' id='word_1_37' title='bbox 1344 685 1506 748; x_wconf 85' lang='lat' dir='ltr'><strong>expresse-</strong></span> 
     </span>
     <span class='ocr_line' id='line_1_7' title="bbox 222 755 1506 838; baseline -0.002 -15"><span class='ocrx_word' id='word_1_38' title='bbox 222 759 280 823; x_wconf 81' lang='lat' dir='ltr'><strong>rit.</strong></span> <span class='ocrx_word' id='word_1_39' title='bbox 297 755 386 824; x_wconf 86' lang='lat' dir='ltr'><strong>Ratio</strong></span> <span class='ocrx_word' id='word_1_40' title='bbox 398 760 459 833; x_wconf 85' lang='lat' dir='ltr'><strong>est,</strong></span> <span class='ocrx_word' id='word_1_41' title='bbox 475 755 649 838; x_wconf 85' lang='lat' dir='ltr'><strong>quiaplene</strong></span> <span class='ocrx_word' id='word_1_42' title='bbox 660 762 692 819; x_wconf 88' lang='lat' dir='ltr'><strong>et</strong></span> <span class='ocrx_word' id='word_1_43' title='bbox 705 755 823 836; x_wconf 77' lang='lat' dir='ltr'><strong>integre</strong></span> <span class='ocrx_word' id='word_1_44' title='bbox 835 755 979 818; x_wconf 79' lang='lat' dir='ltr'><strong>satisfecit</strong></span> <span class='ocrx_word' id='word_1_45' title='bbox 995 755 1174 836; x_wconf 87' lang='lat' dir='ltr'><strong>obligationi</strong></span> <span class='ocrx_word' id='word_1_46' title='bbox 1185 755 1397 832; x_wconf 84' lang='lat' dir='ltr'><strong>confessionis;</strong></span> <span class='ocrx_word' id='word_1_47' title='bbox 1415 775 1506 820; x_wconf 86' lang='lat' dir='ltr'><strong>verus</strong></span> 
     </span>
     <span class='ocr_line' id='line_1_8' title="bbox 226 843 1503 928; baseline -0.004 -17"><span class='ocrx_word' id='word_1_48' title='bbox 226 847 313 912; x_wconf 84' lang='lat' dir='ltr'><strong>enim</strong></span> <span class='ocrx_word' id='word_1_49' title='bbox 325 863 477 910; x_wconf 89' lang='lat' dir='ltr'><strong>numerus</strong></span> <span class='ocrx_word' id='word_1_50' title='bbox 490 844 526 908; x_wconf 91' lang='lat' dir='ltr'><strong>iu</strong></span> <span class='ocrx_word' id='word_1_51' title='bbox 539 847 653 926; x_wconf 88' lang='lat' dir='ltr'><strong>majore</strong></span> <span class='ocrx_word' id='word_1_52' title='bbox 666 843 728 908; x_wconf 85' lang='lat' dir='ltr'><strong>fuit</strong></span> <span class='ocrx_word' id='word_1_53' title='bbox 741 844 993 925; x_wconf 84' lang='lat' dir='ltr'><strong>comprehensus,</strong></span> <span class='ocrx_word' id='word_1_54' title='bbox 1010 845 1143 926; x_wconf 87' lang='lat' dir='ltr'><strong>adeoque</strong></span> <span class='ocrx_word' id='word_1_55' title='bbox 1157 843 1316 908; x_wconf 84' lang='lat' dir='ltr'><strong>remissus.</strong></span> <span class='ocrx_word' id='word_1_56' title='bbox 1328 844 1503 928; x_wconf 22' lang='lat' dir='ltr'><strong>-7ultecter,</strong></span> 
     </span>
     <span class='ocr_line' id='line_1_9' title="bbox 226 934 691 1013; baseline -0.009 -15"><span class='ocrx_word' id='word_1_57' title='bbox 226 955 258 999; x_wconf 80' lang='lat' dir='ltr'><strong>a.</strong></span> <span class='ocrx_word' id='word_1_58' title='bbox 275 941 350 1013; x_wconf 80' lang='lat'><strong>31³,</strong></span> <span class='ocrx_word' id='word_1_59' title='bbox 366 945 394 998; x_wconf 92' lang='lat' dir='ltr'><strong>et</strong></span> <span class='ocrx_word' id='word_1_60' title='bbox 411 934 468 996; x_wconf 83' lang='lat' dir='ltr'><strong>alii</strong></span> <span class='ocrx_word' id='word_1_61' title='bbox 481 936 691 996; x_wconf 79' lang='lat' dir='ltr'><strong>communiter.</strong></span> 
     </span>
    </p>

    <p class='ocr_par' dir='ltr' id='par_1_5' title="bbox 225 1022 1506 1178">
     <span class='ocr_line' id='line_1_10' title="bbox 265 1022 1506 1104; baseline -0.002 -16"><span class='ocrx_word' id='word_1_62' title='bbox 265 1030 337 1088; x_wconf 94' lang='grc'><strong>474.</strong></span> <span class='ocrx_word' id='word_1_63' title='bbox 357 1059 398 1072; x_wconf 87' lang='lat'><strong>-—</strong></span> <span class='ocrx_word' id='word_1_64' title='bbox 416 1024 518 1099; x_wconf 79' lang='lat' dir='ltr'><strong>Qum.</strong></span> <span class='ocrx_word' id='word_1_65' title='bbox 538 1026 572 1086; x_wconf 83' lang='grc' dir='ltr'><strong>4ο</strong></span> <span class='ocrx_word' id='word_1_66' title='bbox 589 1023 641 1084; x_wconf 83' lang='lat' dir='ltr'><strong>Aa</strong></span> <span class='ocrx_word' id='word_1_67' title='bbox 660 1022 701 1084; x_wconf 79' lang='lat' dir='ltr'><strong>sit</strong></span> <span class='ocrx_word' id='word_1_68' title='bbox 721 1041 838 1103; x_wconf 84' lang='lat' dir='ltr'><strong>semper</strong></span> <span class='ocrx_word' id='word_1_69' title='bbox 854 1033 1012 1104; x_wconf 83' lang='lat' dir='ltr'><strong>peccatam</strong></span> <span class='ocrx_word' id='word_1_70' title='bbox 1033 1022 1162 1083; x_wconf 83' lang='lat' dir='ltr'><strong>mortale</strong></span> <span class='ocrx_word' id='word_1_71' title='bbox 1182 1025 1310 1084; x_wconf 65' lang='lat' dir='ltr'><strong>mentiri</strong></span> <span class='ocrx_word' id='word_1_72' title='bbox 1328 1023 1362 1084; x_wconf 82' lang='lat' dir='ltr'><strong>t&#39;a</strong></span> <span class='ocrx_word' id='word_1_73' title='bbox 1385 1023 1506 1104; x_wconf 77' lang='lat' dir='ltr'><strong>confec·</strong></span> 
     </span>
     <span class='ocr_line' id='line_1_11' title="bbox 225 1113 1196 1178; baseline -0.005 0"><span class='ocrx_word' id='word_1_74' title='bbox 225 1113 330 1178; x_wconf 83' lang='lat' dir='ltr'><strong>sione?</strong></span> <span class='ocrx_word' id='word_1_75' title='bbox 1194 1143 1196 1150; x_wconf 87' lang='lat'><em>·</em></span> 
     </span>
    </p>

    <p class='ocr_par' dir='ltr' id='par_1_6' title="bbox 225 1199 1507 1532">
     <span class='ocr_line' id='line_1_12' title="bbox 266 1199 1505 1284; baseline -0.002 -18"><span class='ocrx_word' id='word_1_76' title='bbox 266 1203 354 1284; x_wconf 83' lang='lat' dir='ltr'><strong>Resp.</strong></span> <span class='ocrx_word' id='word_1_77' title='bbox 367 1221 380 1264; x_wconf 93' lang='grc'><strong>.·</strong></span> <span class='ocrx_word' id='word_1_78' title='bbox 397 1201 459 1264; x_wconf 88' lang='lat' dir='ltr'><strong>Per</strong></span> <span class='ocrx_word' id='word_1_79' title='bbox 475 1221 504 1263; x_wconf 82' lang='lat' dir='ltr'><strong>sa</strong></span> <span class='ocrx_word' id='word_1_80' title='bbox 523 1206 599 1264; x_wconf 88' lang='lat' dir='ltr'><strong>tunc</strong></span> <span class='ocrx_word' id='word_1_81' title='bbox 616 1199 717 1262; x_wconf 90' lang='lat' dir='ltr'><strong>solum</strong></span> <span class='ocrx_word' id='word_1_82' title='bbox 734 1205 876 1280; x_wconf 88' lang='lat' dir='ltr'><strong>peccatur</strong></span> <span class='ocrx_word' id='word_1_83' title='bbox 889 1200 1070 1273; x_wconf 87' lang='lat' dir='ltr'><strong>mortaliter,</strong></span> <span class='ocrx_word' id='word_1_84' title='bbox 1087 1199 1209 1280; x_wconf 67' lang='lat' dir='ltr'><strong>quanm</strong></span> <span class='ocrx_word' id='word_1_85' title='bbox 1225 1199 1423 1262; x_wconf 82' lang='lat' dir='ltr'><strong>mendacium</strong></span> <span class='ocrx_word' id='word_1_86' title='bbox 1437 1218 1505 1264; x_wconf 79' lang='lat' dir='ltr'><strong>ver-</strong></span> 
     </span>
     <span class='ocr_line' id='line_1_13' title="bbox 226 1287 1507 1368; baseline -0.003 -13"><span class='ocrx_word' id='word_1_87' title='bbox 226 1298 314 1355; x_wconf 89' lang='lat' dir='ltr'><strong>satur</strong></span> <span class='ocrx_word' id='word_1_88' title='bbox 327 1290 406 1354; x_wconf 90' lang='lat' dir='ltr'><strong>circa</strong></span> <span class='ocrx_word' id='word_1_89' title='bbox 416 1288 580 1353; x_wconf 89' lang='lat' dir='ltr'><strong>materiam</strong></span> <span class='ocrx_word' id='word_1_90' title='bbox 593 1291 790 1350; x_wconf 81' lang='lat' dir='ltr'><strong>neeessariam</strong></span> <span class='ocrx_word' id='word_1_91' title='bbox 804 1287 1002 1350; x_wconf 89' lang='lat' dir='ltr'><strong>confessionis</strong></span> <span class='ocrx_word' id='word_1_92' title='bbox 1014 1288 1080 1351; x_wconf 89' lang='lat' dir='ltr'><strong>sinc</strong></span> <span class='ocrx_word' id='word_1_93' title='bbox 1090 1291 1176 1368; x_wconf 86' lang='lat' dir='ltr'><strong>justa</strong></span> <span class='ocrx_word' id='word_1_94' title='bbox 1189 1305 1281 1350; x_wconf 84' lang='lat' dir='ltr'><strong>rausa</strong></span> <span class='ocrx_word' id='word_1_95' title='bbox 1292 1288 1437 1362; x_wconf 89' lang='lat' dir='ltr'><strong>celatam,</strong></span> <span class='ocrx_word' id='word_1_96' title='bbox 1449 1295 1507 1351; x_wconf 90' lang='lat' dir='ltr'><strong>aut</strong></span> 
     </span>
     <span class='ocr_line' id='line_1_14' title="bbox 228 1375 1506 1458; baseline -0.003 -15"><span class='ocrx_word' id='word_1_97' title='bbox 228 1379 307 1444; x_wconf 89' lang='lat' dir='ltr'><strong>circa</strong></span> <span class='ocrx_word' id='word_1_98' title='bbox 318 1377 482 1442; x_wconf 87' lang='lat' dir='ltr'><strong>materiam</strong></span> <span class='ocrx_word' id='word_1_99' title='bbox 496 1393 621 1458; x_wconf 66' lang='lat' dir='ltr'><strong>marem</strong></span> <span class='ocrx_word' id='word_1_100' title='bbox 632 1375 706 1440; x_wconf 85' lang='lat' dir='ltr'><strong>falso</strong></span> <span class='ocrx_word' id='word_1_101' title='bbox 718 1375 924 1456; x_wconf 75' lang='lat' dir='ltr'><strong>suppositam,</strong></span> <span class='ocrx_word' id='word_1_102' title='bbox 937 1375 1050 1439; x_wconf 86' lang='lat' dir='ltr'><strong>scilicet</strong></span> <span class='ocrx_word' id='word_1_103' title='bbox 1061 1376 1230 1438; x_wconf 88' lang='lat' dir='ltr'><strong>accusando</strong></span> <span class='ocrx_word' id='word_1_104' title='bbox 1241 1383 1401 1455; x_wconf 88' lang='lat' dir='ltr'><strong>peccatum</strong></span> <span class='ocrx_word' id='word_1_105' title='bbox 1413 1395 1506 1458; x_wconf 79' lang='lat' dir='ltr'><strong>grane</strong></span> 
     </span>
     <span class='ocr_line' id='line_1_15' title="bbox 225 1466 516 1532; baseline -0.014 0"><span class='ocrx_word' id='word_1_106' title='bbox 225 1485 291 1532; x_wconf 89' lang='lat' dir='ltr'><strong>non</strong></span> <span class='ocrx_word' id='word_1_107' title='bbox 305 1466 516 1532; x_wconf 77' lang='lat' dir='ltr'><strong>comnussum.</strong></span> 
     </span>
    </p>

    <p class='ocr_par' dir='ltr' id='par_1_7' title="bbox 182 1551 1601 2512">
     <span class='ocr_line' id='line_1_16' title="bbox 266 1551 1506 1634; baseline -0.004 -12"><span class='ocrx_word' id='word_1_108' title='bbox 266 1555 462 1622; x_wconf 84' lang='lat' dir='ltr'><strong>Mendacium</strong></span> <span class='ocrx_word' id='word_1_109' title='bbox 476 1553 573 1634; x_wconf 88' lang='lat' dir='ltr'><strong>igitur</strong></span> <span class='ocrx_word' id='word_1_110' title='bbox 586 1553 665 1616; x_wconf 85' lang='lat' dir='ltr'><strong>circe</strong></span> <span class='ocrx_word' id='word_1_111' title='bbox 677 1569 726 1616; x_wconf 90' lang='lat' dir='ltr'><strong>res</strong></span> <span class='ocrx_word' id='word_1_112' title='bbox 739 1552 779 1615; x_wconf 87' lang='lat' dir='ltr'><strong>ad</strong></span> <span class='ocrx_word' id='word_1_113' title='bbox 792 1551 1010 1616; x_wconf 84' lang='lat' dir='ltr'><strong>confessionem</strong></span> <span class='ocrx_word' id='word_1_114' title='bbox 1025 1571 1079 1616; x_wconf 90' lang='lat' dir='ltr'><strong>seu</strong></span> <span class='ocrx_word' id='word_1_115' title='bbox 1093 1552 1311 1616; x_wconf 84' lang='lat' dir='ltr'><strong>conscientiam</strong></span> <span class='ocrx_word' id='word_1_116' title='bbox 1324 1554 1506 1633; x_wconf 77' lang='lat' dir='ltr'><strong>paenitentis</strong></span> 
     </span>
     <span class='ocr_line' id='line_1_17' title="bbox 225 1639 1506 1725; baseline -0.001 -18"><span class='ocrx_word' id='word_1_117' title='bbox 225 1663 289 1708; x_wconf 92' lang='lat' dir='ltr'><strong>non</strong></span> <span class='ocrx_word' id='word_1_118' title='bbox 310 1643 516 1725; x_wconf 82' lang='lat' dir='ltr'><strong>pertinentes,</strong></span> <span class='ocrx_word' id='word_1_119' title='bbox 532 1660 595 1706; x_wconf 89' lang='lat' dir='ltr'><strong>non</strong></span> <span class='ocrx_word' id='word_1_120' title='bbox 615 1649 662 1705; x_wconf 88' lang='lat' dir='ltr'><strong>est</strong></span> <span class='ocrx_word' id='word_1_121' title='bbox 675 1661 733 1724; x_wconf 84' lang='lat' dir='ltr'><strong>per</strong></span> <span class='ocrx_word' id='word_1_122' title='bbox 750 1661 780 1703; x_wconf 87' lang='lat' dir='ltr'><strong>se</strong></span> <span class='ocrx_word' id='word_1_123' title='bbox 798 1641 941 1718; x_wconf 82' lang='lat' dir='ltr'><strong>mortale3</strong></span> <span class='ocrx_word' id='word_1_124' title='bbox 958 1641 1031 1723; x_wconf 86' lang='lat' dir='ltr'><strong>quia</strong></span> <span class='ocrx_word' id='word_1_125' title='bbox 1049 1659 1104 1704; x_wconf 92' lang='lat' dir='ltr'><strong>nec</strong></span> <span class='ocrx_word' id='word_1_126' title='bbox 1126 1648 1174 1704; x_wconf 88' lang='lat' dir='ltr'><strong>est</strong></span> <span class='ocrx_word' id='word_1_127' title='bbox 1191 1639 1325 1721; x_wconf 73' lang='lat' dir='ltr'><strong>gnaviter</strong></span> <span class='ocrx_word' id='word_1_128' title='bbox 1339 1641 1506 1721; x_wconf 74' lang='lat' dir='ltr'><strong>poenitenti</strong></span> 
     </span>
     <span class='ocr_line' id='line_1_18' title="bbox 182 1727 1505 1813; baseline -0.001 -17"><span class='ocrx_word' id='word_1_129' title='bbox 182 1742 185 1750; x_wconf 87' lang='lat'>&#39;</span> <span class='ocrx_word' id='word_1_130' title='bbox 226 1734 429 1808; x_wconf 88' lang='lat' dir='ltr'><strong>damnosum,</strong></span> <span class='ocrx_word' id='word_1_131' title='bbox 446 1737 483 1794; x_wconf 89' lang='lat' dir='ltr'><strong>ut</strong></span> <span class='ocrx_word' id='word_1_132' title='bbox 501 1729 695 1813; x_wconf 88' lang='lat' dir='ltr'><strong>supponitur,</strong></span> <span class='ocrx_word' id='word_1_133' title='bbox 714 1748 769 1793; x_wconf 90' lang='lat' dir='ltr'><strong>nec</strong></span> <span class='ocrx_word' id='word_1_134' title='bbox 787 1731 921 1811; x_wconf 84' lang='lat' dir='ltr'><strong>graviter</strong></span> <span class='ocrx_word' id='word_1_135' title='bbox 936 1735 1130 1795; x_wconf 85' lang='lat' dir='ltr'><strong>Sacramenta</strong></span> <span class='ocrx_word' id='word_1_136' title='bbox 1149 1727 1351 1810; x_wconf 84' lang='lat' dir='ltr'><strong>injuriosum,</strong></span> <span class='ocrx_word' id='word_1_137' title='bbox 1371 1749 1442 1794; x_wconf 92' lang='lat' dir='ltr'><strong>cum</strong></span> <span class='ocrx_word' id='word_1_138' title='bbox 1463 1733 1505 1795; x_wconf 85' lang='lat' dir='ltr'><strong>ad</strong></span> 
     </span>
     <span class='ocr_line' id='line_1_19' title="bbox 226 1816 1503 1903; baseline -0.002 -18"><span class='ocrx_word' id='word_1_139' title='bbox 226 1821 331 1903; x_wconf 90' lang='lat' dir='ltr'><strong>ipsum</strong></span> <span class='ocrx_word' id='word_1_140' title='bbox 351 1839 415 1884; x_wconf 89' lang='lat' dir='ltr'><strong>non</strong></span> <span class='ocrx_word' id='word_1_141' title='bbox 428 1819 588 1884; x_wconf 88' lang='lat' dir='ltr'><strong>referatur.</strong></span> <span class='ocrx_word' id='word_1_142' title='bbox 604 1820 708 1881; x_wconf 90' lang='lat' dir='ltr'><strong>—lta</strong></span> <span class='ocrx_word' id='word_1_143' title='bbox 724 1821 920 1882; x_wconf 82' lang='lat' dir='ltr'><strong>communiter</strong></span> <span class='ocrx_word' id='word_1_144' title='bbox 932 1837 1004 1882; x_wconf 89' lang='lat' dir='ltr'><strong>cum</strong></span> <span class='ocrx_word' id='word_1_145' title='bbox 1019 1819 1054 1882; x_wconf 88' lang='lat' dir='ltr'><strong>S.</strong></span> <span class='ocrx_word' id='word_1_146' title='bbox 1069 1819 1151 1900; x_wconf 70' lang='lat' dir='ltr'><strong>Lip,</strong></span> <span class='ocrx_word' id='word_1_147' title='bbox 1168 1816 1258 1880; x_wconf 78' lang='lat' dir='ltr'><strong>Hom,</strong></span> <span class='ocrx_word' id='word_1_148' title='bbox 1274 1829 1386 1902; x_wconf 79' lang='lat' dir='ltr'><strong>apost,</strong></span> <span class='ocrx_word' id='word_1_149' title='bbox 1402 1841 1433 1880; x_wconf 83' lang='lat' dir='ltr'><strong>a.</strong></span> <span class='ocrx_word' id='word_1_150' title='bbox 1448 1824 1503 1886; x_wconf 74' lang='lat'><strong>28.</strong></span> 
     </span>
     <span class='ocr_line' id='line_1_20' title="bbox 223 1906 1507 1991; baseline 0.002 -21"><span class='ocrx_word' id='word_1_151' title='bbox 223 1946 265 1958; x_wconf 89' lang='lat'>-</span> <span class='ocrx_word' id='word_1_152' title='bbox 274 1910 427 1987; x_wconf 85' lang='lat' dir='ltr'><strong>Billuort,</strong></span> <span class='ocrx_word' id='word_1_153' title='bbox 436 1915 509 1986; x_wconf 82' lang='lat' dir='ltr'><strong>ete,</strong></span> <span class='ocrx_word' id='word_1_154' title='bbox 520 1913 623 1972; x_wconf 90' lang='lat' dir='ltr'><strong>contra</strong></span> <span class='ocrx_word' id='word_1_155' title='bbox 633 1927 750 1991; x_wconf 81' lang='lat' dir='ltr'><strong>paucos</strong></span> <span class='ocrx_word' id='word_1_156' title='bbox 764 1908 818 1989; x_wconf 88' lang='lat' dir='ltr'><strong>qui</strong></span> <span class='ocrx_word' id='word_1_157' title='bbox 834 1907 942 1972; x_wconf 92' lang='lat' dir='ltr'><strong>dicunt</strong></span> <span class='ocrx_word' id='word_1_158' title='bbox 958 1925 1049 1971; x_wconf 88' lang='lat' dir='ltr'><strong>omne</strong></span> <span class='ocrx_word' id='word_1_159' title='bbox 1062 1906 1257 1971; x_wconf 86' lang='lat' dir='ltr'><strong>mendacium</strong></span> <span class='ocrx_word' id='word_1_160' title='bbox 1271 1906 1307 1970; x_wconf 88' lang='lat' dir='ltr'><strong>in</strong></span> <span class='ocrx_word' id='word_1_161' title='bbox 1317 1907 1507 1972; x_wconf 78' lang='lat' dir='ltr'><strong>confessione</strong></span> 
     </span>
     <span class='ocr_line' id='line_1_21' title="bbox 228 1999 1601 2062; baseline -0.002 0"><span class='ocrx_word' id='word_1_162' title='bbox 228 2017 294 2062; x_wconf 90' lang='lat' dir='ltr'><strong>esse</strong></span> <span class='ocrx_word' id='word_1_163' title='bbox 308 1999 446 2062; x_wconf 82' lang='lat' dir='ltr'><strong>mortale.</strong></span> <span class='ocrx_word' id='word_1_164' title='bbox 1600 2017 1601 2034; x_wconf 62' lang='lat'><em>²</em></span> 
     </span>
     <span class='ocr_line' id='line_1_22' title="bbox 264 2085 1506 2169; baseline -0.001 -18"><span class='ocrx_word' id='word_1_165' title='bbox 264 2091 335 2152; x_wconf 81' lang='grc'><strong>475.</strong></span> <span class='ocrx_word' id='word_1_166' title='bbox 352 2121 393 2136; x_wconf 89' lang='lat'><strong>·-</strong></span> <span class='ocrx_word' id='word_1_167' title='bbox 406 2088 507 2164; x_wconf 75' lang='lat' dir='ltr'><strong>Quian.</strong></span> <span class='ocrx_word' id='word_1_168' title='bbox 524 2091 557 2152; x_wconf 76' lang='lat'><strong>5⁰</strong></span> <span class='ocrx_word' id='word_1_169' title='bbox 572 2085 755 2169; x_wconf 73' lang='lat' dir='ltr'><strong>Acoffiec&#39;at</strong></span> <span class='ocrx_word' id='word_1_170' title='bbox 771 2088 944 2168; x_wconf 65' lang='lat' dir='ltr'><strong>integritati</strong></span> <span class='ocrx_word' id='word_1_171' title='bbox 960 2085 1170 2166; x_wconf 79' lang='lat' dir='ltr'><strong>consessionis,</strong></span> <span class='ocrx_word' id='word_1_172' title='bbox 1187 2086 1217 2148; x_wconf 73' lang='grc' dir='ltr'><strong>εἰ</strong></span> <span class='ocrx_word' id='word_1_173' title='bbox 1231 2085 1298 2168; x_wconf 68' lang='lat' dir='ltr'><strong>qaas</strong></span> <span class='ocrx_word' id='word_1_174' title='bbox 1316 2097 1438 2148; x_wconf 68' lang='lat' dir='ltr'><strong>censet</strong></span> <span class='ocrx_word' id='word_1_175' title='bbox 1453 2106 1506 2150; x_wconf 86' lang='lat' dir='ltr'><strong>oe·</strong></span> 
     </span>
    </p>
   </div>
   <div class='ocr_carea' id='block_1_3' title="bbox 224 2175 1600 3940">
    <p class='ocr_par' dir='ltr' id='par_1_8' title="bbox 226 2175 1099 2257">
     <span class='ocr_line' id='line_1_23' title="bbox 226 2175 1099 2257; baseline -0.005 -17"><span class='ocrx_word' id='word_1_176' title='bbox 226 2178 324 2240; x_wconf 80' lang='lat' dir='ltr'><strong>niolio</strong></span> <span class='ocrx_word' id='word_1_177' title='bbox 343 2176 537 2257; x_wconf 75' lang='lat' dir='ltr'><strong>Consectario</strong></span> <span class='ocrx_word' id='word_1_178' title='bbox 553 2175 726 2253; x_wconf 75' lang='lat' dir='ltr'><strong>ordinario,</strong></span> <span class='ocrx_word' id='word_1_179' title='bbox 744 2175 888 2238; x_wconf 78' lang='lat' dir='ltr'><strong>mortalia</strong></span> <span class='ocrx_word' id='word_1_180' title='bbox 906 2195 975 2236; x_wconf 88' lang='lat' dir='ltr'><strong>vero</strong></span> <span class='ocrx_word' id='word_1_181' title='bbox 989 2176 1099 2237; x_wconf 80' lang='lat' dir='ltr'><strong>alteri?</strong></span> 
     </span>
    </p>

    <p class='ocr_par' dir='ltr' id='par_1_9' title="bbox 224 2262 1600 2610">
     <span class='ocr_line' id='line_1_24' title="bbox 264 2262 1505 2348; baseline 0 -19"><span class='ocrx_word' id='word_1_182' title='bbox 264 2267 354 2348; x_wconf 80' lang='lat' dir='ltr'><strong>Recp.</strong></span> <span class='ocrx_word' id='word_1_183' title='bbox 372 2271 405 2330; x_wconf 77' lang='grc' dir='ltr'><strong>1ο</strong></span> <span class='ocrx_word' id='word_1_184' title='bbox 419 2265 512 2347; x_wconf 70' lang='lat' dir='ltr'><strong>Nep,</strong></span> <span class='ocrx_word' id='word_1_185' title='bbox 525 2283 583 2347; x_wconf 80' lang='lat' dir='ltr'><strong>per</strong></span> <span class='ocrx_word' id='word_1_186' title='bbox 597 2282 627 2326; x_wconf 80' lang='lat' dir='ltr'><strong>ee</strong></span> <span class='ocrx_word' id='word_1_187' title='bbox 644 2263 810 2344; x_wconf 69' lang='lat' dir='ltr'><strong>manendo,</strong></span> <span class='ocrx_word' id='word_1_188' title='bbox 827 2263 994 2326; x_wconf 86' lang='lat' dir='ltr'><strong>dummodo</strong></span> <span class='ocrx_word' id='word_1_189' title='bbox 1007 2262 1229 2326; x_wconf 86' lang='lat' dir='ltr'><strong>ahsolutionem</strong></span> <span class='ocrx_word' id='word_1_190' title='bbox 1248 2281 1411 2344; x_wconf 87' lang='lat' dir='ltr'><strong>nunquam</strong></span> <span class='ocrx_word' id='word_1_191' title='bbox 1428 2265 1505 2329; x_wconf 86' lang='lat' dir='ltr'><strong>reai-</strong></span> 
     </span>
     <span class='ocr_line' id='line_1_25' title="bbox 226 2351 1503 2435; baseline -0.002 -19"><span class='ocrx_word' id='word_1_192' title='bbox 226 2353 305 2435; x_wconf 87' lang='lat' dir='ltr'><strong>piat,</strong></span> <span class='ocrx_word' id='word_1_193' title='bbox 327 2353 404 2435; x_wconf 82' lang='lat' dir='ltr'><strong>qriin</strong></span> <span class='ocrx_word' id='word_1_194' title='bbox 425 2353 530 2416; x_wconf 90' lang='lat' dir='ltr'><strong>omnia</strong></span> <span class='ocrx_word' id='word_1_195' title='bbox 551 2351 693 2415; x_wconf 86' lang='lat' dir='ltr'><strong>mortalia</strong></span> <span class='ocrx_word' id='word_1_196' title='bbox 714 2351 771 2415; x_wconf 88' lang='lat' dir='ltr'><strong>uni</strong></span> <span class='ocrx_word' id='word_1_197' title='bbox 794 2351 1055 2427; x_wconf 78' lang='lat' dir='ltr'><strong>manifestaverit,</strong></span> <span class='ocrx_word' id='word_1_198' title='bbox 1076 2358 1107 2413; x_wconf 90' lang='lat' dir='ltr'><strong>et</strong></span> <span class='ocrx_word' id='word_1_199' title='bbox 1128 2351 1166 2413; x_wconf 83' lang='lat' dir='ltr'><strong>ab</strong></span> <span class='ocrx_word' id='word_1_200' title='bbox 1188 2352 1293 2414; x_wconf 89' lang='lat' dir='ltr'><strong>ecdem</strong></span> <span class='ocrx_word' id='word_1_201' title='bbox 1312 2351 1503 2417; x_wconf 77' lang='lat' dir='ltr'><strong>absolvatur.</strong></span> 
     </span>
     <span class='ocr_line' id='line_1_26' title="bbox 224 2437 1503 2522; baseline -0.001 -16"><span class='ocrx_word' id='word_1_202' title='bbox 224 2442 314 2507; x_wconf 83' lang='lat' dir='ltr'><strong>Ratio</strong></span> <span class='ocrx_word' id='word_1_203' title='bbox 325 2448 388 2515; x_wconf 89' lang='lat' dir='ltr'><strong>est,</strong></span> <span class='ocrx_word' id='word_1_204' title='bbox 401 2437 475 2522; x_wconf 88' lang='lat' dir='ltr'><strong>quia</strong></span> <span class='ocrx_word' id='word_1_205' title='bbox 489 2440 610 2520; x_wconf 85' lang='lat' dir='ltr'><strong>integra</strong></span> <span class='ocrx_word' id='word_1_206' title='bbox 620 2446 669 2502; x_wconf 92' lang='lat' dir='ltr'><strong>est</strong></span> <span class='ocrx_word' id='word_1_207' title='bbox 680 2439 733 2502; x_wconf 88' lang='lat' dir='ltr'><strong>illa</strong></span> <span class='ocrx_word' id='word_1_208' title='bbox 745 2438 908 2514; x_wconf 82' lang='lat' dir='ltr'><strong>confessio,</strong></span> <span class='ocrx_word' id='word_1_209' title='bbox 923 2439 1108 2521; x_wconf 79' lang='lat' dir='ltr'><strong>quaomnia</strong></span> <span class='ocrx_word' id='word_1_210' title='bbox 1122 2439 1263 2502; x_wconf 84' lang='lat' dir='ltr'><strong>mortalia</strong></span> <span class='ocrx_word' id='word_1_211' title='bbox 1277 2441 1503 2521; x_wconf 83' lang='lat' dir='ltr'><strong>complectitur,</strong></span> 
     </span>
     <span class='ocr_line' id='line_1_27' title="bbox 227 2525 1600 2610; baseline -0.007 -16"><span class='ocrx_word' id='word_1_212' title='bbox 227 2547 300 2593; x_wconf 92' lang='lat' dir='ltr'><strong>cum</strong></span> <span class='ocrx_word' id='word_1_213' title='bbox 314 2528 447 2593; x_wconf 83' lang='lat' dir='ltr'><strong>venialia</strong></span> <span class='ocrx_word' id='word_1_214' title='bbox 460 2547 523 2592; x_wconf 92' lang='lat' dir='ltr'><strong>non</strong></span> <span class='ocrx_word' id='word_1_215' title='bbox 535 2527 600 2591; x_wconf 89' lang='lat' dir='ltr'><strong>siut</strong></span> <span class='ocrx_word' id='word_1_216' title='bbox 613 2525 780 2590; x_wconf 88' lang='lat' dir='ltr'><strong>necessario</strong></span> <span class='ocrx_word' id='word_1_217' title='bbox 794 2528 971 2590; x_wconf 85' lang='lat' dir='ltr'><strong>accusanda.</strong></span> <span class='ocrx_word' id='word_1_218' title='bbox 1598 2531 1600 2610; x_wconf 69' lang='lat' dir='ltr'><strong>t</strong></span> 
     </span>
    </p>

    <p class='ocr_par' dir='ltr' id='par_1_10' title="bbox 224 2615 1600 3052">
     <span class='ocr_line' id='line_1_28' title="bbox 266 2615 1505 2701; baseline -0.002 -19"><span class='ocrx_word' id='word_1_219' title='bbox 266 2619 354 2701; x_wconf 82' lang='lat' dir='ltr'><strong>Besp.</strong></span> <span class='ocrx_word' id='word_1_220' title='bbox 376 2623 409 2682; x_wconf 70' lang='lat'><strong>9⁰</strong></span> <span class='ocrx_word' id='word_1_221' title='bbox 427 2637 436 2680; x_wconf 77' lang='grc' dir='ltr'><strong><em>ε</em></strong></span> <span class='ocrx_word' id='word_1_222' title='bbox 457 2619 492 2680; x_wconf 92' lang='lat' dir='ltr'><strong>ln</strong></span> <span class='ocrx_word' id='word_1_223' title='bbox 513 2616 603 2698; x_wconf 82' lang='lat' dir='ltr'><strong>praxi</strong></span> <span class='ocrx_word' id='word_1_224' title='bbox 625 2621 731 2678; x_wconf 91' lang='lat' dir='ltr'><strong>autem</strong></span> <span class='ocrx_word' id='word_1_225' title='bbox 753 2616 976 2678; x_wconf 86' lang='lat' dir='ltr'><strong>attendendum</strong></span> <span class='ocrx_word' id='word_1_226' title='bbox 998 2623 1044 2678; x_wconf 89' lang='lat' dir='ltr'><strong>est</strong></span> <span class='ocrx_word' id='word_1_227' title='bbox 1065 2617 1104 2680; x_wconf 87' lang='lat' dir='ltr'><strong>ad</strong></span> <span class='ocrx_word' id='word_1_228' title='bbox 1127 2615 1346 2696; x_wconf 81' lang='lat' dir='ltr'><strong>poenitentium</strong></span> <span class='ocrx_word' id='word_1_229' title='bbox 1368 2615 1505 2680; x_wconf 88' lang='lat' dir='ltr'><strong>eircum-</strong></span> 
     </span>
     <span class='ocr_line' id='line_1_29' title="bbox 225 2615 1600 2844; baseline -0.004 -72"><span class='ocrx_word' id='word_1_230' title='bbox 225 2707 373 2781; x_wconf 85' lang='lat' dir='ltr'><strong>stantias,</strong></span> <span class='ocrx_word' id='word_1_231' title='bbox 396 2713 428 2770; x_wconf 91' lang='lat' dir='ltr'><strong>et</strong></span> <span class='ocrx_word' id='word_1_232' title='bbox 448 2707 488 2769; x_wconf 88' lang='lat' dir='ltr'><strong>ad</strong></span> <span class='ocrx_word' id='word_1_233' title='bbox 506 2705 625 2769; x_wconf 83' lang='lat' dir='ltr'><strong>motiva</strong></span> <span class='ocrx_word' id='word_1_234' title='bbox 646 2703 758 2786; x_wconf 84' lang='lat' dir='ltr'><strong>quihus</strong></span> <span class='ocrx_word' id='word_1_235' title='bbox 779 2704 945 2767; x_wconf 85' lang='lat' dir='ltr'><strong>ducuntur.</strong></span> <span class='ocrx_word' id='word_1_236' title='bbox 965 2709 1032 2768; x_wconf 89' lang='lat' dir='ltr'><strong>Non</strong></span> <span class='ocrx_word' id='word_1_237' title='bbox 1050 2705 1134 2768; x_wconf 89' lang='lat' dir='ltr'><strong>enim</strong></span> <span class='ocrx_word' id='word_1_238' title='bbox 1154 2711 1228 2768; x_wconf 90' lang='lat' dir='ltr'><strong>sunt</strong></span> <span class='ocrx_word' id='word_1_239' title='bbox 1246 2705 1430 2780; x_wconf 84' lang='lat' dir='ltr'><strong>damnandi,</strong></span> <span class='ocrx_word' id='word_1_240' title='bbox 1449 2707 1506 2788; x_wconf 84' lang='lat' dir='ltr'><strong>qui</strong></span> <span class='ocrx_word' id='word_1_241' title='bbox 1594 2615 1600 2844; x_wconf 24' lang='grc' dir='ltr'>ψ</span> 
     </span>
     <span class='ocr_line' id='line_1_30' title="bbox 224 2791 1598 2876; baseline 0 -18"><span class='ocrx_word' id='word_1_242' title='bbox 224 2795 390 2876; x_wconf 87' lang='lat' dir='ltr'><strong>aliquando</strong></span> <span class='ocrx_word' id='word_1_243' title='bbox 422 2795 562 2876; x_wconf 87' lang='lat' dir='ltr'><strong>graviora</strong></span> <span class='ocrx_word' id='word_1_244' title='bbox 583 2799 704 2875; x_wconf 79' lang='lat' dir='ltr'><strong>peccata</strong></span> <span class='ocrx_word' id='word_1_245' title='bbox 728 2792 832 2873; x_wconf 91' lang='lat' dir='ltr'><strong>ignoto</strong></span> <span class='ocrx_word' id='word_1_246' title='bbox 855 2793 1042 2856; x_wconf 80' lang='lat' dir='ltr'><strong>confessario</strong></span> <span class='ocrx_word' id='word_1_247' title='bbox 1068 2793 1267 2868; x_wconf 87' lang='lat' dir='ltr'><strong>confitentur,</strong></span> <span class='ocrx_word' id='word_1_248' title='bbox 1295 2793 1409 2856; x_wconf 80' lang='lat' dir='ltr'><strong>leviora</strong></span> <span class='ocrx_word' id='word_1_249' title='bbox 1431 2813 1505 2858; x_wconf 79' lang='lat' dir='ltr'><strong>vero</strong></span> <span class='ocrx_word' id='word_1_250' title='bbox 1597 2791 1598 2816; x_wconf 66' lang='lat'>¹</span> 
     </span>
     <span class='ocr_line' id='line_1_31' title="bbox 226 2881 1599 2966; baseline -0.001 -19"><span class='ocrx_word' id='word_1_251' title='bbox 226 2884 382 2947; x_wconf 86' lang='lat' dir='ltr'><strong>ordinario</strong></span> <span class='ocrx_word' id='word_1_252' title='bbox 404 2883 588 2966; x_wconf 89' lang='lat' dir='ltr'><strong>subjiciunt,</strong></span> <span class='ocrx_word' id='word_1_253' title='bbox 607 2881 634 2944; x_wconf 89' lang='lat' dir='ltr'><strong>si</strong></span> <span class='ocrx_word' id='word_1_254' title='bbox 653 2900 691 2944; x_wconf 81' lang='lat' dir='ltr'><strong>ex</strong></span> <span class='ocrx_word' id='word_1_255' title='bbox 710 2882 844 2961; x_wconf 89' lang='lat' dir='ltr'><strong>pudore,</strong></span> <span class='ocrx_word' id='word_1_256' title='bbox 867 2899 927 2962; x_wconf 91' lang='lat' dir='ltr'><strong>quo</strong></span> <span class='ocrx_word' id='word_1_257' title='bbox 951 2881 1201 2944; x_wconf 78' lang='lat' dir='ltr'><strong>suffunderentur</strong></span> <span class='ocrx_word' id='word_1_258' title='bbox 1221 2899 1292 2946; x_wconf 89' lang='lat' dir='ltr'><strong>cum</strong></span> <span class='ocrx_word' id='word_1_259' title='bbox 1314 2883 1504 2946; x_wconf 79' lang='lat' dir='ltr'><strong>confessario</strong></span> <span class='ocrx_word' id='word_1_260' title='bbox 1598 2885 1599 2890; x_wconf 76' lang='grc'>’</span> 
     </span>
     <span class='ocr_line' id='line_1_32' title="bbox 226 2969 1506 3052; baseline -0.001 -17"><span class='ocrx_word' id='word_1_261' title='bbox 226 2972 421 3035; x_wconf 87' lang='lat' dir='ltr'><strong>familiariter</strong></span> <span class='ocrx_word' id='word_1_262' title='bbox 451 2971 588 3052; x_wconf 83' lang='lat' dir='ltr'><strong>cognito,</strong></span> <span class='ocrx_word' id='word_1_263' title='bbox 613 2970 746 3052; x_wconf 89' lang='lat' dir='ltr'><strong>periculo</strong></span> <span class='ocrx_word' id='word_1_264' title='bbox 772 2989 803 3032; x_wconf 87' lang='lat' dir='ltr'><strong>se</strong></span> <span class='ocrx_word' id='word_1_265' title='bbox 833 2970 1062 3032; x_wconf 88' lang='lat' dir='ltr'><strong>committerent</strong></span> <span class='ocrx_word' id='word_1_266' title='bbox 1093 2969 1235 3050; x_wconf 81' lang='lat' dir='ltr'><strong>sacrilege</strong></span> <span class='ocrx_word' id='word_1_267' title='bbox 1260 2971 1436 3034; x_wconf 79' lang='lat' dir='ltr'><strong>confitendi.</strong></span> <span class='ocrx_word' id='word_1_268' title='bbox 1465 3007 1506 3017; x_wconf 92' lang='lat'>-</span> 
     </span>
    </p>

    <p class='ocr_par' dir='ltr' id='par_1_11' title="bbox 227 3061 495 3143">
     <span class='ocr_line' id='line_1_33' title="bbox 227 3061 495 3143; baseline -0.007 -19"><span class='ocrx_word' id='word_1_269' title='bbox 227 3061 264 3124; x_wconf 79' lang='lat' dir='ltr'><strong>s,</strong></span> <span class='ocrx_word' id='word_1_270' title='bbox 280 3061 353 3143; x_wconf 65' lang='lat' dir='ltr'><strong>Lep.</strong></span> <span class='ocrx_word' id='word_1_271' title='bbox 373 3082 404 3122; x_wconf 71' lang='lat' dir='ltr'><strong>a.</strong></span> <span class='ocrx_word' id='word_1_272' title='bbox 424 3065 495 3125; x_wconf 80' lang='lat' dir='ltr'><strong>ara.</strong></span> 
     </span>
    </p>

    <p class='ocr_par' dir='ltr' id='par_1_12' title="bbox 226 3147 1598 3319">
     <span class='ocr_line' id='line_1_34' title="bbox 265 3147 1502 3230; baseline -0.002 -17"><span class='ocrx_word' id='word_1_273' title='bbox 265 3153 337 3214; x_wconf 88' lang='grc'><strong>476.</strong></span> <span class='ocrx_word' id='word_1_274' title='bbox 353 3185 393 3195; x_wconf 95' lang='lat'><em>-</em></span> <span class='ocrx_word' id='word_1_275' title='bbox 410 3151 511 3224; x_wconf 77' lang='lat' dir='ltr'><strong>Quae.</strong></span> <span class='ocrx_word' id='word_1_276' title='bbox 528 3153 561 3212; x_wconf 78' lang='grc' dir='ltr'><strong>6ο</strong></span> <span class='ocrx_word' id='word_1_277' title='bbox 575 3149 627 3211; x_wconf 80' lang='lat' dir='ltr'><strong>Aa</strong></span> <span class='ocrx_word' id='word_1_278' title='bbox 648 3147 769 3230; x_wconf 77' lang='lat' dir='ltr'><strong>officiat</strong></span> <span class='ocrx_word' id='word_1_279' title='bbox 788 3147 978 3229; x_wconf 68' lang='lat' dir='ltr'><strong>integritati,</strong></span> <span class='ocrx_word' id='word_1_280' title='bbox 997 3147 1026 3208; x_wconf 81' lang='lat' dir='ltr'><strong>si</strong></span> <span class='ocrx_word' id='word_1_281' title='bbox 1043 3149 1111 3230; x_wconf 82' lang='lat' dir='ltr'><strong>puis</strong></span> <span class='ocrx_word' id='word_1_282' title='bbox 1124 3147 1248 3210; x_wconf 82' lang='lat' dir='ltr'><strong>simulet</strong></span> <span class='ocrx_word' id='word_1_283' title='bbox 1266 3149 1363 3211; x_wconf 82' lang='lat' dir='ltr'><strong>aliam</strong></span> <span class='ocrx_word' id='word_1_284' title='bbox 1382 3168 1502 3229; x_wconf 81' lang='lat' dir='ltr'><strong>vocem,</strong></span> 
     </span>
     <span class='ocr_line' id='line_1_35' title="bbox 226 3220 1598 3319; baseline -0.004 -17"><span class='ocrx_word' id='word_1_285' title='bbox 226 3259 264 3302; x_wconf 84' lang='lat' dir='ltr'><strong>ae</strong></span> <span class='ocrx_word' id='word_1_286' title='bbox 280 3259 299 3300; x_wconf 89' lang='lat' dir='ltr'><strong>a</strong></span> <span class='ocrx_word' id='word_1_287' title='bbox 315 3237 510 3319; x_wconf 72' lang='lat' dir='ltr'><strong>Confessan&#39;a</strong></span> <span class='ocrx_word' id='word_1_288' title='bbox 524 3234 734 3319; x_wconf 75' lang='lat' dir='ltr'><strong>agnoscatur?</strong></span> <span class='ocrx_word' id='word_1_289' title='bbox 1597 3220 1598 3275; x_wconf 54' lang='lat' dir='ltr'><strong>l</strong></span> 
     </span>
    </p>

    <p class='ocr_par' dir='ltr' id='par_1_13' title="bbox 226 3325 1507 3762">
     <span class='ocr_line' id='line_1_36' title="bbox 269 3325 1507 3410; baseline 0.001 -21"><span class='ocrx_word' id='word_1_290' title='bbox 269 3327 359 3410; x_wconf 86' lang='lat' dir='ltr'><strong>Resp.</strong></span> <span class='ocrx_word' id='word_1_291' title='bbox 376 3325 454 3405; x_wconf 79' lang='lat' dir='ltr'><strong>Nep.</strong></span> <span class='ocrx_word' id='word_1_292' title='bbox 466 3345 523 3407; x_wconf 83' lang='lat' dir='ltr'><strong>per</strong></span> <span class='ocrx_word' id='word_1_293' title='bbox 534 3341 585 3402; x_wconf 81' lang='lat' dir='ltr'><strong>se,·</strong></span> <span class='ocrx_word' id='word_1_294' title='bbox 595 3325 761 3388; x_wconf 86' lang='lat' dir='ltr'><strong>dummodo</strong></span> <span class='ocrx_word' id='word_1_295' title='bbox 773 3325 858 3388; x_wconf 90' lang='lat' dir='ltr'><strong>enim</strong></span> <span class='ocrx_word' id='word_1_296' title='bbox 870 3327 976 3389; x_wconf 85' lang='lat' dir='ltr'><strong>amnia</strong></span> <span class='ocrx_word' id='word_1_297' title='bbox 989 3327 1132 3390; x_wconf 82' lang='lat' dir='ltr'><strong>mortalia</strong></span> <span class='ocrx_word' id='word_1_298' title='bbox 1141 3325 1272 3407; x_wconf 83' lang='lat' dir='ltr'><strong>aperiat,</strong></span> <span class='ocrx_word' id='word_1_299' title='bbox 1285 3326 1507 3390; x_wconf 66' lang='lat' dir='ltr'><strong>contemionem</strong></span> 
     </span>
     <span class='ocr_line' id='line_1_37' title="bbox 226 3413 1505 3496; baseline -0.002 -16"><span class='ocrx_word' id='word_1_300' title='bbox 226 3415 380 3496; x_wconf 86' lang='lat' dir='ltr'><strong>integram</strong></span> <span class='ocrx_word' id='word_1_301' title='bbox 392 3413 519 3495; x_wconf 77' lang='lat' dir='ltr'><strong>peragit.</strong></span> <span class='ocrx_word' id='word_1_302' title='bbox 533 3415 592 3476; x_wconf 90' lang='lat' dir='ltr'><strong>Nec</strong></span> <span class='ocrx_word' id='word_1_303' title='bbox 601 3431 722 3478; x_wconf 89' lang='lat' dir='ltr'><strong>necesse</strong></span> <span class='ocrx_word' id='word_1_304' title='bbox 735 3419 797 3488; x_wconf 88' lang='lat' dir='ltr'><strong>est,</strong></span> <span class='ocrx_word' id='word_1_305' title='bbox 809 3421 845 3478; x_wconf 91' lang='lat' dir='ltr'><strong>ut</strong></span> <span class='ocrx_word' id='word_1_306' title='bbox 860 3413 1076 3478; x_wconf 85' lang='lat' dir='ltr'><strong>aGcnfessario</strong></span> <span class='ocrx_word' id='word_1_307' title='bbox 1090 3415 1277 3478; x_wconf 89' lang='lat' dir='ltr'><strong>nominatim</strong></span> <span class='ocrx_word' id='word_1_308' title='bbox 1285 3421 1505 3494; x_wconf 62' lang='lat' dir='ltr'><strong>cognmentum</strong></span> 
     </span>
     <span class='ocr_line' id='line_1_38' title="bbox 227 3501 1505 3584; baseline -0.002 -16"><span class='ocrx_word' id='word_1_309' title='bbox 227 3503 339 3568; x_wconf 89' lang='lat' dir='ltr'><strong>sufficit</strong></span> <span class='ocrx_word' id='word_1_310' title='bbox 361 3503 447 3566; x_wconf 90' lang='lat' dir='ltr'><strong>enim</strong></span> <span class='ocrx_word' id='word_1_311' title='bbox 467 3508 505 3566; x_wconf 90' lang='lat' dir='ltr'><strong>ut</strong></span> <span class='ocrx_word' id='word_1_312' title='bbox 524 3501 731 3566; x_wconf 76' lang='lat' dir='ltr'><strong>confessarius</strong></span> <span class='ocrx_word' id='word_1_313' title='bbox 750 3509 932 3584; x_wconf 76' lang='lat' dir='ltr'><strong>presentem</strong></span> <span class='ocrx_word' id='word_1_314' title='bbox 955 3509 1140 3584; x_wconf 83' lang='lat' dir='ltr'><strong>peccatorem</strong></span> <span class='ocrx_word' id='word_1_315' title='bbox 1158 3503 1312 3567; x_wconf 86' lang='lat' dir='ltr'><strong>absolvere</strong></span> <span class='ocrx_word' id='word_1_316' title='bbox 1330 3502 1505 3566; x_wconf 85' lang='lat' dir='ltr'><strong>intendat:</strong></span> 
     </span>
     <span class='ocr_line' id='line_1_39' title="bbox 227 3589 1506 3673; baseline 0 -17"><span class='ocrx_word' id='word_1_317' title='bbox 227 3589 360 3656; x_wconf 89' lang='lat' dir='ltr'><strong>intentio</strong></span> <span class='ocrx_word' id='word_1_318' title='bbox 381 3599 486 3656; x_wconf 77' lang='lat' dir='ltr'><strong>atatem</strong></span> <span class='ocrx_word' id='word_1_319' title='bbox 507 3591 689 3656; x_wconf 72' lang='lat' dir='ltr'><strong>confessarii</strong></span> <span class='ocrx_word' id='word_1_320' title='bbox 705 3611 761 3673; x_wconf 84' lang='lat' dir='ltr'><strong>per</strong></span> <span class='ocrx_word' id='word_1_321' title='bbox 783 3612 812 3654; x_wconf 86' lang='lat' dir='ltr'><strong>se</strong></span> <span class='ocrx_word' id='word_1_322' title='bbox 835 3611 954 3673; x_wconf 88' lang='lat' dir='ltr'><strong>semper</strong></span> <span class='ocrx_word' id='word_1_323' title='bbox 972 3593 1010 3656; x_wconf 86' lang='lat' dir='ltr'><strong>ad</strong></span> <span class='ocrx_word' id='word_1_324' title='bbox 1028 3592 1230 3673; x_wconf 72' lang='lat' dir='ltr'><strong>paenitentem</strong></span> <span class='ocrx_word' id='word_1_325' title='bbox 1250 3596 1433 3673; x_wconf 79' lang='lat' dir='ltr'><strong>presentem</strong></span> <span class='ocrx_word' id='word_1_326' title='bbox 1457 3600 1506 3656; x_wconf 88' lang='lat' dir='ltr'><strong>est</strong></span> 
     </span>
     <span class='ocr_line' id='line_1_40' title="bbox 227 3679 1179 3762; baseline -0.002 -17"><span class='ocrx_word' id='word_1_327' title='bbox 227 3681 442 3746; x_wconf 85' lang='lat' dir='ltr'><strong>determinata.</strong></span> <span class='ocrx_word' id='word_1_328' title='bbox 459 3717 499 3726; x_wconf 91' lang='lat'><em>-</em></span> <span class='ocrx_word' id='word_1_329' title='bbox 514 3681 665 3756; x_wconf 61' lang='lat' dir='ltr'><strong>Maroae,</strong></span> <span class='ocrx_word' id='word_1_330' title='bbox 682 3679 719 3742; x_wconf 86' lang='lat' dir='ltr'><strong>de</strong></span> <span class='ocrx_word' id='word_1_331' title='bbox 733 3679 874 3743; x_wconf 81' lang='lat' dir='ltr'><strong>Sacram.</strong></span> <span class='ocrx_word' id='word_1_332' title='bbox 891 3684 923 3741; x_wconf 82' lang='lat' dir='ltr'><strong>in</strong></span> <span class='ocrx_word' id='word_1_333' title='bbox 940 3701 1065 3762; x_wconf 74' lang='lat' dir='ltr'><strong>genere,</strong></span> <span class='ocrx_word' id='word_1_334' title='bbox 1080 3702 1112 3742; x_wconf 81' lang='lat' dir='ltr'><strong>a.</strong></span> <span class='ocrx_word' id='word_1_335' title='bbox 1128 3685 1179 3746; x_wconf 85' lang='grc'><strong>68.</strong></span> 
     </span>
    </p>

    <p class='ocr_par' dir='ltr' id='par_1_14' title="bbox 227 3767 1503 3940">
     <span class='ocr_line' id='line_1_41' title="bbox 267 3767 1503 3854; baseline 0.001 -21"><span class='ocrx_word' id='word_1_336' title='bbox 267 3770 337 3834; x_wconf 84' lang='lat' dir='ltr'><strong>Dixi</strong></span> <span class='ocrx_word' id='word_1_337' title='bbox 353 3791 410 3854; x_wconf 78' lang='lat' dir='ltr'><strong>per</strong></span> <span class='ocrx_word' id='word_1_338' title='bbox 422 3789 467 3845; x_wconf 81' lang='lat' dir='ltr'><strong>se,</strong></span> <span class='ocrx_word' id='word_1_339' title='bbox 485 3767 560 3850; x_wconf 84' lang='lat' dir='ltr'><strong>quia</strong></span> <span class='ocrx_word' id='word_1_340' title='bbox 573 3769 737 3850; x_wconf 87' lang='lat' dir='ltr'><strong>aliquando</strong></span> <span class='ocrx_word' id='word_1_341' title='bbox 756 3768 799 3830; x_wconf 87' lang='lat' dir='ltr'><strong>sic</strong></span> <span class='ocrx_word' id='word_1_342' title='bbox 812 3775 913 3849; x_wconf 87' lang='lat' dir='ltr'><strong>posset</strong></span> <span class='ocrx_word' id='word_1_343' title='bbox 928 3769 1034 3832; x_wconf 88' lang='lat' dir='ltr'><strong>induci</strong></span> <span class='ocrx_word' id='word_1_344' title='bbox 1047 3769 1082 3833; x_wconf 92' lang='lat' dir='ltr'><strong>in</strong></span> <span class='ocrx_word' id='word_1_345' title='bbox 1095 3788 1228 3833; x_wconf 89' lang='lat' dir='ltr'><strong>errorem</strong></span> <span class='ocrx_word' id='word_1_346' title='bbox 1242 3787 1367 3850; x_wconf 58' lang='lat' dir='ltr'><strong>marem</strong></span> <span class='ocrx_word' id='word_1_347' title='bbox 1380 3769 1503 3834; x_wconf 83' lang='lat' dir='ltr'><strong>Confes-</strong></span> 
     </span>
     <span class='ocr_line' id='line_1_42' title="bbox 227 3855 1402 3940; baseline 0.002 -20"><span class='ocrx_word' id='word_1_348' title='bbox 227 3857 343 3936; x_wconf 86' lang='lat' dir='ltr'><strong>serius,</strong></span> <span class='ocrx_word' id='word_1_349' title='bbox 359 3859 414 3940; x_wconf 88' lang='lat' dir='ltr'><strong>qui</strong></span> <span class='ocrx_word' id='word_1_350' title='bbox 428 3858 521 3920; x_wconf 88' lang='lat' dir='ltr'><strong>talem</strong></span> <span class='ocrx_word' id='word_1_351' title='bbox 535 3857 735 3938; x_wconf 83' lang='lat' dir='ltr'><strong>poenitentem</strong></span> <span class='ocrx_word' id='word_1_352' title='bbox 747 3873 811 3919; x_wconf 88' lang='lat' dir='ltr'><strong>non</strong></span> <span class='ocrx_word' id='word_1_353' title='bbox 824 3855 1008 3933; x_wconf 83' lang='lat' dir='ltr'><strong>absolveret,</strong></span> <span class='ocrx_word' id='word_1_354' title='bbox 1025 3858 1051 3920; x_wconf 93' lang='lat' dir='ltr'><strong>si</strong></span> <span class='ocrx_word' id='word_1_355' title='bbox 1066 3874 1139 3921; x_wconf 89' lang='lat' dir='ltr'><strong>eum</strong></span> <span class='ocrx_word' id='word_1_356' title='bbox 1152 3864 1339 3938; x_wconf 85' lang='lat' dir='ltr'><strong>agnosceret.</strong></span> <span class='ocrx_word' id='word_1_357' title='bbox 1399 3923 1402 3930; x_wconf 78' lang='grc'><strong>,</strong></span> 
     </span>
    </p>
   </div>
   <div class='ocr_carea' id='block_1_4' title="bbox 269 4049 1502 4390">
    <p class='ocr_par' dir='ltr' id='par_1_15' title="bbox 269 4049 1502 4390">
     <span class='ocr_line' id='line_1_43' title="bbox 772 4049 957 4096; baseline 0.005 -2"><span class='ocrx_word' id='word_1_358' title='bbox 772 4049 912 4096; x_wconf 72' lang='lat' dir='ltr'><strong>nuncnunc</strong></span> <span class='ocrx_word' id='word_1_359' title='bbox 934 4051 957 4096; x_wconf 88' lang='lat'><strong>11</strong></span> 
     </span>
     <span class='ocr_line' id='line_1_44' title="bbox 714 4160 1039 4234; baseline 0 -18"><span class='ocrx_word' id='word_1_360' title='bbox 714 4161 755 4217; x_wconf 86' lang='lat' dir='ltr'><strong>De</strong></span> <span class='ocrx_word' id='word_1_361' title='bbox 768 4161 892 4234; x_wconf 87' lang='lat' dir='ltr'><strong>peccatis</strong></span> <span class='ocrx_word' id='word_1_362' title='bbox 908 4160 1015 4218; x_wconf 87' lang='lat' dir='ltr'><strong>dubiis.</strong></span> <span class='ocrx_word' id='word_1_363' title='bbox 1035 4171 1039 4178; x_wconf 88' lang='grc'>·</span> 
     </span>
     <span class='ocr_line' id='line_1_45' title="bbox 269 4301 1502 4390; baseline 0.005 -24"><span class='ocrx_word' id='word_1_364' title='bbox 269 4301 405 4366; x_wconf 89' lang='lat' dir='ltr'><strong>Dubiam</strong></span> <span class='ocrx_word' id='word_1_365' title='bbox 417 4301 591 4368; x_wconf 81' lang='lat' dir='ltr'><strong>hiaversari</strong></span> <span class='ocrx_word' id='word_1_366' title='bbox 605 4311 705 4387; x_wconf 86' lang='lat' dir='ltr'><strong>potest</strong></span> <span class='ocrx_word' id='word_1_367' title='bbox 718 4306 867 4387; x_wconf 81' lang='lat' dir='ltr'><strong>precipue</strong></span> <span class='ocrx_word' id='word_1_368' title='bbox 885 4310 916 4368; x_wconf 79' lang='lat'><strong>1⁰</strong></span> <span class='ocrx_word' id='word_1_369' title='bbox 931 4306 1009 4368; x_wconf 85' lang='lat' dir='ltr'><strong>circa</strong></span> <span class='ocrx_word' id='word_1_370' title='bbox 1021 4313 1126 4370; x_wconf 89' lang='lat' dir='ltr'><strong>actum</strong></span> <span class='ocrx_word' id='word_1_371' title='bbox 1139 4307 1264 4388; x_wconf 89' lang='lat' dir='ltr'><strong>peccati,</strong></span> <span class='ocrx_word' id='word_1_372' title='bbox 1278 4326 1332 4372; x_wconf 91' lang='lat' dir='ltr'><strong>seu</strong></span> <span class='ocrx_word' id='word_1_373' title='bbox 1345 4307 1424 4372; x_wconf 82' lang='lat' dir='ltr'><strong>circa</strong></span> <span class='ocrx_word' id='word_1_374' title='bbox 1435 4324 1502 4390; x_wconf 83' lang='lat' dir='ltr'><strong>pec·</strong></span> 
     </span>
    </p>
   </div>
   <div class='ocr_carea' id='block_1_5' title="bbox 230 4392 1502 4567">
    <p class='ocr_par' dir='ltr' id='par_1_16' title="bbox 230 4392 1502 4567">
     <span class='ocr_line' id='line_1_46' title="bbox 230 4392 1502 4478; baseline 0.002 -22"><span class='ocrx_word' id='word_1_375' title='bbox 230 4399 335 4456; x_wconf 91' lang='lat' dir='ltr'><strong>catum</strong></span> <span class='ocrx_word' id='word_1_376' title='bbox 348 4392 564 4470; x_wconf 67' lang='lat' dir='ltr'><strong>commissum</strong></span> <span class='ocrx_word' id='word_1_377' title='bbox 575 4394 696 4460; x_wconf 74' lang='lat' dir='ltr'><strong>2⁰circa</strong></span> <span class='ocrx_word' id='word_1_378' title='bbox 707 4394 888 4476; x_wconf 66' lang='lat' dir='ltr'><strong>gravitmm</strong></span> <span class='ocrx_word' id='word_1_379' title='bbox 902 4395 1024 4476; x_wconf 86' lang='lat' dir='ltr'><strong>peccati,</strong></span> <span class='ocrx_word' id='word_1_380' title='bbox 1040 4403 1108 4458; x_wconf 90' lang='lat' dir='ltr'><strong>tum</strong></span> <span class='ocrx_word' id='word_1_381' title='bbox 1122 4415 1160 4458; x_wconf 78' lang='lat' dir='ltr'><strong>ex</strong></span> <span class='ocrx_word' id='word_1_382' title='bbox 1173 4403 1259 4478; x_wconf 87' lang='lat' dir='ltr'><strong>parte</strong></span> <span class='ocrx_word' id='word_1_383' title='bbox 1271 4399 1418 4473; x_wconf 79' lang='lat' dir='ltr'><strong>materiae,</strong></span> <span class='ocrx_word' id='word_1_384' title='bbox 1433 4404 1502 4460; x_wconf 91' lang='lat' dir='ltr'><strong>tum</strong></span> 
     </span>
     <span class='ocr_line' id='line_1_47' title="bbox 230 4481 1298 4567; baseline 0.002 -21"><span class='ocrx_word' id='word_1_385' title='bbox 230 4499 267 4546; x_wconf 84' lang='lat' dir='ltr'><strong>ex</strong></span> <span class='ocrx_word' id='word_1_386' title='bbox 281 4483 365 4563; x_wconf 86' lang='lat' dir='ltr'><strong>parte</strong></span> <span class='ocrx_word' id='word_1_387' title='bbox 376 4499 532 4559; x_wconf 84' lang='lat' dir='ltr'><strong>assensus;</strong></span> <span class='ocrx_word' id='word_1_388' title='bbox 547 4481 669 4547; x_wconf 80' lang='lat' dir='ltr'><strong>3⁰circa</strong></span> <span class='ocrx_word' id='word_1_389' title='bbox 679 4481 898 4548; x_wconf 86' lang='lat' dir='ltr'><strong>confessionem</strong></span> <span class='ocrx_word' id='word_1_390' title='bbox 911 4484 1024 4567; x_wconf 87' lang='lat' dir='ltr'><strong>peccati</strong></span> <span class='ocrx_word' id='word_1_391' title='bbox 1036 4489 1115 4548; x_wconf 89' lang='lat' dir='ltr'><strong>certo</strong></span> <span class='ocrx_word' id='word_1_392' title='bbox 1129 4485 1298 4549; x_wconf 87' lang='lat' dir='ltr'><strong>commissi.</strong></span> 
     </span>
    </p>
   </div>
   <div class='ocr_carea' id='block_1_6' title="bbox 0 0 1616 5042">
    <p class='ocr_par' dir='ltr' id='par_1_17' title="bbox 0 0 1616 5042">
     <span class='ocr_line' id='line_1_48' title="bbox 0 0 1616 5042; baseline 0 0"><span class='ocrx_word' id='word_1_393' title='bbox 0 0 1616 5042; x_wconf 95' lang='lat' dir='ltr'><strong> </strong></span> 
     </span>
    </p>
   </div>
  </div>
 </body>
</html>
