3198 5036
165 185 232 244 124
693 195 904 240 suberanus

164 308 242 370 toria
268 306 400 388 proferre
423 306 456 367 iu
484 311 615 388 utroque
636 305 761 386 praefato
782 323 885 368 seusu.
907 341 945 352 —-
963 305 1071 384 azoel,
1099 325 1131 368 n.
1154 307 1205 369 at.
1231 303 1266 366 S.
1291 303 1375 386 Lig,
1398 303 1435 366 de

162 395 275 474 duob,
291 417 324 458 n.
340 399 416 470 220,
432 401 490 457 eto.

283 524 475 600 Quaestta.

201 657 270 717 287.
294 689 335 700 -
360 655 461 728 Quas.
492 658 524 715 1⁰
546 653 595 714 An
623 653 739 714 omissio
761 652 839 715 ooeis
866 671 940 715 aaut
965 656 998 713 in
1016 653 1118 734 forma
1144 653 1374 713 consecrationis
1394 649 1437 712 sit

182 743 283 804 raos's?
953 803 957 812 ,

161 763 181 823 9
201 831 290 910 Resp.
304 849 316 892 .·
333 829 589 892 Controuertitur.
603 830 635 892 1⁰
650 831 809 893 Sententia
821 829 1022 911 probabiliter
1034 839 1139 910 negat,
1151 830 1225 910 qlria
1237 847 1296 891 vox
1309 827 1362 889 illa
1373 845 1437 890 uon

161 919 312 1000 reperitur
324 919 357 980 in
369 919 471 982 verbis
484 939 502 980 a
516 919 635 982 Christo
650 919 791 1000 prolatis,
808 926 839 982 et
853 918 977 982 aliunde
984 920 1085 1000 quoad
1097 918 1234 980 Eoelesiae
1248 923 1436 998 praeoeptum

161 1026 224 1070 non
239 1007 361 1070 videtur
375 1008 559 1070 constituere
571 1009 733 1070 materiam
748 1027 881 1088 gravem.
898 1044 938 1054 -
952 1008 1004 1070 Ito
1015 1006 1048 1068 S.
1066 1008 1146 1088 Lig„
1165 1027 1195 1067 n.
1211 1010 1282 1070 220.

201 1096 250 1158 11⁰
274 1097 433 1160 Sententia
456 1095 609 1178 asfinnat,
626 1103 657 1159 et
678 1097 758 1158 bano
780 1095 814 1158 S.
840 1097 908 1177 Lig.
932 1096 1007 1159 dicit
1028 1114 1089 1158 non
1106 1115 1170 1158 esse
1188 1093 1433 1176 improbabilem.

161 1186 250 1248 Ratio
264 1193 325 1259 est,
343 1179 466 1268 qinein
480 1203 512 1247 re
526 1191 591 1246 tarn
610 1184 696 1264 gravi
709 1203 772 1247 non
784 1185 907 1248 videtur
924 1185 990 1248 dari
1002 1184 1078 1248 levis
1092 1184 1221 1246 materia
1236 1183 1270 1245 in
1285 1201 1435 1264 qrraomn

162 1291 221 1353 que
233 1275 406 1337 mutatione
418 1274 593 1336 deliberata.

200 1363 301 1436 Quen.
317 1367 351 1426 2⁰
364 1365 416 1424 An
432 1366 465 1422 in
482 1366 701 1424 consecratione
720 1364 919 1445 requirantur
939 1375 972 1423 ut
987 1363 1156 1425 essentialia
1174 1361 1232 1423 illo
1248 1361 1338 1424 verba
1350 1371 1434 1423 onte-

161 1447 320 1513 cedentia:
332 1470 382 1521 our
402 1469 503 1513 rmum
524 1469 607 1522 ouen
628 1470 820 1527 Perpennae,
837 1457 999 1515 etesium
1022 1470 1117 1528 nono,
1133 1454 1213 1514 eta?

200 1539 291 1620 Resp.
321 1539 399 1621 Nep.
425 1557 495 1602 eum
519 1539 670 1602 sententia
690 1541 864 1616 communi,
888 1559 983 1621 quam
1002 1547 1085 1604 tenet
1102 1539 1137 1601 S.
1157 1540 1240 1621 Lig,
1259 1561 1290 1600 n.
1306 1543 1377 1602 Μ.
1393 1575 1433 1584 -

160 1627 257 1708 Lago,
283 1633 340 1690 eto.
362 1627 449 1692 Ratio
474 1634 534 1703 est,
553 1628 627 1710 quia
643 1629 708 1692 haee
729 1630 821 1692 verba
841 1629 985 1692 historice
1005 1635 1127 1692 tantum
1148 1627 1355 1710 proferuntur,
1378 1645 1433 1690 neo

161 1715 256 1776 ullam
271 1715 430 1780 efficaciam
447 1719 696 1782 sacramentalem
713 1718 824 1780 habere
836 1718 991 1782 videntur.
1009 1721 1155 1781 Attamen
1173 1718 1200 1780 si
1214 1716 1378 1798 aliquando
1393 1717 1431 1779 ob

160 1803 287 1866 dubiam
302 1805 558 1869 consecrationem
579 1806 677 1869 forma
696 1808 858 1888 repetenda
879 1807 937 1881 sit,
950 1811 1042 1888 juxta
1055 1807 1203 1872 Rubrioas
1220 1805 1433 1886 incipiendum

160 1891 218 1954 erit
231 1913 268 1956 ex
279 1895 399 1958 verbis:
418 1895 473 1978 qui
484 1896 602 1978 pridie,
616 1902 647 1959 et
658 1896 753 1958 simili
767 1896 863 1958 modo.
879 1933 919 1942 —
940 1897 1015 1960 Vide
1030 1897 1066 1959 S.
1080 1895 1163 1977 tn„
1180 1916 1213 1956 n.
1228 1899 1298 1957 Μ.

201 1984 301 2056 Quas.
327 1989 357 2046 3ο
381 1984 434 2046 An
460 1987 493 2043 in
516 1985 733 2048 consecratione
753 1986 856 2048 calicis
878 1985 944 2047 solo
969 1987 1030 2048 bae
1056 1986 1170 2048 verbo:
1185 2002 1233 2046 uro
1261 2002 1314 2046 ssr
1343 1999 1430 2045 cmix

158 2072 324 2134 Snaoururs
345 2091 437 2135 nm...
454 2074 516 2134 sint
529 2073 565 2135 de
577 2077 705 2135 essentia
717 2073 848 2154 forma?

198 2159 288 2242 Hesp.
314 2160 439 2240 Affirrn.
465 2161 553 2225 Ratio
574 2167 619 2224 est
642 2167 673 2224 1⁰
690 2162 764 2242 quia
783 2165 875 2227 verba
893 2164 1127 2228 consecrationis
1146 2162 1234 2245 panis
1253 2165 1326 2224 sunt
1341 2162 1427 2224 hae:

158 2245 227 2308 Hos
240 2257 285 2308 est
299 2247 415 2328 Corpus
428 2268 533 2310 meum.
551 2253 629 2328 Ergo
652 2271 671 2310 a
683 2254 761 2332 pori
777 2252 869 2314 verba
883 2253 1115 2316 consecrationis
1136 2251 1203 2314 vini
1218 2256 1291 2313 sunt
1306 2257 1432 2312 tantum

158 2332 393 2397 haeealia1Hie
413 2347 455 2398 est
476 2337 609 2418 Sanguis
628 2359 723 2417 mens,
745 2340 792 2402 vel
815 2340 874 2403 alia
895 2342 1120 2423 aequivalentia.
1144 2346 1176 2404 9⁰
1199 2340 1275 2416 Quia
1298 2340 1360 2402 sola
1379 2339 1431 2401 illa

158 2423 251 2484 verba
262 2443 323 2503 per
340 2443 369 2484 se
383 2424 560 2506 exprimunt
578 2428 774 2506 praesentiam
796 2429 961 2511 Sanguinis
975 2429 1090 2494 Christi
1106 2431 1163 2494 sub
1177 2428 1333 2510 speciebus
1349 2426 1427 2489 vini.

158 2544 199 2556 -
211 2511 264 2572 Ita
277 2517 472 2576 communiter
485 2521 590 2576 eontra
601 2516 730 2598 aliquos.
745 2554 785 2564 —
800 2519 872 2581 Vide
885 2518 920 2581 S.
937 2519 1021 2602 Liq„
1038 2541 1068 2581 n.
1085 2525 1156 2584 mo.

199 2601 301 2674 Quoia.
318 2605 352 2664 t⁰
373 2609 420 2663 An
439 2602 538 2666 nabot
551 2605 672 2684 foma,
690 2607 718 2668 si
735 2607 878 2670 dicatur:
895 2626 952 2671 noc
972 2628 1049 2671 mun
1070 2629 1179 2672 coneus
1200 2628 1302 2683 naun,
1326 2606 1429 2668 sulin-

159 2687 324 2768 telligendo
337 2709 401 2767 asr,
418 2701 453 2753 ut
467 2695 499 2753 in
513 2693 619 2776 lingna
635 2694 730 2757 latino
742 2697 918 2780 frequenter
930 2698 1003 2780 fieri
1013 2696 1109 2760 solet?

198 2775 290 2860 Resp.
308 2779 386 2862 Neg.
402 2785 479 2845 Nam
493 2781 563 2844 lieet
581 2782 614 2844 in
630 2786 775 2848 continua
793 2786 929 2849 oratione
941 2787 1071 2849 verbum
1092 2787 1324 2850 substantivum
1343 2785 1429 2848 iaoile

159 2865 348 2948 subintelligi
364 2867 475 2949 possit,
497 2869 532 2932 iu
546 2889 618 2934 nasu
637 2881 741 2936 tamon
755 2875 897 2954 prasenti
918 2876 950 2938 id
968 2875 1034 2938 fieri
1056 2875 1178 2957 nequit;
1196 2883 1264 2937 tum
1279 2874 1429 2956 quianon

157 2952 289 3016 habetur
303 2957 399 3020 oratio
413 2959 574 3036 continua,
591 2965 660 3023 tum
674 2961 843 3044 prasertim
858 2963 933 3043 quia
950 2963 985 3026 in
1004 2983 1037 3026 re
1050 2966 1087 3027 de
1105 2983 1166 3045 qua
1178 2963 1315 3043 agimus,
1331 2963 1430 3026 forma

158 3043 333 3105 nonhabet
354 3051 478 3109 tantum
508 3066 632 3112 sensum
656 3051 870 3127 assertorium,
895 3059 932 3114 ut
957 3052 990 3114 in
1016 3071 1155 3116 sermone
1180 3051 1354 3126 communi,
1377 3051 1429 3114 sed

158 3129 251 3192 etiam
273 3132 347 3236 vim·
360 3135 711 3201 transsubstantiationis
735 3137 926 3202 efficientem.
941 3177 980 3187 -
997 3141 1031 3205 S.
1056 3143 1140 3222 aa,
1163 3161 1194 3203 n.
1220 3145 1295 3216 223,
1318 3140 1430 3202 etalii

157 3236 401 3284 communissima.

653 3383 828 3460 CAPUT
860 3385 922 3460 111

497 3561 547 3609 DE
573 3562 771 3613 MINISTRO
797 3565 1086 3616 EUCHARISTIAE

194 3733 352 3814 Agendum
377 3743 407 3800 1ο
428 3738 464 3800 de
486 3723 633 3819 potestate
654 3739 803 3817 Ministri;
823 3775 864 3787 -
886 3746 919 3805 2⁰
943 3744 979 3806 de
1001 3745 1139 3825 ejusdem
1164 3743 1363 3824 obligatione;
1385 3779 1426 3790 -

156 3821 188 3880 3ο
202 3820 238 3882 de
253 3824 408 3903 requisitis
420 3826 459 3888 ad
473 3827 531 3888 rite
548 3827 807 3906 ministrandum3
820 3865 862 3876 —
875 3836 908 3894 4⁰
923 3832 960 3894 de
973 3834 1063 3895 modo
1081 3834 1110 3894 S.
1128 3832 1352 3896 Eucharistiam
1365 3833 1428 3896 mi-

156 3905 309 3972 nistrandi
323 3911 471 3991 infirmis;
486 3951 525 3960 -
540 3919 572 3978 5⁰
581 3917 618 3978 de
632 3917 721 3979 modo
733 3935 802 3980 eam
814 3919 1000 3984 asservandi.

662 4096 874 4162 ARTIGULUS
904 4101 916 4161 1

481 4239 519 4283 or
539 4239 708 4286 rornsrsra
729 4243 865 4289 urnrsrar
886 4247 1094 4292 aocnnmsrrn

153 4363 334 4533 pelblsiantigter
350 4369 549 4438 Eucharistiae
566 4377 677 4458 duplex
696 4384 756 4456 est,
773 4379 885 4444 scilieet
904 4382 983 4446 alius
997 4383 1246 4464 consecrationis,
1264 4384 1344 4448 alius
1361 4385 1425 4449 dis·

261 4475 272 4516 1
293 4475 353 4520 ms.
