3220 5042
213 209 282 268 256
742 215 950 260 anscausus

256 335 307 396 IV.
324 329 499 396 Reservatio
513 328 605 392 allicit
619 327 797 389 immediate
811 325 1051 399 Gardessarium,
1068 329 1098 386 ct
1117 324 1248 387 mediate
1262 325 1465 405 poenitentem
1479 350 1486 402 ;

216 423 289 504 quia
302 425 483 502 potestatem
491 415 672 482 confessarii
682 415 860 478 immediate
869 413 1005 492 attingit,
1015 430 1143 494 eamque
1150 420 1292 476 coarctat.
1303 449 1344 460 —-
1353 414 1389 478 S.
1401 415 1488 499 cry..

216 534 247 572 n.
262 516 331 584 580,
348 514 417 582 581,
435 519 461 568 et
477 507 533 567 alii
555 506 754 568 communiter
766 508 870 566 contra
883 501 1014 583 aliquos.

256 605 347 663 Porro
361 597 497 678 plerique
511 615 598 658 casus
619 593 800 675 episcopales
815 597 889 654 sunt
906 590 1084 671 simpliciter
1098 593 1246 654 reservati
1260 593 1326 655 sine
1339 611 1468 658 censura
1480 617 1488 671 ;

217 707 304 753 casus
318 693 424 748 autem
439 686 557 766 papales
577 683 637 746 iere
651 700 757 745 omnes
775 698 935 744 censuram
954 679 1081 754 habent,
1097 686 1127 742 et
1144 680 1352 761 principaliter
1366 690 1491 763 propter

217 793 377 842 censuram
391 780 596 847 reservantur,
612 771 658 833 ita
680 777 717 833 ut
740 770 774 831 in
792 769 831 831 iis
850 774 1021 832 reservetur
1044 767 1221 831 immediate
1239 787 1368 832 censura
1380 775 1411 832 et
1424 789 1491 834 me-

217 867 298 928 diate
313 884 366 926 seu
385 861 546 926 accessorio
564 861 667 940 ipsum
688 866 854 939 peccatum.
872 857 950 919 Hinc
964 857 999 918 in
1012 857 1133 920 casibus
1145 858 1318 937 papalibus,
1334 868 1492 923 reservata

218 971 361 1028 censura,
377 952 471 1014 etiam
485 958 642 1030 peccatum
654 952 759 1011 manet
773 952 975 1021 reservatum
990 946 1169 1009 econtrario
1184 965 1268 1021 vero,
1286 949 1409 1010 sublata
1420 968 1491 1012 ceu-

218 1062 305 1116 sum,
331 1062 359 1104 v.
375 1060 433 1121 gr„
449 1059 485 1102 ex
502 1057 535 1100 eo
554 1040 636 1119 quod
649 1039 789 1118 ignorata
812 1035 921 1110 fuerit,
938 1053 1035 1116 neque
1049 1040 1207 1115 peccatum
1221 1043 1266 1097 est
1280 1044 1487 1112 reservatum,

219 1131 307 1214 quia,
324 1130 443 1192 sublato
457 1126 672 1190 reservationis
684 1126 811 1207 objecto,
829 1125 861 1187 id
875 1130 922 1186 est
937 1142 1079 1198 censura,
1092 1127 1158 1205 jam
1172 1131 1328 1205 peccatum
1344 1143 1406 1188 non
1419 1145 1492 1189 ma-

218 1227 271 1284 net
282 1225 483 1282 reservatum.
499 1252 540 1261 -
553 1215 588 1276 S.
604 1215 672 1296 Lip.
690 1237 721 1276 a.
741 1219 810 1278 580.
825 1250 864 1269 ,-
878 1215 973 1276 Casus
989 1218 1093 1274 autem
1106 1218 1193 1293 Papae
1212 1213 1359 1276 reservati
1376 1214 1490 1296 absque

219 1327 347 1372 censura
366 1313 440 1368 sunt
465 1305 524 1367 duo
541 1325 548 1365 :
567 1305 690 1386 primus
710 1303 821 1364 scilicet
845 1302 881 1364 de
904 1321 937 1364 eo
960 1302 1015 1382 qui
1036 1301 1143 1382 recipit
1161 1319 1290 1364 munera
1309 1302 1342 1363 in
1361 1304 1490 1366 materia

219 1395 306 1478 gravi
329 1415 345 1456 a
369 1393 570 1473 Regrdaribus
584 1392 746 1472 utriusque
770 1409 876 1465 seran,
898 1389 1048 1470 quamdiu
1068 1390 1176 1452 saltem
1196 1397 1314 1470 accepta
1328 1393 1489 1455 restituere

220 1484 310 1558 nolit,
332 1501 405 1546 nam
429 1483 455 1544 si
477 1481 634 1544 restituere
657 1479 827 1542 consentiat
846 1480 931 1541 nulla
948 1485 995 1540 est
1014 1479 1179 1541 reservatio
1199 1479 1256 1559 (ea
1278 1479 1409 1542 Constit.
1430 1481 1490 1544 Cle

220 1581 317 1638 ment.
331 1574 398 1634 VIII
410 1579 441 1633 et
455 1569 571 1634 Urbani
586 1569 684 1650 VIII);
705 1568 853 1630 recurvatus
868 1571 989 1643 autem,
1007 1567 1034 1628 si
1049 1567 1160 1630 mulier
1171 1568 1358 1632 calumniose
1372 1577 1489 1632 accuset

221 1670 275 1726 aut
294 1659 454 1724 denuntiet
476 1660 512 1722 de
532 1657 742 1720 sollicitatione
763 1655 988 1720 confessarium
1008 1656 1200 1718 innocentem
1219 1659 1274 1735 (cr
1289 1655 1421 1719 Constit.
1435 1663 1488 1722 Be-

221 1753 290 1815 ned.
306 1750 399 1830 XIV).

261 1842 347 1904 Circa
373 1837 610 1901 reservationem
638 1837 676 1898 ab
707 1835 862 1916 Episcopis
891 1833 1061 1896 taciendam
1095 1842 1264 1915 opportune
1294 1837 1427 1899 notanda
1455 1855 1488 1898 ea

221 1935 401 2004 accurrunt,
418 1945 486 2008 quae
506 1926 655 1989 hahemus
673 1927 755 2006 apud
769 1924 919 1988 Benedici.
936 1925 1014 1998 XIV,
1037 1922 1083 1984 De
1102 1923 1219 2005 Spnod.
1237 1924 1364 1988 Dioeces.
1383 1925 1433 1986 lib.
1451 1927 1487 1998 V,

222 2039 290 2100 cap.
308 2039 340 2081 v.

265 2108 452 2187 Quamquam
464 2125 532 2165 vera
548 2102 678 2184 (inquit,
696 2125 726 2163 n..
743 2104 778 2182 t)
793 2123 853 2162 riva
863 2103 962 2184 possit
978 2101 1080 2183 quood
1092 2101 1147 2162 bac
1165 2113 1246 2163 certa
1261 2103 1366 2184 repulo
1380 2103 1491 2185 ubique

224 2194 422 2257 custodienda
431 2191 627 2273 praescribi...
636 2209 648 2267 ‚·
661 2199 794 2250 attamen
810 2193 907 2250 instar
921 2189 1034 2270 repulia
1044 2211 1104 2252 esse
1113 2200 1244 2270 possunt
1260 2191 1396 2272 qaedam
1406 2211 1493 2272 pene-

224 2285 305 2345 ralia
319 2283 445 2358 monita,
462 2291 488 2340 et
504 2281 644 2352 Decreta,
657 2298 725 2360 quer
736 2299 755 2338 a
769 2281 872 2339 Sacris
887 2279 976 2341 Urbis
990 2278 1282 2360 Conprepationibus
1292 2281 1349 2342 bac
1359 2299 1451 2362 svper
1461 2299 1492 2339 re

225 2379 417 2432 emanarunt.

264 2463 353 2522 Sacra
373 2461 480 2538 congr.
498 2456 714 2536 Episcoporum
729 2462 760 2518 et
779 2455 978 2535 Regularium
991 2457 1121 2538 negotiis
1141 2459 1316 2540 preposita,
1340 2457 1389 2521 die
1411 2461 1494 2523 bla-

225 2545 328 2608 nuarii
342 2549 431 2620 labi,
457 2545 590 2606 locorum
605 2543 779 2606 Ordinarios
793 2543 838 2606 ita
850 2546 1017 2607 monendos
1032 2547 1143 2609 statuit
1160 2567 1166 2608 :
1187 2547 1234 2609 Ne
1250 2548 1381 2609 locorum
1398 2546 1497 2608 Ordi-

225 2635 308 2696 narii
323 2633 430 2714 quibus
438 2635 494 2715 jus
509 2634 562 2693 boc
578 2633 827 2694 resarciendarum
847 2654 969 2694 casuum
985 2637 1138 2716 competit,
1151 2637 1295 2716 pluribus
1310 2655 1400 2717 quam
1417 2654 1497 2716 opus

225 2725 262 2785 sit
284 2723 552 2800 reservationibus,
574 2721 702 2783 subditis
724 2733 776 2782 aut
796 2722 1000 2802 Confessariis
1021 2725 1053 2784 in
1074 2725 1247 2786 arvirnarum
1264 2725 1362 2786 salute
1380 2743 1497 2806 pracu-

227 2813 326 2874 randa
347 2812 578 2892 cooperantibus
597 2812 655 2872 siut
674 2812 813 2887 onerosi‚·
832 2823 1015 2873 moneantur
1041 2833 1157 2888 omnes,
1178 2824 1211 2874 ut
1229 2813 1363 2895 paucos,
1389 2833 1497 2895 eosque

228 2913 347 2964 tautum
356 2921 430 2982 quos
439 2901 480 2960 ad
490 2893 698 2963 Christianam
707 2900 900 2982 disciplinam
910 2901 1110 2982 retinendam,
1125 2904 1359 2985 animarumque
1369 2902 1426 2963 sibi
1435 2921 1498 2962 cre-

229 2993 360 3052 ditarum
375 2989 518 3064 salutem,
534 3010 595 3071 pro
611 2989 744 3069 cujusvis
760 2990 894 3052 diaecesis
909 2999 990 3051 statu
1010 3001 1038 3052 et
1054 2992 1200 3073 qualitate
1218 2992 1386 3052 necessario
1400 3010 1498 3051 reser-

230 3079 340 3142 vandos
356 3099 416 3140 esse
424 3079 648 3157 judicaverint,
664 3089 827 3140 reservent.
841 3113 882 3126 -
895 3080 1038 3160 Idemque
1053 3079 1208 3144 monitum
1221 3080 1431 3160 replicandum
1441 3079 1499 3140 de-

228 3169 323 3232 crevit
335 3167 383 3230 die
396 3171 436 3231 26
448 3166 627 3232 Novembris
643 3171 740 3231 lova:
759 3167 823 3228 Sed
837 3188 874 3228 ae
890 3167 1024 3229 locorum
1042 3167 1201 3230 Ordiaarii
1209 3217 1216 3244 ,
1233 3169 1274 3230 ad
1285 3189 1360 3250 quos
1375 3188 1499 3229 casuum

228 3258 394 3319 reservatio
413 3267 541 3338 spectat,
564 3276 598 3317 eu
619 3257 651 3316 in
671 3277 703 3317 re
720 3256 843 3317 niodum
867 3256 1028 3334 excedant,
1055 3257 1158 3318 eadem
1177 3257 1275 3320 Socra
1295 3257 1501 3338 Coaprepativ

195 3373 202 3382 ·
230 3348 299 3409 illos
312 3366 435 3408 rursum
453 3365 636 3427 mapnopere
655 3345 860 3406 adnrcneadcs
883 3357 992 3424 censet,
1018 3357 1051 3407 ut
1072 3348 1278 3429 nonpossint,
1300 3345 1355 3407 sed
1371 3365 1437 3406 cum
1466 3346 1504 3405 ivl

230 3436 382 3498 videbitur
396 3435 547 3494 communi
562 3434 638 3495 bono
658 3434 818 3517 expedire,
835 3436 1018 3496 atrociorem
1031 3445 1149 3497 tantum
1163 3447 1190 3497 et
1206 3437 1377 3518 praviorem
1392 3433 1504 3492 crimi-

230 3547 301 3586 num
310 3523 529 3586 absolutionem
539 3523 598 3584 sibi
603 3533 767 3598 reservent,
779 3545 906 3604 quorum
915 3525 1081 3585 reservatio
1092 3524 1134 3585 ud
1142 3523 1346 3587 Christianum
1359 3521 1504 3602 discipl-i-

231 3635 300 3674 nam
315 3611 504 3674 retinendum
520 3611 657 3691 coraserot
673 3623 701 3672 et
718 3614 749 3672 ia
759 3611 1002 3694 vedificationem,
1014 3635 1074 3674 aon
1089 3623 1189 3674 autem
1206 3615 1237 3674 in
1251 3611 1502 3684 aestimationem,

230 3701 315 3765 cedat
328 3721 340 3762 .·
360 3722 397 3762 ne
418 3701 565 3782 alioquin,
584 3701 777 3762 Sacrameati
795 3701 988 3764 Poeaitentioe
1005 3702 1216 3762 Ministrorum
1238 3709 1389 3784 potestate
1409 3719 1505 3760 coar·
1603 3735 1604 3788 3

230 3801 328 3864 cteta,
351 3800 462 3852 sancta
480 3791 585 3850 matris
606 3789 753 3852 Ecclesia
768 3791 832 3871 pioe
851 3791 946 3850 menti
961 3792 1131 3852 contrarius
1152 3789 1502 3871 effectussubscquutvr.

232 3881 374 3940 Prohibet
390 3879 496 3949 etiam,
513 3897 549 3938 ac
570 3879 628 3938 sibi
646 3879 801 3959 superflue
822 3889 976 3940 reservent
998 3901 1084 3942 casus
1105 3882 1135 3940 in
1150 3879 1247 3953 Bulla
1264 3879 1312 3940 alie
1327 3877 1427 3941 Cana
1439 3875 1504 3937 Do-

230 3969 304 4028 mini
319 3969 378 4049 Iepi
393 3977 533 4028 consueta
548 3976 713 4041 contentos,
728 3987 823 4048 aeque
839 3967 916 4028 alios
930 3968 1006 4030 Sedi
1020 3969 1203 4051 Apostolicce
1213 3967 1391 4050 specialiter
1405 3985 1503 4028 reser-
1602 3977 1603 3982 ’

231 4065 325 4116 vatos.

271 4144 435 4225 Enoyclicae
464 4165 584 4227 quoque
609 4146 719 4209 litterae
739 4146 776 4208 ab
800 4147 905 4210 eadem
933 4149 1022 4211 Sacra
1045 4147 1296 4229 congregatione,
1323 4146 1429 4208 eadem
1454 4141 1502 4204 die
1602 4165 1603 4219 q

231 4237 270 4297 96
285 4233 464 4296 Novembris
483 4239 576 4310 1609,
598 4236 637 4297 ad
656 4235 815 4316 Episcopus
829 4235 863 4298 in
881 4237 965 4300 hunc
978 4239 1106 4300 modum
1120 4239 1198 4300 data
1220 4242 1316 4300 sunt:
1340 4233 1504 4314 Pracipuc

231 4341 301 4383 vcro
316 4321 378 4382 brec
393 4324 542 4384 monenda
556 4334 657 4386 reviset
670 4325 768 4388 Sacra
784 4323 999 4408 Conprepatim
1015 4337 1048 4387 ut
1063 4327 1187 4388 videant
1202 4326 1264 4408 ipsi
1281 4321 1451 4398 Ordiaurii,
1465 4339 1505 4378 ae

232 4411 298 4473 illos
314 4431 400 4472 casus
411 4413 585 4491 promiscue
600 4424 769 4487 reservent,
791 4413 899 4497 quibus
913 4435 1036 4478 annena
1050 4426 1093 4478 est
1116 4413 1387 4477 excommunicatio
1402 4409 1507 4490 major

231 4521 250 4560 a
259 4501 335 4581 jure
353 4500 511 4580 imposito,
527 4501 787 4594 cujusabsalutio
809 4504 925 4565 nemini
940 4513 1094 4570 reservata
1116 4506 1175 4582 sit;
1196 4504 1256 4565 nisi
1275 4502 1357 4583 sorte
1371 4505 1508 4582 propter
1601 4563 1602 4578 2
