3206 5042
208 259 276 321 378
740 260 950 308 intereras

251 389 281 448 3⁰
298 386 364 444 Non
382 376 553 442 incurritur
566 375 837 458 impedimentum,
855 372 881 434 si
902 371 1014 434 mulier
1033 368 1134 450 rapiat
1148 368 1270 445 virum,
1287 372 1362 452 quia
1380 378 1492 440 Canai-

210 473 288 536 lium
302 469 440 550 loquitur
455 473 579 530 tanturn
594 466 631 527 dc
645 465 710 526 vira
726 470 855 542 raptore.

251 567 282 626 ln
301 565 366 622 Non
389 556 560 619 incurritur
579 554 852 635 inpedimentum,
874 551 899 612 si
917 548 1152 612 Matrimonium
1167 549 1369 613 contrahatur
1388 564 1489 636 rapto-

211 668 277 712 rem
289 649 371 710 intar
386 653 416 708 et
431 652 568 725 raptam,
585 649 749 724 postquam
762 642 826 702 heac
842 660 859 701 u
873 645 1020 720 potestate
1036 637 1168 717 raptoris
1182 637 1276 701 fuerit
1289 640 1425 704 liberata.
1441 649 1488 708 Ex

215 737 388 802 Tridentini
403 742 489 799 textu
501 731 558 794 hoc
572 733 650 794 clare
664 736 798 810 apparet.
814 765 855 775 —
871 729 907 790 S.
928 729 997 808 Lip.
1019 749 1050 788 n.
1068 731 1158 790 lusa.
1176 763 1216 772 -
1234 729 1372 791 Adnotat
1385 741 1487 795 arctam

212 834 292 890 recte
309 827 342 887 S.
366 825 450 906 Lip,
468 823 554 898 ibid,
575 823 684 882 dirrare
702 820 759 880 hoc
777 817 1036 898 impedimentum
1055 817 1201 898 quumdiu
1216 817 1327 879 mulier
1344 828 1431 902 rapta
1444 829 1489 884 est
1592 879 1593 884 ,

212 917 246 978 in
260 921 409 997 potestate
423 911 570 992 raptoris,
589 908 712 971 etiamsi
727 907 819 970 libere
833 905 1010 968 consentiat.

341 1107 362 1196 ἓ
383 1105 445 1172 lll.
467 1109 516 1172 De
534 1103 784 1190 dispensatione
804 1100 846 1166 ob
866 1100 1119 1186 impedimentis
1137 1100 1361 1170 Matrimonii

723 1199 978 1266 dirimentibus.

253 1383 408 1464 Aperrdum
423 1387 454 1442 t⁰
472 1382 509 1442 de
521 1383 668 1459 potestate
685 1376 897 1457 elispansandi;
915 1412 954 1420 -
967 1381 1001 1438 2⁰
1014 1377 1050 1438 de
1065 1376 1164 1438 causis
1182 1376 1431 1456 dispensationis;
1447 1417 1486 1425 -

212 1479 245 1536 3ο
261 1474 297 1534 de
313 1472 402 1532 modo
415 1469 670 1551 dispensationem
685 1466 855 1528 obtinendi.

766 1675 905 1721 PUNGTUM
927 1676 938 1720 1

644 1801 684 1854 De
699 1797 841 1870 potestate
855 1795 1053 1870 dispensandi.

335 1954 560 2034 Principia.

254 2105 323 2164 861.
341 2135 380 2148 ,..
398 2103 421 2160 l.
442 2105 522 2178 Papa
537 2099 710 2178 dispensare
729 2101 826 2176 potest
846 2095 883 2158 ab
903 2095 1047 2158 amnibus
1066 2094 1297 2176 impedimentis
1304 2096 1381 2177 juris
1396 2097 1485 2158 eccle-

215 2188 329 2250 siastici
345 2208 351 2248 :
368 2195 400 2250 1ο
415 2188 513 2249 relide
532 2187 565 2248 in
585 2186 669 2248 ornni
686 2205 775 2262 casu;
795 2186 868 2266 quia
882 2183 1049 2265 primarius
1064 2183 1206 2264 Superior
1222 2189 1281 2262 est;
1301 2189 1332 2246 20
1346 2183 1441 2259 licite,
1459 2186 1486 2248 si

210 2280 297 2358 justa
312 2278 348 2338 de
363 2296 453 2340 carisa
466 2277 499 2338 id
514 2275 620 2350 faciat,
637 2275 739 2355 prouti
754 2281 833 2336 recta
848 2273 1027 2353 gubernatio
1041 2273 1181 2354 requirit.

254 2369 290 2426 ll.
307 2365 473 2445 Episcopus
494 2366 668 2444 dispensare
686 2364 795 2442 nequit
815 2363 970 2424 ordinarie
985 2371 1011 2423 et
1032 2362 1068 2424 de
1082 2364 1156 2444 jen-e
1167 2365 1296 2444 proprio
1313 2363 1346 2426 in
1360 2364 1487 2444 impedi-

214 2454 327 2513 mentis
349 2453 576 2514 dirimentibus.
597 2452 684 2514 Ratic
708 2459 768 2524 est,
791 2451 864 2531 qtria
885 2452 1050 2532 Episcopus
1069 2451 1147 2514 nilnl
1162 2457 1258 2532 potest
1275 2453 1310 2514 in
1330 2453 1486 2515 communi

215 2541 353 2602 Ecclesia
365 2543 448 2618 jure,
462 2539 521 2601 nisi
535 2559 571 2602 ax
583 2539 773 2602 cetrcessionc
787 2541 913 2604 Consilii
928 2542 974 2602 rel
990 2544 1091 2621 Papae,
1105 2547 1156 2602 aut
1166 2559 1200 2601 ex
1212 2540 1350 2618 legitima
1361 2560 1488 2604 aerisue-

214 2629 332 2690 tudine.
351 2629 488 2709 Episcopi
503 2635 606 2690 autern
621 2649 658 2691 ax
674 2630 757 2690 nulla
770 2630 883 2692 harum
897 2629 1054 2692 rationum
1061 2633 1109 2711 jus
1119 2628 1308 2706 dispensandi
1321 2629 1355 2688 in
1371 2630 1488 2692 talibus

214 2717 443 2798 impedimentis
459 2716 518 2780 sibi
533 2717 687 2780 uindicare
702 2727 845 2799 possunt,
863 2725 899 2780 ut
913 2725 997 2798 patet
1010 2725 1078 2780 turn
1093 2737 1128 2780 ax
1139 2716 1223 2797 praxi
1239 2715 1395 2788 Eustasius,
1412 2722 1489 2778 tum

214 2826 250 2868 ex
267 2807 360 2868 uariis
375 2808 633 2870 Declarationilms
654 2808 690 2870 S.
710 2809 857 2890 Ceitprep.
874 2815 905 2870 et
919 2807 1090 2887 prasertim
1106 2806 1151 2868 Pii
1164 2807 1231 2878 Vll,
1248 2824 1327 2866 anno
1347 2807 1437 2880 lact,
1454 2805 1489 2867 in

213 2896 369 2975 Rescripta
391 2898 429 2957 ad
455 2897 614 2976 Episcopos
640 2898 762 2973 Galliam
787 2896 821 2958 in
850 2917 909 2977 quo
935 2895 1072 2959 Pontifex
1091 2895 1298 2976 corripuerim,
1324 2895 1405 2975 quod
1427 2912 1490 2956 uon

214 3002 320 3046 amiras
334 2985 436 3048 cattia
455 2984 593 3064 Episcopi
614 2987 652 3046 ad
665 2989 694 3047 S.
712 2987 820 3049 Seuera
834 2987 1019 3048 recurrerint
1033 3005 1086 3066 pro
1105 2984 1279 3047 obtinendis
1294 2982 1489 3045 facultatibus

213 3073 252 3133 ud
267 3073 440 3134 renotanda
453 3073 649 3136 Matrimonia
662 3081 794 3154 tempore
807 3075 1047 3154 perturbationis
1062 3075 1164 3138 Gallica
1178 3073 1312 3135 invalide
1329 3073 1489 3134 contracta.

336 3227 530 3302 Quaesitae.

253 3375 323 3434 869..
335 3407 374 3416 -
384 3374 484 3445 Quas.
502 3377 535 3434 1θ
548 3371 596 3432 Aac
609 3373 635 3432 si
647 3374 752 3454 sponsi
761 3374 819 3435 sint
834 3375 958 3438 diuersae
970 3373 1118 3446 diaecesis,
1131 3371 1315 3454 dispensatio
1323 3369 1496 3430 obtinentia

213 3461 250 3520 sit
267 3459 303 3519 ob
320 3470 445 3541 utroque
454 3461 623 3543 Episcopo,
639 3463 665 3522 si
679 3473 803 3544 atemere
813 3485 849 3527 ea
862 3463 988 3526 Indulto
1002 3461 1130 3545 speciali
1139 3461 1284 3542 [11111111
1295 3459 1498 3538 dispensandi

213 3549 363 3628 pendeat?

252 3638 342 3716 Hesp.
358 3658 371 3699 .·
388 3638 643 3714 Controuertitur,
661 3649 691 3704 et
703 3643 813 3722 duplex
828 3649 873 3704 est
888 3644 1039 3706 sententia
1052 3641 1218 3723 probabilis
1234 3659 1241 3702 :

252 3727 285 3788 It
302 3725 459 3788 Sententia
474 3734 574 3806 negat.
594 3730 682 3793 Ratio
699 3738 760 3805 cst,
780 3731 854 3810 quia
871 3749 941 3794 curu
960 3733 1125 3812 Episcopus
1142 3729 1242 3793 aufert
1261 3748 1277 3790 a
1299 3745 1355 3790 suc
1370 3727 1497 3790 sithdito

165 3839 167 3844 ·
212 3815 486 3895 impedimentum,
502 3835 573 3878 aum
591 3818 725 3880 habilem
744 3820 843 3881 reddit
863 3820 901 3882 ad
916 3821 1158 3882 contrahendum
1172 3837 1245 3880 cum
1258 3817 1317 3878 alio
1332 3816 1496 3896 impedito.

212 3909 298 3966 Unus
320 3906 404 3968 eninr
427 3905 492 3968 fieri
512 3906 620 3986 nequit
641 3906 753 3969 habilis
774 3909 812 3969 ad
831 3909 1072 3970 contrahendum
1095 3927 1166 3970 cum
1187 3908 1295 3978 altaro,
1317 3905 1380 3966 uisi
1401 3903 1498 3966 etiarn

212 3991 271 4053 iste
290 3993 344 4055 fiat
365 3993 477 4056 habilis
492 3995 530 4056 ad
546 3996 785 4058 contrahendum
806 4015 877 4059 cum
899 3997 960 4060 illa.
978 3997 1110 4061 Aliunde
1125 4000 1219 4076 Papa,
1237 3994 1407 4074 delegando
1427 3991 1501 4072 Epi-

212 4097 355 4157 scopum,
371 4083 430 4162 ipsi
445 4089 547 4145 totum
558 4086 609 4164 jus
624 4103 716 4146 suurn
734 4085 858 4160 tribuit;
876 4105 944 4164 ergo
964 4087 1044 4149 valet
1063 4085 1250 4166 dispensatio
1270 4081 1414 4164 Episcopi
1431 4099 1502 4161 per-

212 4166 285 4318 iSnde
309 4187 342 4229 aa
369 4170 395 4229 si
418 4190 436 4230 a
457 4175 536 4253 Papa
562 4173 629 4252 ipso
651 4175 872 4237 concederetur.
893 4179 975 4237 lianc
1003 4174 1180 4256 opinionem
1206 4173 1401 4254 prohabilem
1423 4168 1504 4233 dicit

239 4304 246 4317 .
267 4258 352 4339 Lep,
370 4279 401 4317 n.
420 4265 508 4322 tlte.

252 4348 302 4409 ΙΙ1
325 4346 482 4410 Sententia
503 4351 651 4431 affirmat.
672 4353 761 4416 Ratie
782 4360 842 4427 ast,
858 4353 932 4433 quia
950 4354 1115 4435 Episcopus
1135 4352 1230 4418 unius
1243 4349 1510 4434 jurisdictionem

212 4453 275 4580 an
288 4436 380 4497 hahet
391 4437 424 4498 in
441 4439 602 4500 subditum
616 4442 758 4519 altarius;
773 4441 900 4506 facultas
916 4463 986 4506 vero
998 4442 1198 4524 dispensandi
1214 4443 1253 4504 ad
1266 4439 1412 4521 proprios
1429 4436 1512 4501 sub-

233 4526 292 4580 itos
308 4523 514 4599 restringitur.
