3220 5042
213 190 283 250 111
741 195 952 242 anserinus

255 317 343 396 Rerp.
360 332 373 373 .·
387 317 467 375 Sunt
480 317 517 372 ut
532 308 703 390 plurimum
721 313 901 390 sequentes:
919 314 952 371 10
967 308 995 370 si
1011 327 1094 370 nunc
1114 309 1156 370 sit
1174 308 1337 370 necessitas
1358 307 1497 372 habendi

215 406 317 486 plures
336 399 639 476 confessoresque
658 403 762 478 postea
780 402 890 472 cesset;
904 399 936 459 10
948 397 976 458 si
996 397 1210 478 approbandus
1230 396 1342 458 habeat
1363 395 1497 478 quidem

216 491 418 556 sufficientem
439 486 615 561 scientiam,
639 487 690 548 sed
712 484 821 547 merito
843 489 940 566 major
961 485 1149 548 desideretur
1173 485 1212 548 ad
1240 485 1496 566 approbationem

214 585 409 662 perpetuam3
421 583 452 640 3⁰
465 577 492 640 si
502 577 667 656 prudenter
680 574 827 636 timeatur
840 593 890 648 ne,
904 578 971 654 post
984 574 1127 636 habitam
1139 574 1231 636 semel
1243 573 1497 654 approbationem

214 675 409 750 perpetuam,
428 664 568 728 studium
589 663 737 743 negligat3
754 668 788 725 10
806 664 845 724 ad
868 661 1105 743 experiendum,
1126 663 1278 743 quomodo
1302 667 1438 742 aegerat
1459 665 1497 728 in

214 755 401 838 excipiendis
415 751 666 828 confessionibus,
683 752 823 815 videlicet
834 769 875 814 an
888 750 1040 832 principia
1054 750 1207 831 generalia
1225 749 1301 814 bene
1315 750 1446 832 applicet
1460 754 1495 814 in

235 846 318 921 rani,
335 851 393 908 etc.

214 865 233 927 p
254 939 324 1000 513.
338 969 379 980 -
392 938 494 1009 Qonn.
511 936 544 994 60
559 932 609 993 Au
623 930 721 1012 possit
736 929 911 1012 Episcopus
927 931 1030 993 valide
1042 939 1073 991 et
1088 930 1169 991 licite
1186 948 1325 990 reuocare
1339 931 1496 1012 approba-

213 1028 327 1088 tionem
340 1024 522 1084 concessam?

252 1115 345 1194 Hesp.
362 1119 394 1175 1⁰
409 1111 548 1192 Λίβυι,
563 1111 680 1172 ratione
703 1108 888 1186 validitatis,
907 1108 1003 1172 etiam
1022 1108 1089 1170 sine
1106 1110 1193 1188 justa
1206 1127 1307 1171 causa.
1323 1108 1416 1172 Ratio
1429 1117 1493 1184 est,

214 1209 245 1266 10
259 1199 412 1283 quietalis
427 1198 577 1262 revocatio
591 1197 627 1260 fit
640 1198 674 1260 in
689 1215 721 1259 re
735 1195 883 1277 Episcopo
896 1196 942 1259 ita
956 1197 1107 1278 subjecta,
1122 1203 1158 1259 ut
1170 1198 1208 1258 ab
1220 1197 1272 1259 illo
1286 1201 1411 1260 uotum
1422 1217 1495 1278 pro-

213 1292 317 1356 venire
331 1293 436 1371 queat;
452 1293 486 1351 10
501 1287 575 1366 quia
593 1285 784 1367 approbatio,
802 1285 896 1347 etiam
912 1286 1032 1366 injuste,
1046 1290 1198 1361 revocata,
1208 1289 1275 1367 jam
1290 1303 1352 1348 non
1365 1287 1492 1356 existit.

212 1399 266 1442 seu
279 1397 342 1442 non
352 1383 452 1458 potest
467 1375 529 1438 dici
542 1374 720 1455 simpliciter
734 1373 840 1437 habita
855 1393 908 1436 sou
922 1373 1058 1436 obtenta.
1074 1374 1177 1435 -lto
1200 1376 1401 1436 communiter
1418 1394 1493 1439 cum

213 1466 249 1530 S.
262 1468 346 1548 Lep,
361 1487 392 1527 ιι.
410 1471 479 1530 551.
495 1499 537 1510 -
552 1465 708 1540 Billuort,
726 1462 798 1524 diss,
813 1482 862 1536 ιιι,
878 1471 938 1524 ort.
955 1468 985 1526 5.

246 1545 344 1638 'Hesp
365 1560 417 1618 1οε
439 1553 570 1616 Ratione
593 1552 752 1622 liccitotis,
772 1551 843 1612 dist.
865 1557 897 1613 10
915 1555 1017 1614 Potest
1029 1551 1155 1632 quidem
1169 1552 1334 1633 Episcopus
1350 1553 1448 1634 justis
1460 1557 1495 1617 de

213 1644 315 1707 causis
329 1661 469 1706 revocare
479 1641 729 1723 approbationem
741 1640 835 1702 etiam
849 1639 1004 1701 illimitate
1017 1658 1204 1716 concessam;
1220 1641 1276 1703 boo
1290 1641 1376 1704 enim
1390 1643 1493 1723 sequi-
1592 1675 1593 1708 ;

211 1741 264 1796 tur
275 1752 313 1796 en
325 1731 503 1796 necessitate
517 1729 759 1811 approbationis,
774 1747 843 1808 quae
862 1729 1012 1808 postulat,
1029 1734 1065 1790 ut
1077 1729 1219 1809 quisquis
1233 1736 1330 1796 cessat
1345 1749 1410 1793 esse
1423 1731 1491 1794 ido-

210 1841 302 1897 neus,
319 1822 356 1884 ab
376 1819 473 1884 officio
489 1825 694 1884 removeatur.
710 1821 742 1879 10
756 1821 824 1881 Non
837 1823 1055 1898 potestantem
1079 1817 1329 1898 approbationem
1349 1837 1490 1882 revocare

210 1911 276 1972 sine
287 1914 372 1992 jueta
385 1929 486 1973 causa.
503 1907 628 1972 Etenim
646 1926 684 1968 er
698 1906 789 1968 dictis
803 1925 866 1969 non
878 1912 978 1986 potest
990 1905 1155 1987 Episcopus
1169 1908 1418 1987 approbationem
1434 1910 1490 1971 de-

210 2018 319 2080 negare
338 2000 403 2062 sine
420 2017 529 2060 causa:
546 2015 615 2076 ergo
637 2017 656 2057 o
677 1996 806 2075 fortiori
828 2013 891 2058 non
912 1999 1009 2076 potest
1023 1994 1090 2057 sine
1104 2013 1195 2058 causa
1209 2013 1382 2059 concessam
1395 2013 1488 2060 revo-

209 2105 289 2163 cere3
307 2087 461 2168 siquidem
472 2105 510 2148 ex
523 2086 633 2147 effato:
648 2084 780 2164 Turpius
795 2085 931 2164 ejicitur,
949 2103 1040 2166 quom
1052 2103 1115 2145 noo
1130 2083 1306 2146 admittitur
1318 2085 1429 2167 hospes.
1446 2121 1489 2132 —

211 2176 248 2240 S.
266 2177 305 2237 Lc'
330 2222 351 2250 .,
367 2183 425 2238 etc.
552 2240 560 2254 ,

249 2195 371 2328 tltq-
385 2263 587 2338 Onnu'EAn
602 2261 772 2342 Episcopus
786 2261 980 2322 Sacerdotem
994 2270 1171 2323 extromum
1186 2263 1356 2345 approbare
1369 2267 1489 2345 possit?

248 2353 338 2433 Hesp.
353 2371 365 2411 .·
385 2349 551 2430 Episcopus
575 2349 741 2430 approbare
766 2355 866 2428 potest
887 2349 1055 2430 quemlibet
1072 2349 1219 2413 idoneum
1238 2351 1272 2412 in
1292 2369 1349 2414 sua
1363 2352 1487 2416 dioeeesi

208 2438 503 2513 commentantem,
524 2437 582 2500 etsi
606 2438 793 2500 transeundo
814 2443 949 2500 tantum.
966 2441 1093 2500 Condat
1111 2457 1148 2501 er
1165 2440 1253 2520 praxi
1272 2440 1443 2503 universali
1457 2451 1488 2504 et

209 2527 363 2592 sententia
376 2527 535 2590 communi
550 2526 758 2604 theologorum
770 2532 876 2588 contra
886 2545 1005 2608 paucos,
1019 2527 1074 2607 qni
1088 2526 1194 2590 adhoc
1207 2528 1487 2611 requiruntquasi-

209 2615 405 2690 domicilinm,
420 2621 474 2678 aut
490 2615 598 2679 saltem
614 2614 799 2676 domicilium
815 2614 1014 2678 dubitationis
1031 2615 1066 2678 in
1080 2616 1203 2678 diaecesi
1223 2617 1359 2697 Episcopi
1374 2635 1486 2698 appro-

208 2705 324 2768 bantis.
338 2705 428 2770 Ratio
450 2708 512 2780 est,
531 2703 605 2786 quia
626 2703 773 2782 delegatio
789 2703 854 2766 sive
869 2705 1054 2789 mandatum
1071 2704 1226 2768 committi
1247 2712 1347 2786 potest
1366 2707 1483 2782 ceusu,

209 2796 377 2858 dummodo
391 2813 487 2875 capax
499 2793 551 2856 sit.
568 2797 693 2857 Constat
706 2792 832 2872 insuper
843 2811 880 2854 ex
893 2793 982 2873 praxi
995 2792 1063 2875 quia
1077 2793 1292 2856 universaliter
1305 2794 1338 2856 in
1353 2796 1482 2859 Ecclesia

210 2890 359 2947 servatur.
375 2919 416 2930 -
429 2884 535 2946 Recole
552 2887 712 2945 Decretum
725 2880 895 2943 innocentii
908 2883 977 2956 XII,
994 2901 1086 2963 supra
1100 2883 1230 2944 relatum
1242 2903 1273 2943 u.
1287 2887 1360 2948 sto.

682 3077 939 3138 ARTIGULUS
972 3078 1005 3137 ΙΙ

706 3231 745 3275 DE
765 3231 990 3276 Juutsulcuton'u

248 3377 424 3444 iurisdictio
438 3375 607 3456 generatim
624 3377 746 3456 stunpta
764 3382 810 3437 est
824 3377 967 3456 quadarn
985 3383 1117 3458 potestas
1133 3375 1257 3439 moralis
1271 3375 1393 3455 regendi
1406 3375 1482 3436 sub-

209 3469 300 3532 ditos.
316 3465 492 3532 iurisdictio
509 3463 710 3530 ecclesiastica
724 3465 835 3545 duplex
845 3472 910 3527 est:
926 3465 986 3528 alia
999 3465 1113 3546 infore
1128 3473 1248 3527 externo
1256 3513 1265 3545 ,
1281 3469 1310 3526 et
1324 3469 1370 3526 est
1383 3467 1481 3544 poles-

209 3566 257 3624 tas
268 3555 383 3620 serendi
398 3557 488 3635 leges,
503 3553 663 3633 infligendi
678 3553 1024 3634 poenas,etc.;uliavero
1038 3553 1152 3635 infore
1168 3557 1298 3630 interno,
1308 3557 1481 3632 etpotestas

210 3653 256 3710 est
270 3645 458 3720 absolvendi,
473 3643 521 3706 rel
534 3641 649 3723 ligandi
663 3642 696 3703 in
713 3641 862 3706 tribunali
875 3641 1077 3705 Paenitentia.
1476 3663 1482 3674 ·

248 3739 289 3799 Dc
308 3735 364 3797 hac
383 3731 532 3815 precipue
553 3749 689 3810 agemus.
703 3731 819 3810 Duplex
840 3736 886 3792 est
906 3735 1024 3805 numm,
1042 3730 1155 3794 scilicet
1173 3737 1205 3794 10
1225 3731 1402 3806 ordinario,
1415 3749 1482 3812 qua

209 3823 301 3888 alicui
314 3821 458 3903 competit
472 3818 588 3882 ratione
606 3817 694 3880 officii
705 3817 847 3879 habentis
859 3836 1013 3881 annexam
1027 3837 1133 3884 curam
1148 3820 1344 3897 animarum·;
1360 3825 1393 3884 10
1406 3819 1483 3882 dele-

208 3922 294 3992 gato,
311 3929 380 3992 quoe
392 3909 480 3973 alteri
494 3909 586 3970 datur
601 3907 639 3969 ab
653 3905 784 3968 habente
798 3905 997 3970 ordinariam.

331 4061 557 4140 Principia.

249 4209 320 4270 515.
334 4239 375 4250 ·-
386 4207 410 4266 i.
426 4211 560 4270 Potestas
571 4203 804 4286 jurisdictionis
822 4205 860 4266 ad
876 4203 1078 4270 confessiones
1099 4205 1292 4288 excipiendas
1313 4207 1480 4272 necessaria

209 4301 266 4368 est,
276 4307 330 4354 nec
342 4291 453 4353 sufficit
465 4298 597 4372 potestas
614 4293 745 4356 Ordines.
756 4293 845 4358 Ratio
855 4300 913 4370 est,
924 4294 999 4376 quia
1011 4295 1161 4360 absolutio
1175 4301 1221 4360 est
1234 4297 1389 4362 sententia
1398 4296 1479 4379 judi·

209 4381 319 4456 ciaria,
335 4397 404 4462 qua
419 4379 492 4444 terri
509 4382 618 4462 nequit
634 4382 698 4446 nisi
718 4383 753 4445 in
767 4381 917 4446 subditos.
931 4382 1119 4448 Conlessario
1132 4383 1229 4464 igitur
1241 4385 1395 4466 assignari
1409 4385 1479 4449 snb·
1588 4375 1589 4406 ³

209 4470 267 4534 diti
289 4469 414 4546 debent;
430 4469 486 4532 boo
504 4477 609 4532 autem
630 4472 667 4533 ad
689 4489 760 4534 eum
779 4470 924 4552 pertinet,
941 4473 994 4553 qui
1015 4473 1196 4537 anctoritate
1217 4473 1249 4537 in
1271 4493 1323 4538 cos
1344 4474 1479 4540 subditos
