3206 5042
611 290 654 332 DE
675 289 848 333 causticis

360 445 381 536 ἓ
401 447 445 515 ll.
467 449 514 514 De
532 447 701 536 effectibus
721 449 1096 518 eaccommmticatioais.

129 615 202 673 959.
214 647 253 655 —
264 609 395 672 Effectus
405 608 730 672 excommunicationis
740 611 792 672 alii
806 617 880 673 sunt
889 611 1029 691 mediati,
1041 611 1095 674 alii
1106 631 1177 674 vero
1190 613 1366 693 immediati,

87 703 181 778 prout
192 717 231 760 ex
246 698 409 762 violatione
423 699 585 762 dumtaxat
599 717 750 774 censura,
766 699 812 762 vel
825 719 862 761 ex
874 699 1005 778 ipsamet
1017 719 1146 762 censura
1158 701 1312 764 oriuntur.
1417 692 1420 697 ’

128 786 263 849 Mediati
273 788 334 850 duo
347 787 497 867 pracipue
511 794 726 862 numerantur,
738 806 848 868 nempe
861 793 892 850 l⁰
902 787 1121 870 irrepataritas
1131 807 1226 870 qnam
1236 788 1369 854 incurrit

88 875 377 938 excommunicatus
394 882 498 938 actum
518 876 647 956 alicujus
665 875 789 938 Ordinis
803 877 983 952 exercenda,
1003 897 1034 940 v.
1050 896 1108 958 gr,
1124 877 1302 940 conserando
1314 881 1367 940 Sa-

88 973 248 1028 cramenta
263 964 337 1046 (ires.
356 985 387 1026 n.
405 964 515 1045 1082);
531 969 563 1025 2⁰
578 963 721 1046 Suspicio
737 963 862 1025 barecis
875 965 908 1024 in
921 982 1015 1044 qumn
1032 965 1141 1026 incidit
1155 965 1219 1040 ille,
1237 966 1292 1046 qui
1305 973 1368 1030 tcto
1469 988 1470 991 ’

86 1071 169 1115 anno
182 1053 218 1116 in
231 1051 548 1116 excommunicatione
557 1051 780 1114 contumaciter
790 1052 980 1126 iasordescit,
993 1053 1024 1114 id
1036 1056 1082 1114 est
1093 1053 1197 1115 animo
1206 1052 1364 1130 obdurato,

86 1147 117 1203 et
131 1159 207 1204 cum
220 1145 397 1220 contemptu
408 1139 566 1220 potestatis
577 1139 783 1202 ecclesiastica
794 1146 967 1220 perseverat
976 1140 1083 1222 (Coae.
1097 1140 1183 1203 Trid.
1194 1160 1261 1202 sess.
1272 1145 1364 1217 XXV,

85 1248 111 1290 c.
135 1231 206 1310 ιιι),
227 1248 263 1291 ex
281 1247 342 1308 quo
361 1228 411 1302 fit,
429 1234 466 1290 ut
485 1233 587 1290 contra
605 1229 709 1308 ipsum
728 1228 847 1309 pmcedi
865 1230 959 1309 possit
977 1247 1074 1311 usque
1093 1230 1132 1291 ad
1150 1229 1366 1291 beneficiorum

85 1325 162 1380 ante
174 1317 524 1379 excommunicationem
537 1318 734 1379 obtentorum
749 1317 965 1398 privationem.

128 1405 267 1468 Effectus
281 1405 607 1468 excommunicationis
622 1407 791 1468 immediati
802 1414 868 1469 octo
880 1413 1096 1482 numerantur,
1111 1406 1224 1469 scilicet
1239 1426 1246 1467 :
1263 1413 1293 1469 l⁰
1304 1406 1365 1486 pri-

88 1493 172 1556 vatio
186 1496 469 1570 Sacramentorum;
486 1499 518 1556 2⁰
530 1495 662 1576 privatio
673 1495 850 1558 divinortmr
864 1494 1053 1570 Officicrum;
1069 1501 1100 1558 30
1111 1495 1242 1576 privatio
1257 1494 1365 1558 suffra-

87 1582 213 1661 giorum
233 1583 386 1658 Ecclesia;
406 1587 438 1645 40
457 1583 589 1662 privatio
608 1585 770 1664 sepultura
789 1583 1012 1660 ecclesiastica;
1035 1588 1066 1647 50
1087 1583 1220 1664 privatio
1233 1583 1364 1665 jurisdi-

87 1669 199 1732 ctionis
213 1670 434 1746 ecclesiastica3
449 1677 482 1734 60
497 1671 626 1752 privatio
641 1671 872 1746 beneficiorum;
887 1677 919 1734 7⁰
930 1672 1062 1752 privatio
1077 1670 1364 1734 communicationis

86 1757 235 1833 forensis3
252 1763 283 1822 8⁰
297 1759 429 1838 privatio
443 1759 592 1820 societatis
606 1760 714 1820 civilis

129 1852 230 1920 Bona,
246 1846 359 1926 quibus
375 1846 477 1925 privat
489 1845 780 1920 excommunicatio,
796 1847 846 1908 his
863 1846 1021 1909 versiculis
1039 1847 1362 1927 comprehenduntur:

272 1977 328 2030 llas
343 1990 445 2042 sacra,
461 1975 550 2043 ritus,
566 1975 743 2044 communio,
759 1977 871 2048 crypta,
883 1977 1025 2048 potestas,

270 2054 379 2111 Praedia
390 2070 484 2124 sacra,
499 2055 604 2124 torum,
619 2054 717 2112 civilia
728 2057 793 2127 jura
808 2057 948 2112 vetantur.

468 2227 490 2285 l.
507 2260 548 2268 —
565 2242 707 2287 varvarro
729 2243 990 2288 sacaauaxroaunr

107 2391 202 2536 ditet).
218 2419 259 2430 -
273 2385 559 2536 Epircommunicatio
573 2385 675 2466 privat
688 2392 754 2448 tum
766 2390 836 2468 jure
849 2389 1042 2451 Sacramenta
1053 2385 1233 2467 recipiendi,
1248 2390 1316 2448 tum
1328 2404 1364 2447 ea

89 2494 106 2536 a
129 2474 296 2537 ministrari
318 2474 340 2536 i.

192 2630 519 2695 mmmmm

131 2781 164 2836 l⁰
179 2773 245 2832 Nisi
258 2781 419 2834 excusetur
436 2773 607 2850 ignorantia
618 2773 807 2846 invincibili,
821 2773 870 2834 vel
885 2778 971 2832 metu
989 2771 1076 2849 gravi
1090 2771 1160 2852 (qui
1178 2778 1282 2833 tamen
1300 2790 1362 2832 non

89 2860 133 2921 sit
153 2859 297 2920 incussus
316 2858 350 2919 in
371 2862 581 2937 contemptum
600 2861 763 2932 censura),
785 2861 923 2940 praviter
939 2866 1046 2939 peccat
1063 2857 1362 2933 excommunicatus,

90 2947 156 3011 sivo
174 2944 320 3008 vitandus
340 2945 404 3007 sive
423 2943 517 3006 etiam
538 2944 698 3018 toleratus,
722 2947 916 3007 Sacramenta
939 2945 1121 3026 suscipiens,
1145 2945 1218 3028 quia
1239 2963 1363 3026 gravem

90 3035 188 3098 violat
200 3032 338 3095 Ecclesia
349 3033 456 3113 legem.
468 3068 508 3076 —
527 3032 628 3095 Vatt'de
641 3036 744 3094 autem
755 3033 808 3094 illa
819 3032 941 3112 recipit,
956 3040 1078 3114 excepta
1090 3034 1283 3098 Paenitentia.
1298 3037 1363 3096 lmo

92 3143 130 3187 ne
143 3141 179 3186 ea
191 3121 315 3204 quidem
328 3127 466 3200 excepta,
481 3122 570 3182 modo
584 3121 625 3182 sit
636 3120 710 3183 alias
725 3120 906 3202 dispositus,
924 3126 955 3183 et
966 3121 1046 3183 bona
1060 3122 1118 3184 fide
1130 3128 1251 3204 propter
1262 3123 1365 3185 invin-

91 3212 216 3274 cibilem
231 3210 439 3291 ignorantiam
455 3215 511 3272 aut
527 3209 662 3289 abquam
679 3210 890 3273 necessitatem
904 3211 949 3291 (v.
966 3229 994 3289 g.
1014 3209 1200 3290 suscipiendi
1218 3211 1364 3272 Euchari-

91 3300 186 3364 stiam
206 3299 365 3382 praemissa
382 3297 544 3361 sufficienti
562 3297 755 3380 probatione)
774 3299 895 3361 accedat
909 3318 916 3359 :
932 3304 1009 3361 tunc
1027 3297 1111 3360 enim
1130 3299 1244 3360 adsunt
1260 3297 1365 3360 omnia

91 3390 130 3451 ad
143 3389 350 3452 substantiam
363 3386 549 3453 sacramenti
559 3385 723 3467 requisita,
739 3387 865 3462 scilicet,
878 3406 914 3450 ex
927 3393 1011 3469 parte
1023 3386 1203 3468 paenitentis
1215 3387 1361 3461 materia,

91 3495 147 3539 seu
161 3479 244 3542 dolor
259 3477 425 3553 sufficiam,
442 3482 579 3557 exparte
595 3475 775 3539 confessarii
794 3475 906 3550 torma,
924 3483 960 3538 ut
975 3475 1169 3559 supponitur,
1188 3475 1319 3538 intentio
1334 3482 1365 3536 ct

87 3565 279 3646 jurisdictio,
296 3584 364 3646 qua
379 3567 462 3628 nullo
473 3569 542 3647 jure
557 3565 595 3628 ab
610 3565 675 3646 ipso
690 3563 838 3628 aufertur.
856 3601 895 3610 —
909 3563 943 3628 S.
957 3563 1053 3646 Atpt.
1072 3585 1103 3626 a.
1122 3568 1180 3628 158
1194 3569 1225 3625 et
1240 3563 1290 3625 tto.
1306 3564 1361 3637 Vl,

91 3674 121 3714 o.
139 3657 215 3728 ⁶265,
232 3673 262 3736 q.
279 3673 324 3717 ιιι.
399 3661 401 3666 ’

131 3745 167 3802 2⁰
181 3745 276 3806 Extra
288 3761 392 3806 casmn
405 3744 607 3818 necessitatis,
622 3742 904 3806 excommunicatus
917 3743 1062 3807 vitandus
1075 3761 1203 3826 semper,
1218 3743 1364 3806 toleratus

90 3848 163 3892 vero
174 3830 236 3893 nisi
249 3831 343 3893 brevit
355 3834 393 3895 ad
404 3834 437 3895 id
448 3832 629 3914 requisitus,
642 3837 780 3914 qraaiter
789 3842 908 3914 peccat,
924 3833 951 3893 si
961 3833 1099 3895 conficiat
1108 3834 1156 3896 vel
1169 3832 1365 3895 administret

91 3921 301 3994 Sacramenta
319 3920 448 3983 incurrit
462 3921 737 4001 irregularitatem,
754 3922 790 3983 de
802 3941 863 4002 qua
877 3942 971 4002 supra
985 3943 1016 3983 a.
1031 3941 1123 4004 praa.
1138 3957 1178 3967 -
1195 3919 1306 3984 Vatida
1320 3922 1366 3982 est

92 4015 196 4069 tamen
215 4007 359 4071 marlectio
378 4011 426 4072 vel
444 4010 674 4073 administratio
691 4011 895 4086 Sacramenti‚
912 4017 1035 4090 excepta
1054 4010 1243 4073 absolutione
1257 4010 1364 4072 collata

90 4096 129 4157 ab
142 4095 403 4159 excommunicato
416 4098 557 4172 vitando,
570 4098 640 4178 qui,
654 4099 697 4162 ita
710 4104 864 4162 statuente
878 4098 1024 4173 Ecclesia,
1038 4098 1125 4161 omni
1137 4117 1260 4179 prorsus
1269 4096 1364 4180 juris-

90 4183 221 4246 dictione
237 4185 386 4265 privatur.

132 4278 163 4336 30
178 4271 322 4335 Graviter
334 4284 460 4357 peccarat
475 4276 583 4338 saltam
600 4293 654 4357 per
673 4295 719 4352 se,
736 4284 763 4339 et
783 4278 843 4340 nisi
861 4277 1041 4358 gravissima
1059 4295 1149 4339 causa
1165 4283 1359 4350 excusentur,

90 4361 228 4424 Ecclesia
239 4363 390 4439 Ministri,
405 4365 460 4445 qni
472 4368 668 4428 Sacramenta
682 4366 842 4428 conferunt
855 4366 1128 4429 excommunicatis
1141 4365 1205 4428 sive
1215 4363 1362 4438 vitandis,

90 4449 155 4512 sive
178 4450 358 4532 simpliciter
380 4453 530 4530 toleratis,
553 4472 624 4517 cum
648 4453 710 4516 sint
729 4455 861 4536 indigni.
887 4456 1033 4517 Attamen
1055 4472 1117 4516 non
1138 4460 1239 4534 peccat
1262 4456 1365 4516 contra

90 4537 328 4618 prohibitionem
347 4541 501 4618 Ecclesia,
523 4544 575 4606 sed
595 4547 717 4606 tontum
736 4549 842 4607 contra
856 4547 910 4626 J'us
929 4543 1088 4618 divinum,
1104 4542 1155 4606 ille
1173 4541 1228 4624 qui
1248 4541 1364 4606 confert
