3198 5036
204 237 272 297 130
737 243 942 287 rnacrsrns

241 365 293 424 lV.
314 359 499 422 Imminente
521 359 632 429 morte,
656 355 806 434 pleraque
825 372 942 434 paoem,
963 355 1010 416 rel
1029 353 1125 416 etiam
1144 371 1251 416 omnes
1271 355 1474 418 omittuntur.

202 450 359 522 Sacerdos
376 447 491 509 ablutis
508 444 629 525 digitis,
646 443 845 524 perfectisque
856 441 1056 516 orationibus,
1072 442 1098 504 si
1111 450 1290 505 remaneant
1305 445 1475 523 particrdae,

200 537 350 601 benedicit
361 536 523 598 infirmum
538 551 609 596 curn
621 532 744 606 ciborio,
760 531 841 593 nihil
862 531 975 593 dicens.
993 535 1040 592 Ex
1052 531 1116 593 Bit.
1132 532 1219 592 nom.
1236 531 1407 594 ablutiones
1422 535 1478 596 de-

199 627 275 689 bent
286 626 410 688 infirmo
422 623 499 687 dari.
517 659 556 667 -
571 621 713 686 Sacerdos
729 621 825 682 redux
841 621 880 681 ad
894 619 1065 694 ecelesiam,
1082 619 1195 682 ciborio
1210 629 1300 702 sup‘er
1314 621 1410 683 altare
1424 640 1480 702 po·

201 715 273 790 sito,
291 714 399 778 recitat
409 731 488 775 rers.
503 717 535 774 et
549 709 718 774 orationem
735 709 771 771 de
785 711 835 770 SS.
853 711 1059 771 Sacramenta.

320 842 514 918 Quaesita.

239 977 308 1036 305.
325 1008 363 1016 —
376 973 477 1046 Quma.
496 974 526 1032 l⁰
540 969 590 1029 An
608 968 638 1030 E
639 967 805 1029 arbarista'a
816 966 916 1048 possit
925 966 1044 1046 deferri
1055 965 1185 1047 infirmis
1196 968 1299 1028 nocte?

238 1061 330 1142 Resp.
348 1059 426 1140 Nep.
441 1062 502 1121 Hoc
516 1057 600 1119 enim
618 1074 757 1135 expresse
773 1055 961 1135 prohibetur,
978 1061 1100 1136 excepto
1115 1055 1304 1117 necessitatis
1323 1073 1407 1117 casu.
1426 1055 1478 1118 Sia

197 1149 281 1212 enim
301 1149 366 1209 Bit.
390 1148 476 1208 Item.
488 1166 500 1206 .·
517 1144 616 1206 Noctu
634 1154 731 1205 antem
750 1143 806 1204 boc
828 1144 1059 1206 Sacramentum
1081 1143 1200 1223 deferri
1218 1163 1275 1204 non
1294 1143 1396 1218 debet,
1413 1148 1479 1205 nisi

146 1278 148 1284 ·
198 1242 352 1300 necessitas
374 1245 490 1315 arpent.
512 1239 644 1313 Urgente
665 1251 735 1295 rero
756 1232 933 1295 necessitate
956 1231 1152 1295 deferendum
1175 1238 1221 1294 est
1241 1232 1378 1312 qualibet
1398 1232 1477 1296 hora

199 1326 312 1402 noctis;
326 1326 378 1388 sed
392 1324 458 1386 sine
473 1322 603 1402 strepitu
617 1329 648 1384 et
662 1322 850 1400 campanula
865 1321 979 1382 souitu.
996 1321 1093 1384 citata
1109 1327 1214 1382 autem
1229 1321 1322 1383 rerba
1340 1320 1476 1384 Ritualis

198 1433 262 1476 non
278 1417 413 1494 spectant
426 1413 464 1474 ad
478 1410 721 1474 communitates
739 1427 807 1490 qua
824 1414 874 1473 SS.
892 1409 1117 1471 Eucharistiam
1133 1408 1168 1471 in
1185 1408 1350 1472 domestico
1365 1411 1475 1474 sacello

199 1505 370 1575 asservant,
392 1499 465 1580 quia
485 1497 691 1561 irreverentiae
712 1498 896 1579 periculum,
918 1499 1142 1578 propterquod
1165 1498 1214 1560 lex
1235 1499 1297 1560 lata
1319 1505 1378 1572 est,
1399 1504 1476 1562 tuno

199 1591 293 1653 abest.

238 1681 338 1754 Quina.
352 1683 385 1740 2⁰
399 1679 453 1740 Art
467 1677 500 1739 E
503 1677 666 1738 celtaristr'a
681 1677 796 1756 deferri
807 1680 902 1758 possit
916 1677 1050 1757 infirmis
1065 1675 1198 1736 secreto?

240 1768 327 1850 ltesp.
348 1767 423 1846 Nep.
447 1767 613 1848 perrerata'm
636 1765 792 1847 loquendo.
811 1769 934 1828 Goustat
954 1783 992 1827 ex
1012 1765 1075 1826 Bit.
1092 1765 1241 1842 Romarm,
1262 1765 1473 1827 ubidicitur:

197 1856 323 1938 Deferri
339 1857 424 1918 debet
439 1856 494 1917 doc
511 1851 646 1916 san'cttnn
665 1855 893 1917 Sacramentum
907 1854 1064 1934 manifeste
1083 1863 1172 1935 atque
1189 1853 1364 1935 honorifice.
1382 1852 1475 1915 Exci-

198 1947 329 2026 piuntur
343 1953 447 2008 tamen
461 1946 602 2024 qrraedam
623 1943 874 2016 circumstantiae,
891 1963 921 2005 r.
937 1963 995 2024 gn,
1013 1943 1076 2005 loca
1091 1941 1321 2017 haeretieorum,
1336 1941 1390 2003 ubi
1405 1961 1475 2002 ma-

198 2035 306 2115 nifeste
320 2033 428 2096 deferri
442 2033 560 2112 nequit.
578 2035 654 2094 Item
669 2031 833 2112 aliquando
846 2032 941 2094 etiam
955 2031 989 2094 in
1003 2031 1075 2093 locis
1091 2031 1324 2104 catholicorum,
1341 2029 1366 2091 si
1380 2029 1475 2093 aliter

197 2131 309 2203 aegroto
334 2128 475 2183 sanetum
490 2120 644 2183 Viaticum
663 2119 771 2182 deferri
786 2119 901 2200 absque
915 2121 1106 2182 incommodo
1121 2119 1265 2200 quopiam
1284 2138 1345 2181 non
1360 2118 1472 2199 possit.

198 2213 231 2274 Id
248 2218 351 2273 tamen
367 2211 432 2271 sine
447 2209 569 2271 licentia
581 2208 730 2288 Episcopi,
746 2208 800 2269 ubi
813 2208 930 2270 consuli
945 2214 1055 2288 potest,
1070 2208 1136 2270 fieri
1151 2227 1212 2270 non
1227 2209 1326 2270 debet.

238 2299 391 2360 Habemus
417 2304 521 2359 autem
544 2316 582 2358 ex
606 2297 727 2358 constit.
749 2296 902 2358 Benedicti
927 2299 1004 2370 XIV,
1026 2297 1111 2358 later
1138 2299 1310 2378 ommpenas
1327 2297 1360 2378 (t
1377 2297 1471 2360 Febr.

198 2391 292 2462 1111,
308 2389 323 2462 ξ
337 2386 407 2465 03),
429 2387 578 2464 quomodo
597 2390 672 2446 tunc
695 2385 736 2446 sit
755 2384 952 2448 deferendum
973 2388 1023 2448 SS.
1043 2389 1284 2448 Sacramentum.
1305 2385 1472 2463 Sacerdos,

196 2475 315 2554 inquit,
340 2473 449 2535 stolam
475 2494 593 2556 semper
611 2474 720 2536 babeat
738 2485 906 2556 coopertam
933 2476 1078 2549 vestibus,
1103 2480 1135 2535 in
1157 2475 1275 2536 saccale
1301 2496 1352 2537 saa
1380 2477 1474 2538 borsa

195 2563 339 2644 pyaidem
363 2563 523 2640 recondat,
541 2583 630 2644 qaam
642 2584 699 2646 per
712 2564 864 2643 funiculas
878 2563 953 2625 collo
966 2584 1126 2645 appensam
1146 2568 1178 2624 ia
1197 2568 1266 2624 sina
1282 2575 1425 2646 reponat,
1441 2575 1474 2627 et

197 2671 350 2734 nunquam
362 2652 607 2732 solasproeedat,
622 2651 674 2714 sed
685 2672 741 2713 ano
755 2651 860 2712 saltem
874 2653 970 2735 fideli,
986 2655 1018 2714 in
1032 2653 1150 2734 desecta
1162 2653 1278 2729 clerici,
1294 2655 1471 2715 associetur.

237 2745 306 2806 306.
323 2779 363 2787 -
379 2745 480 2818 Quian.
503 2747 533 2806 3ο
545 2743 596 2803 Αη
611 2741 771 2816 Sacerdos,
788 2752 913 2822 arpenta
929 2745 1116 2822 necessitate,
1130 2744 1224 2825 possit
1246 2743 1394 2806 Vr'att'cam
1413 2744 1474 2804 mi-

195 2833 330 2892 nistrare
343 2832 406 2894 sine
420 2830 484 2892 alla
497 2842 574 2893 veste
587 2829 697 2892 sacra?

236 2920 324 3000 Itesp.
333 2921 358 2981 A
363 2921 460 3000 [firm.
472 2921 561 2984 Ratio
575 2926 631 2994 est,
646 2919 720 3000 quia
730 2938 791 2981 non
804 2926 850 2982 est
862 2921 1123 3000 praesumendum,
1135 2920 1310 2994 Ecclesiam,
1323 2939 1390 3000 qua
1403 2939 1472 2982 ma·

196 3016 243 3071 ter
256 3017 319 3072 tam
332 3009 464 3089 benigna
480 3017 541 3084 est,
558 3009 703 3082 voluisse,
719 3015 755 3070 ut
776 3009 810 3070 in
831 3008 1099 3072 administratione
1114 3009 1224 3071 Viatici
1243 3008 1323 3072 ritus
1338 3009 1382 3070 illi
1397 3027 1472 3072 crim

196 3097 451 3160 moribundorum
473 3099 655 3160 detrimento
674 3103 844 3160 serventur.
860 3099 1054 3160 Sacramenta
1074 3097 1157 3160 euim
1178 3097 1326 3178 primario
1344 3098 1382 3159 ad
1400 3099 1471 3159 ani-

193 3204 317 3249 marum
332 3187 462 3249 salutem
475 3186 620 3249 instituta
634 3191 715 3248 sunt.
730 3223 770 3232 -
781 3186 816 3247 S.
831 3187 914 3264 Ltp„
931 3208 962 3247 n.
978 3191 1048 3249 att.

235 3279 337 3351 Quina.
353 3281 386 3339 4⁰
401 3276 460 3352 Aa,
477 3285 604 3356 carpente
619 3278 799 3347 necessitate,
817 3279 850 3335 in
865 3276 1024 3356 deferendo
1050 3275 1164 3336 Vtatz'co
1183 3274 1268 3338 liceat
1283 3277 1427 3336 currere?

235 3365 324 3447 Hesp.
349 3365 486 3446 affirm„
503 3365 712 3446 probabiliter.
728 3365 816 3430 Ratio
840 3369 899 3438 est,
924 3364 997 3445 quia
1012 3383 1123 3444 urgens
1138 3365 1300 3427 necessitas
1314 3363 1471 3426 deferendi

193 3453 350 3516 Viaticam
366 3454 548 3517 moribundo
569 3473 710 3516 excusare
731 3459 830 3534 potest
852 3453 992 3534 amajori
1009 3453 1145 3515 decentia
1159 3453 1193 3515 in
1215 3454 1345 3516 incessu.
1361 3453 1471 3515 -lta

195 3542 232 3604 S.
247 3544 332 3624 Lep„
347 3563 377 3602 n.
394 3547 465 3605 010.
481 3578 522 3589 -
532 3543 677 3604 Lacrot'a.

233 3635 334 3708 Qumis.
351 3635 383 3694 5⁰
404 3631 453 3692 Aa
472 3631 559 3693 liceat
580 3641 714 3713 tempore
727 3636 820 3714 pestis
834 3633 991 3714 porriqere
1002 3630 1036 3692 E
1037 3631 1236 3693 arbaristr'am
1251 3633 1348 3694 medio
1362 3631 1468 3713 aliquo

192 3719 412 3782 instrumento?

230 3811 318 3891 Resp.
341 3809 464 3890 affirm
487 3809 701 3891 probabiliter,
728 3809 801 3888 quia
827 3814 915 3869 tanta
932 3809 1096 3870 necessitas
1116 3829 1134 3872 a
1160 3816 1303 3873 consueto
1326 3809 1468 3874 Ecclesiae

191 3895 255 3958 ritu
269 3914 411 3960 excrrsare
425 3898 558 3960 videtur.
573 3933 613 3941 -
626 3895 660 3957 S.
678 3897 749 3977 Lip.
768 3917 798 3956 a.
821 3901 892 3958 eat.

231 3989 300 4048 301.
310 4021 352 4031 -
365 3989 467 4062 Qunn.
485 3991 518 4048 6⁰
531 3988 582 4047 An
595 3986 684 4047 liceat
697 3985 815 4066 deferre
830 3985 1062 4048 Eucharistiam
1080 4008 1147 4048 cam
1163 3989 1264 4070 capite
1278 3997 1416 4072 cooperto
1433 3992 1467 4050 in

191 4072 319 4134 itinere?

231 4162 320 4242 Hesp.
338 4163 415 4242 Nep.
440 4165 478 4227 ob
499 4163 701 4227 reverentiam
729 4166 924 4225 Sacramenta
950 4163 1094 4227 debitam.
1117 4165 1228 4230 Idcirco
1254 4167 1289 4229 in
1315 4164 1469 4228 delatione

191 4253 242 4315 SS.
257 4252 441 4314 Sacramenti
462 4255 500 4315 ad
514 4253 668 4326 infirmos
686 4252 749 4314 sive
764 4253 801 4314 de
821 4252 870 4314 die
883 4252 916 4314 id
930 4251 997 4328 fiat,
1014 4253 1077 4318 sive
1091 4255 1128 4317 de
1142 4261 1239 4331 nocte,
1257 4273 1355 4335 neque
1369 4254 1467 4318 alicu-

187 4343 240 4421 jus
263 4338 453 4403 infirmitatis
476 4359 573 4422 neque
596 4341 655 4404 alio
677 4345 827 4422 praetextu
849 4339 1001 4404 birretum
1019 4361 1073 4405 seu
1090 4343 1184 4406 etiam
1205 4361 1317 4424 parvus
1337 4343 1467 4424 pileolus

191 4427 328 4492 adbiberi
355 4433 461 4508 potest.
479 4465 518 4474 —
532 4431 565 4492 S.
589 4431 703 4512 Conpr.
727 4429 804 4504 tna,
827 4432 952 4492 bMart.
975 4435 1068 4508 1633,
1088 4469 1128 4478 -
1152 4435 1190 4496 00
1214 4435 1283 4496 tan.
1312 4437 1407 4508 1606,
1424 4469 1469 4480 -

191 4522 231 4582 03
248 4519 336 4582 Janr.
355 4522 445 4582 1100.
661 4543 670 4562 ·
