3198 5036
591 255 632 299 oc
654 253 901 300 nocnaarsrra
1323 242 1389 302 139

116 383 209 446 quom
222 369 307 444 poter
321 369 351 426 et
366 365 502 428 sacerdos
517 364 567 426 cui
581 363 626 426 illi
641 364 824 428 confitentur
836 369 964 444 peccata.
977 363 1057 425 Addi
1070 368 1168 443 potest
1179 371 1209 426 et
1221 367 1386 442 parochus,

116 454 213 536 quoad
232 471 282 516 eos
297 471 373 533 quos
387 453 451 533 ipse
466 454 504 515 ad
519 471 636 516 sacram
653 453 802 534 Synanim
817 451 970 516 admittet.
1300 467 1315 482 ·

154 547 283 606 319.--
299 544 399 617 Queat.
417 543 750 623 consternaturque
768 542 916 623 suscipere
933 561 1052 604 socrum
1072 541 1238 614 Venantum,
1261 545 1390 606 instante

114 633 218 693 mortis
228 630 377 713 periendo,
392 632 419 692 si
429 632 538 713 paucis
551 642 622 693 onte
637 631 738 693 diebos
752 651 790 692 esc
804 631 958 693 devotione
974 633 1255 693 communicaverit?

153 721 245 802 Resp.
262 740 273 780 .·
291 717 515 783 Affirmandum
534 721 671 794 ridetur,
694 721 801 782 saltem
820 718 1021 802 probabilius.
1042 720 1131 784 Ratio
1155 725 1216 795 est,
1238 721 1312 802 quia
1335 723 1391 786 hoc

115 816 313 889 preceptum,
329 827 365 870 ex
378 809 628 889 interpretatione
641 809 794 882 Ecclesiae,
809 815 896 889 urget
908 808 941 870 in
953 808 1087 888 periculo
1101 809 1225 883 mortis,
1238 817 1391 874 utcontra

113 899 216 960 hostes
235 896 407 977 spirituales
429 897 485 960 hoc
504 898 610 960 divino
628 898 769 978 prasidio
786 898 977 959 muniamur.
998 899 1076 977 Ergo
1096 916 1157 960 uon
1176 899 1324 979 impletur
1337 917 1390 979 per

112 986 369 1048 communionem
393 991 462 1048 ante
486 987 630 1049 morbum
651 985 779 1060 factam;
802 985 874 1067 quia
894 986 964 1048 licet
987 985 1057 1065 quis
1081 1005 1156 1066 opus
1169 988 1391 1068 'praescriptum

112 1074 301 1154 impleverit,
318 1093 380 1136 nou
396 1082 499 1137 tamen
513 1075 654 1156 impleuit
668 1083 802 1156 tempore
815 1094 875 1156 quo
889 1073 1059 1137 tenebatur.
1075 1111 1114 1120 -
1130 1075 1164 1137 S.
1184 1077 1255 1157 Lip.
1272 1098 1303 1136 n.
1317 1081 1387 1141 285.

113 1199 154 1208 -
167 1162 315 1224 Billnort.
328 1199 369 1208 -
385 1163 553 1233 Solarium„
570 1173 628 1227 etc.

156 1256 271 1330 Negant
283 1258 387 1315 tamen
396 1253 501 1334 ptores
516 1271 586 1316 cum
598 1255 683 1333 Lupo
688 1301 697 1332 ,
712 1253 741 1315 d.
752 1269 803 1327 xv,
818 1273 849 1311 n.
862 1256 912 1315 39.
927 1253 1016 1316 Ratio
1027 1253 1139 1316 horum
1152 1259 1213 1326 est,
1229 1253 1303 1334 quia
1313 1273 1390 1334 prae-

113 1346 235 1422 ceptum
257 1341 490 1404 communionis
509 1342 542 1404 in
560 1342 733 1405 substantio
749 1344 814 1422 J'am
839 1340 1043 1421 adimpletum
1063 1349 1118 1404 est.
1139 1379 1178 1386 -
1196 1343 1232 1404 S.
1250 1343 1390 1424 Liporins

113 1430 189 1492 dicit
207 1429 287 1492 hanc
308 1431 491 1494 senteutiam
515 1449 578 1494 esse
600 1431 674 1494 satis
690 1431 896 1513 probabilem,
918 1431 1025 1492 saltem
1045 1429 1071 1492 si
1091 1431 1261 1511 periculum
1280 1432 1390 1494 mortis

113 1519 296 1582 natiualiter
314 1520 443 1594 accidat,
463 1521 536 1600 quio
554 1538 607 1600 per
621 1520 711 1582 breve
725 1520 802 1582 illud
817 1525 938 1598 tempus
958 1519 1138 1582 antecedens
1149 1522 1215 1601 jam
1232 1521 1390 1582 moraliter

113 1606 207 1686 coepit
219 1605 397 1682 imminere,
414 1608 557 1689 ‹puarnvis
575 1608 668 1670 fuerit
682 1608 867 1688 ignoratum.

154 1697 256 1774 Qumu.
275 1701 308 1756 10
323 1697 374 1756 An
390 1701 443 1777 qni
459 1717 545 1758 mone
566 1697 845 1758 communicantem
866 1696 1036 1767 devotione,
1054 1704 1192 1757 teneatur·
1211 1705 1264 1757 ont
1280 1697 1388 1777 possit,

112 1790 241 1862 nrpente
255 1783 389 1862 periculo
404 1788 522 1861 mortis,
546 1785 696 1846 Vinticnnc
708 1786 843 1845 cornere?

156 1869 245 1949 [terp.
259 1896 270 1929 .·
284 1870 406 1950 Triplex
422 1879 468 1932 est
487 1873 637 1934 sententia
654 1872 825 1954 probabilis
838 1875 930 1952 juxta
946 1872 1098 1934 Benedict.
1115 1874 1192 1946 XIV,
1212 1872 1250 1933 de
1268 1872 1393 1954 Synodo

112 1957 168 2018 oo.
189 1960 256 2031 vu,
274 1979 299 2018 c,
314 1977 356 2020 rr.
1177 1951 1180 1962 '

155 2047 189 2108 1⁰
202 2045 360 2108 Sententia
380 2047 520 2130 offianot
542 2049 652 2121 teneri,
674 2049 746 2128 quia
768 2054 845 2112 tunc
863 2049 1092 2130 suscipiendum
1112 2056 1159 2112 cst
1180 2049 1335 2112 viaticum
1354 2052 1392 2112 ad

113 2135 347 2215 adimplendum
361 2141 545 2216 preceptum
565 2137 722 2212 divinum,
739 2139 837 2217 quod,
855 2157 926 2200 cum
943 2137 1083 2200 nondum
1101 2144 1297 2218 urgeretque
1313 2146 1391 2201 tem-

114 2241 186 2304 pore
213 2228 338 2303 sumpta
362 2229 408 2286 est
430 2225 621 2300 communio,
646 2225 766 2306 impleri
788 2225 899 2288 idcirco
924 2245 1070 2306 peream
1097 2227 1304 2308 sumptionem
1329 2245 1391 2288 non

114 2311 226 2392 potuit.
1274 2363 1276 2370 .

156 2399 379 2462 tuscanica
397 2402 471 2464 dicit
490 2421 550 2464 nou
568 2403 680 2471 teneri,
704 2403 754 2464 sed
774 2421 859 2483 posse
876 2403 1123 2466 communicare:
1144 2411 1176 2466 10
1191 2404 1316 2484 quidem
1333 2423 1396 2466 non

118 2492 215 2550 teneri
221 2511 234 2565 ‚·
244 2489 316 2570 quia
331 2495 466 2570 tempus,
478 2509 538 2570 quo
551 2491 801 2566 communicavit,
815 2497 861 2554 est
873 2492 1027 2554 moraliter
1040 2491 1136 2560 idem.
1150 2493 1273 2556 comsit
1285 2495 1391 2556 eadem

116 2577 195 2649 dies;
212 2581 244 2639 10
255 2598 360 2660 posse,·
371 2578 444 2659 qrria
458 2579 529 2642 licet
545 2580 677 2660 rigorose
690 2599 753 2643 non
766 2581 907 2644 videatur
923 2581 1034 2654 teneri,
1050 2599 1111 2643 non
1128 2582 1193 2644 ideo
1210 2589 1311 2645 tamen
1325 2601 1392 2663 pro·

115 2665 251 2740 hibetur,
267 2667 378 2748 quippe
392 2668 510 2730 favores
528 2676 602 2732 sunt
616 2669 794 2749 ampliandi.

155 2754 226 2818 ΙΙΙ0
237 2755 396 2818 Sententia
415 2759 569 2820 contendit
589 2777 641 2819 nec
662 2760 772 2834 teneri,
791 2778 844 2820 ner
862 2779 947 2839 posse
968 2759 1204 2821 communicare.
1221 2758 1309 2823 Ratio
1328 2762 1388 2832 est,

117 2843 204 2924 quia,
226 2863 296 2906 curn
313 2853 499 2926 praeceptum
521 2847 632 2926 obliget
653 2865 690 2909 ex
708 2847 878 2909 intentione
893 2847 1045 2920 Ecclesia,
1067 2846 1171 2926 praxis
1190 2846 1326 2908 Ecclesiae
1345 2852 1392 2906 cst

116 2940 152 2994 ut
168 2951 259 2995 nemo
278 2933 375 2995 bisin
392 2935 675 3008 diecommunicet3
697 2954 752 2996 neo
774 2936 860 2996 adest
881 2935 976 3010 ratio,
995 2954 1049 2997 cur
1068 2953 1154 2996 casus
1173 2935 1231 2996 iste
1249 2934 1290 2996 sit
1311 2933 1390 2994 exci-

116 3021 256 3100 piendus.
273 3059 312 3066 -
335 3021 405 3084 Vide
422 3023 457 3084 S.
471 3023 553 3103 Lip,
572 3045 601 3083 n.
619 3027 689 3086 285.
709 3059 748 3068 -
763 3025 798 3084 ln
812 3024 899 3103 praxi
913 3024 1009 3104 igitur
1022 3042 1076 3104 pro
1091 3023 1229 3085 libertate
1245 3021 1391 3084 standum

117 3115 172 3170 est.

155 3202 226 3262 320.
243 3235 283 3245 -
297 3204 399 3275 Qomu.
418 3205 451 3262 5⁰
466 3200 515 3260 An
527 3203 625 3279 possit
639 3199 710 3261 dori
721 3200 924 3264 Bnctnrtsnn
940 3221 1021 3283 apro
1038 3205 1090 3282 qui
1105 3203 1182 3261 tussi
1195 3198 1332 3261 loborat?

155 3287 245 3369 Resp.
264 3289 478 3369 Affinmotioe,
500 3288 572 3369 quia
592 3287 779 3366 periculum,
801 3307 839 3350 ne
859 3308 950 3352 sacrae
971 3289 1081 3369 species
1103 3289 1197 3352 simul
1219 3305 1289 3349 cum
1307 3287 1391 3368 phle-

117 3376 271 3456 gmatibus
294 3377 482 3458 rejiciantur,
506 3377 687 3457 plerumque
706 3376 799 3438 abest.
822 3381 859 3438 Et
879 3377 956 3439 ratio
975 3383 1038 3450 est,
1058 3378 1131 3458 quia
1153 3377 1204 3438 via
1225 3395 1278 3456 per
1296 3391 1391 3456 quam

118 3472 207 3545 sputa
222 3465 379 3528 tussiendo
393 3466 598 3546 expelluntur,
613 3483 675 3527 non
690 3471 736 3526 est
751 3466 947 3544 oesophagus,
959 3466 992 3528 id
1006 3472 1052 3528 est
1066 3465 1116 3528 via
1130 3485 1184 3546 per
1199 3483 1292 3546 quam
1306 3463 1392 3526 cibus

118 3571 150 3615 ac
168 3558 258 3634 potus
275 3554 310 3616 iu
325 3555 518 3617 stomachum
538 3553 698 3636 trajicitur,
715 3553 763 3616 sed
780 3561 826 3616 est
844 3553 955 3615 arteria
973 3571 1094 3633 aspera,
1112 3573 1165 3634 per
1183 3571 1277 3633 quam
1297 3551 1392 3632 respi-

119 3643 194 3705 ratio
209 3644 248 3705 ad
262 3643 421 3722 pulmones
435 3661 534 3724 usquc
553 3662 583 3705 se
600 3643 765 3724 protendit.
782 3643 813 3705 Si
829 3649 933 3706 tamen
948 3641 1042 3704 tussis
1056 3643 1129 3705 odeo
1145 3642 1185 3704 sit
1200 3639 1338 3714 assidua,
1356 3646 1393 3702 ut

118 3729 264 3811 impediat
276 3733 443 3812 quominus
457 3733 558 3795 hostia
569 3731 666 3812 possit
677 3733 711 3794 in
724 3732 918 3794 stomachum
931 3731 1118 3803 transmitti,
1132 3735 1206 3792 tunc
1217 3749 1236 3790 a
1248 3731 1392 3792 Commu-

119 3819 208 3882 nione
223 3821 281 3883 erit
295 3819 524 3884 abstinendum.
541 3857 580 3868 -
596 3821 647 3882 lto
662 3821 784 3883 Ritnole
798 3821 979 3896 Romanum.
995 3855 1035 3866 -
1052 3819 1087 3882 S.
1104 3820 1174 3900 Lep.
1192 3840 1221 3879 n.
1238 3821 1309 3880 292.

156 3911 284 3984 Quando
304 3927 373 3972 vero
389 3927 467 3989 ager
482 3910 549 3991 jugi
568 3911 689 3974 vomitu
707 3911 839 3986 laborat,
856 3911 1080 3973 communicare
1098 3907 1222 3988 nequit,
1238 3905 1298 3968 nisi
1315 3906 1392 3969 forte

19 3991 20 3994 ’
119 4013 169 4074 per
183 4016 236 4060 sen
250 3999 358 4061 saltem
369 3999 459 4061 horas
473 3999 550 4062 liber
563 4019 581 4061 a
596 4000 717 4062 vomitu
731 3999 834 4062 luerit.
849 4001 888 4062 ln·
897 3999 990 4061 dubio
1005 4005 1175 4070 antemon
1191 3995 1335 4058 infirmus
1351 3995 1393 4058 sit

120 4101 234 4148 sacram
249 4087 430 4166 particulam
445 4089 668 4163 revomiturus‚
685 4087 712 4149 ei
725 4088 791 4150 dori
805 4107 868 4150 uon
885 4087 983 4150 debet.
997 4123 1037 4132 —
1052 4086 1088 4148 S.
1104 4085 1174 4167 Lip.
1192 4106 1222 4146 n.
1238 4089 1308 4148 aar.

157 4175 258 4248 Quen.
280 4179 312 4238 6⁰
334 4176 383 4236 An
405 4180 437 4236 in
455 4177 592 4257 periculo
614 4181 721 4238 mortis
743 4178 926 4240 Communia·
946 4175 1105 4236 tribuendo
1129 4176 1168 4236 sit
1189 4179 1313 4256 pneris,
1339 4175 1393 4256 qni

120 4262 250 4325 nondum
264 4265 434 4326 adsacrum
448 4265 599 4346 Spaocim
615 4265 742 4327 admissi
759 4268 855 4328 eunt?

159 4351 249 4434 Resp.
268 4358 299 4415 10
313 4354 403 4435 Nep,
425 4354 450 4415 si
470 4372 563 4416 usum
582 4353 712 4416 rationis
727 4355 866 4417 nondum
881 4353 982 4434 adepti
998 4352 1121 4414 ineunt.
1138 4352 1226 4418 Ratio
1241 4357 1301 4426 est,
1319 4350 1392 4430 quia

25 4458 29 4471 ·
119 4437 174 4502 hoc
188 4447 235 4502 est
249 4448 353 4506 contra
367 4449 549 4522 presentem
563 4442 700 4506 Ecclesia
717 4441 921 4522 disciplinam.

159 4529 248 4612 Reep.
266 4535 299 4592 2⁰
313 4533 338 4593 A
343 4532 439 4611 [finn.
458 4531 558 4613 quom
577 4549 684 4612 pueros
699 4532 753 4612 qui
768 4533 841 4593 suut
859 4530 986 4594 rationis
1002 4537 1165 4612 compotes.
1186 4532 1251 4592 Iuro
1265 4546 1327 4591 non
1345 4543 1390 4588 so·
