3220 5042
534 208 577 254 uu
597 206 835 252 sannananro
857 205 1095 252 rmnrrarrrrn
1380 191 1447 254 eat

159 367 162 372 -
220 321 289 383 503.
314 353 354 364 -
382 321 483 395 Quas.
508 320 542 382 6⁰
568 316 617 378 An
644 315 693 380 ael
713 315 860 398 quomodo
880 314 967 377 surdi
987 315 1081 376 simul
1099 325 1129 378 et
1148 320 1227 379 muti
1248 317 1387 400 confiteri
1408 328 1451 384 te·

178 405 330 470 necatur?

219 495 313 577 Hesp.
328 493 432 560 :Muti
448 500 479 558 et
496 493 583 560 surdi
601 499 747 557 tenentur
764 491 867 574 aliquo
881 494 971 556 modo
987 492 1140 566 confiteri,
1155 494 1263 557 saltem
1277 511 1329 574 per
1343 495 1449 578 signa;

179 583 242 648 nisi
257 584 322 646 sint
335 585 408 647 adeo
420 583 521 665 ignari
532 589 563 645 et
574 583 707 656 hebetes,
724 588 761 645 ut
774 581 854 645 nihil
866 580 995 645 extundi
1010 581 1048 644 ab
1068 580 1145 662 ipsis
1157 582 1262 663 possit.
1283 582 1372 649 Ratio
1390 588 1450 661 est,

180 672 255 756 (piria
269 677 453 754 preceptum
467 669 663 735 consessionis
676 669 799 751 respicit
813 688 918 734 omnes
933 670 1050 746 fideles,
1064 669 1187 752 quisue
1203 674 1322 753 peccata
1335 672 1452 736 ratione

181 761 286 843 aliqua
303 760 498 824 manifestare
508 763 647 842 possunt.

221 849 300 912 Hinc
314 856 348 913 t⁰
361 849 440 914 Muti
459 847 643 912 sufficienter
662 847 808 910 instructi
824 853 969 910 tenentur
986 846 1106 927 integre
1123 848 1275 926 confiteri,
1291 851 1399 914 saltem
1414 850 1454 914 si-

181 938 262 1020 gnis,
278 934 306 1000 si
317 938 382 1001 baec
396 935 610 1001 aConiessario
618 932 847 1016 intelligentam
861 934 889 998 si
903 941 1008 998 autern
1023 934 1087 1006 sint
1103 933 1210 999 minus
1222 935 1383 1014 instructi,
1399 947 1454 1003 aut

182 1025 345 1090 difficulter
363 1045 381 1088 a
400 1024 587 1089 confessario
606 1023 738 1104 intelligi
756 1023 892 1106 possint,
905 1021 1034 1086 sufficiet
1052 1023 1128 1104 ipsis
1148 1042 1249 1088 unum
1264 1033 1389 1090 tanturn
1407 1028 1456 1091 rel

184 1114 317 1178 alterum
330 1121 488 1196 peccatum
504 1111 713 1188 manifestare,
729 1118 783 1175 aut
796 1111 831 1174 in
840 1129 948 1192 genere
961 1109 1147 1192 significare,
1163 1130 1195 1175 se
1208 1131 1273 1178 esse
1286 1122 1455 1196 peccatores

184 1207 215 1266 et
226 1203 301 1266 velle
312 1209 470 1285 peccatum
483 1200 592 1264 vitare.

224 1295 258 1354 2⁰
268 1291 377 1366 Surdi,
392 1308 487 1354 usum
500 1289 614 1370 lingue
627 1289 789 1363 babentes,
806 1294 952 1352 tenentur
969 1308 1006 1352 ex
1021 1295 1109 1370 parte
1121 1308 1177 1352 sne
1188 1291 1324 1355 confiteri
1336 1299 1456 1374 peccata

186 1399 255 1462 quaa
278 1379 434 1444 memorie
457 1385 637 1456 occurrunt3
659 1379 712 1442 sed
734 1375 941 1442 confessarius
966 1395 1029 1440 non
1052 1383 1175 1444 tenetur
1195 1397 1245 1442 eos
1268 1380 1456 1464 interrogare

185 1469 225 1532 ad
239 1468 464 1549 procurandam
486 1466 683 1532 confessionis
706 1465 929 1548 integritatem,
956 1465 993 1529 ob
1012 1465 1144 1530 nimiam
1167 1466 1376 1551 interrogandi
1399 1470 1457 1535 dii·

185 1557 364 1622 iicrsstatem.

227 1647 327 1720 Quen.
344 1649 377 1707 '1⁰
389 1645 442 1706 An
454 1645 530 1706 muti
544 1643 669 1706 scientes
681 1642 810 1706 scribere
827 1651 985 1705 teneantur
1001 1646 1116 1725 scripto
1137 1647 1280 1728 confiteri
1288 1647 1331 1710 ud
1339 1668 1458 1731 procu·

186 1731 316 1794 rendam
330 1731 526 1812 consessionis
540 1729 768 1812 intepmtatem?

228 1819 322 1900 Hesp.
333 1837 346 1878 .·
364 1820 398 1881 ld
410 1818 551 1900 permitti
567 1836 654 1898 posse
668 1836 757 1880 nemo
777 1817 915 1893 dubitat;
931 1823 1059 1880 monent
1076 1825 1182 1882 saitem
1199 1827 1273 1884 tunc
1286 1825 1459 1888 curandum

188 1924 253 1970 esse
276 1914 313 1970 ut
331 1905 482 1988 scriptura
501 1906 666 1970 aboleatur.
689 1906 731 1969 At
750 1905 776 1968 si
795 1911 904 1987 agatur
921 1906 959 1968 (le
972 1904 1171 1986 obligatione,
1186 1927 1248 1973 non
1268 1911 1357 1990 pauci
1373 1913 1459 1976 valde

187 1994 390 2078 probabiliter
412 2000 543 2074 negant,
562 2001 631 2057 tum
650 1994 687 2057 ob
706 1993 877 2075 periculum
898 1993 1106 2069 revelationis,
1123 2001 1194 2058 tum
1214 1991 1288 2078 quia
1310 1999 1461 2081 scriptura

188 2089 241 2155 est,
255 2082 394 2146 medium
418 2081 717 2156 extraordinarium,
744 2082 825 2163 quod
845 2099 1008 2163 nunquam
1030 2081 1064 2144 in
1087 2083 1220 2148 Ecclesia
1244 2085 1387 2149 habitum
1414 2094 1462 2153 est

188 2172 274 2236 velut
288 2170 517 2252 prescriptum,
533 2171 601 2233 tum
616 2170 711 2233 etiam
725 2169 814 2251 quia,
830 2176 867 2233 ut
885 2167 990 2251 inquit
1001 2169 1121 2250 Diona,
1137 2172 1209 2235 talis
1222 2175 1333 2238 modus
1347 2177 1461 2241 confes-

190 2258 286 2324 sionis
300 2261 337 2322 dc
352 2279 383 2323 se
402 2263 449 2322 est
465 2258 627 2341 publicus,
643 2276 716 2322 cum
736 2257 889 2339 scriptura
902 2256 944 2321 sit
957 2258 994 2320 de
1013 2277 1044 2321 se
1057 2259 1190 2341 publica.
1204 2299 1244 2309 —
1257 2264 1377 2342 muno,
1394 2275 1416 2327 t.
1431 2267 1460 2342 1,

192 2357 231 2410 tr.
247 2349 303 2424 111,
325 2347 442 2410 Recolo.
459 2351 518 2423 ¹12,
538 2367 569 2408 n.
590 2350 620 2409 Ξ.
638 2383 677 2392 -
695 2345 874 2429 Laymunn,
897 2343 1051 2429 Castrop,
1071 2353 1126 2411 etc.
1144 2382 1183 2398 -
1198 2349 1235 2413 S.
1248 2350 1325 2434 Lep.
1340 2359 1461 2429 tamen,

190 2454 263 2500 cum
281 2434 429 2518 Vasqnez,
450 2435 583 2514 Snorez,
599 2435 701 2518 Lupo,
722 2434 871 2508 Locroie,
890 2441 960 2512 etc,
977 2434 1148 2516 oppositam
1166 2440 1353 2504 sententiam
1372 2441 1464 2506 habet

191 2531 340 2606 tanquam
351 2523 592 2607 probabiliorem
596 2543 609 2602 ,·
623 2541 753 2606 eamque
765 2527 999 2586 communiorem
1013 2542 1078 2588 esse
1091 2524 1180 2602 dicit,
1196 2545 1229 2589 n.
1244 2533 1315 2594 ars.

232 2617 303 2690 tot.
316 2649 356 2658 -
376 2615 477 2689 Quian.
493 2617 527 2676 8⁰
542 2612 594 2674 An
612 2611 660 2675 vel
677 2611 828 2695 quomodo
851 2613 994 2694 confiteri
1010 2622 1170 2677 teneantur
1188 2618 1294 2696 ipnori
1309 2619 1463 2684 idiomatis

193 2700 267 2776 loci,
284 2700 314 2761 in
329 2721 387 2783 quo
399 2700 541 2784 confiteri
554 2699 679 2764 votum?
1087 2729 1093 2742 ·

166 2857 167 2860 ,
233 2797 322 2878 Rerp.
362 2797 463 2877 Ignari
479 2796 636 2860 idiomatis
652 2796 709 2860 loci
726 2797 761 2860 in
782 2815 843 2878 quo
857 2803 1031 2873 versantur,
1047 2803 1079 2862 et
1094 2806 1230 2864 carentes
1244 2803 1466 2868 confessarios

195 2901 256 2966 quo
268 2883 398 2964 intelligi
412 2883 550 2966 possint,
565 2890 709 2948 tenentur
723 2889 849 2965 urgente
865 2892 1013 2968 praecepto
1033 2903 1145 2960 annue
1161 2888 1373 2965 confessionis,
1386 2899 1417 2956 et
1430 2892 1465 2956 in

115 3047 118 3054 ἱ
194 2971 324 3036 articulo
333 2971 453 3046 mortis
467 2971 602 3034 confiteri
615 2973 718 3054 aliquo
732 2973 833 3047 modo,
848 2972 956 3036 saltem
970 2972 1067 3054 signis
1080 2975 1281 3054 generalibus.
1298 2979 1388 3044 Ratio
1407 2985 1463 3057 est,

196 3059 269 3143 quia
290 3066 378 3141 urget
398 3066 584 3141 preceptum
604 3058 747 3124 divinum
770 3067 801 3124 et
819 3059 1067 3124 ecclesiasticum.
1088 3067 1166 3128 Nam
1185 3065 1245 3128 etsi
1266 3067 1466 3132 materialiter

194 3149 313 3230 integre
325 3147 463 3212 confiteri
475 3154 643 3230 nequeunt,
660 3151 804 3211 tenentur
817 3155 922 3212 tamen
932 3149 973 3212 ad
987 3148 1020 3212 id
1037 3151 1119 3231 quod
1131 3159 1272 3232 possunt.
1288 3189 1328 3200 -—
1341 3155 1376 3217 S.
1392 3157 1464 3240 Lip.

194 3259 229 3300 n.
244 3241 319 3314 tre,
335 3243 392 3300 eto.
929 3251 936 3266 ‘

237 3329 338 3403 Quen.
361 3330 394 3390 9⁰
418 3327 469 3389 An
491 3326 597 3408 ipnori
613 3324 766 3387 eiiiomatis
794 3333 955 3386 teneantur·
977 3326 1117 3408 confiteri
1135 3349 1194 3412 per
1211 3330 1422 3415 interpretem,
1439 3336 1469 3396 si

169 3477 171 3482 ,
193 3415 335 3500 possint?

239 3505 329 3588 Itesp.
354 3505 443 3586 Nep,
467 3503 541 3586 quia
566 3501 703 3568 confiteri
727 3519 782 3583 per
799 3500 999 3583 interpretem
1024 3509 1072 3566 est
1095 3522 1173 3568 onus
1193 3505 1413 3587 gravissimum
1437 3517 1469 3574 et

198 3593 307 3656 multis
325 3593 467 3675 perieulis
487 3591 673 3666 obnoxium,
694 3610 725 3654 v.
741 3607 800 3670 gn,
816 3588 1021 3666 revelationis,
1037 3590 1207 3670 irrisionis,
1224 3601 1280 3658 eto.
1299 3597 1425 3682 Excipe,
1442 3597 1469 3661 si

199 3680 233 3744 in
252 3680 385 3763 periculo
403 3680 513 3745 mortis
527 3679 679 3762 poenitens
695 3676 853 3743 idiomatis
871 3677 997 3759 ignarus
1013 3679 1133 3743 dubitet
1149 3681 1186 3744 dc
1205 3683 1386 3758 contritione
1401 3705 1468 3768 per·

200 3769 287 3844 lecta,
307 3770 381 3852 quia
404 3769 438 3832 in
460 3787 494 3832 eo
513 3787 584 3833 casu
605 3767 751 3832 confessio
766 3766 844 3830 foret
863 3766 1003 3830 medium
1022 3769 1207 3832 adsalutem
1227 3773 1353 3837 omnino
1368 3793 1468 3838 neces·

200 3859 339 3935 sarium;
363 3877 472 3922 rerum
496 3865 570 3921 tunc
592 3856 721 3920 sufficiet
750 3861 787 3918 ut
806 3855 854 3918 vel
875 3874 977 3920 unum
996 3856 1113 3920 veniale
1131 3857 1260 3924 dicatur.
1274 3861 1361 3927 -S.
1380 3864 1467 3946 Lep„

201 3946 273 4009 ibid.
513 3957 516 3970 ·

743 4085 884 4132 runcrurr
901 4086 925 4131 11

468 4205 508 4262 lle
527 4204 705 4263 confessione
715 4205 744 4262 et
758 4203 939 4262 absolutione
953 4203 1197 4263 moribundorum.

243 4373 311 4434 505.
325 4405 366 4415 -
384 4370 407 4429 l.
431 4365 558 4430 Absolvi
580 4373 679 4448 potest
699 4371 730 4432 et
751 4367 854 4442 debet,
868 4371 900 4429 et
917 4364 1043 4448 paridem
1061 4364 1214 4445 absolute,
1231 4371 1361 4453 quilibet
1376 4373 1469 4438 mori.

202 4457 328 4523 bunius
338 4455 393 4540 qui
408 4455 509 4539 aliquo
524 4455 629 4534 modo,
646 4473 716 4520 voce
735 4457 783 4521 vel
797 4454 884 4536 signo
896 4454 1068 4532 confitetur,
1083 4456 1131 4520 vel
1144 4457 1367 4526 absolutionem
1380 4462 1468 4543 petit.
