3220 5042
702 229 907 276 sandratus

474 463 493 546 ᾗ
514 459 601 528 1.-
618 461 665 528 De
683 459 886 527 muneribus
905 457 1125 545 Confessorii.

207 665 402 746 Quadruplex
413 663 591 727 confessarii
607 681 723 724 munus
738 679 792 723 seu
806 658 939 722 officium
951 659 1136 740 assignatur,
1153 659 1267 723 scilicet
1282 665 1313 722 1ο
1320 659 1438 741 patris;

167 759 200 818 20
214 755 340 830 medici;
357 759 390 817 3Β
403 752 551 828 doctoris;
567 756 601 814 4⁰
611 751 734 832 judicis.

713 977 854 1022 armorui!
874 977 886 1023 1

670 1100 708 1154 De
722 1097 817 1154 ellicio
829 1095 933 1172 patris.

205 1298 275 1357 599.
290 1327 330 1338 -—
348 1290 554 1354 confessarius
575 1295 621 1352 est
639 1296 724 1369 pater
739 1289 925 1370 spiritualis,
944 1288 998 1369 qui
1017 1288 1209 1369 spiritualem
1224 1288 1324 1352 dum
1339 1290 1437 1370 paeni·

166 1382 243 1444 tent-i
257 1380 385 1452 tribuit,
398 1383 452 1442 aut
466 1377 563 1440 relisit
579 1383 610 1440 et
620 1377 718 1453 dovet3
737 1378 772 1439 in
785 1377 936 1439 tribunali
952 1377 1038 1439 enim
1054 1377 1246 1440 Pmnitentiae
1262 1377 1342 1440 vices
1358 1380 1439 1458 gerit

165 1468 275 1549 optimi
295 1468 437 1529 omnium
460 1467 610 1546 parentis
631 1483 742 1546 nempe
762 1464 860 1546 ipsius
881 1465 1012 1540 Christi,
1035 1469 1064 1528 et
1083 1465 1151 1528 ideo
1173 1485 1191 1528 a
1213 1466 1438 1546 paenitentibus

164 1557 341 1620 dulcissimo
357 1556 457 1618 Patris
476 1555 601 1618 nomine
615 1555 794 1636 appellatur.
811 1554 890 1616 lllud
905 1560 1011 1616 autem
1030 1555 1111 1636 quod
1125 1555 1160 1616 in
1178 1573 1249 1618 vero
1266 1555 1366 1635 patris
1381 1575 1436 1618 no-

164 1646 250 1708 mine
268 1644 424 1726 imprimis
437 1645 567 1718 eminet,
583 1650 631 1706 est
647 1643 779 1722 insignis
798 1649 829 1704 ct
847 1641 1030 1706 inexhausta
1044 1643 1169 1706 conns.
1185 1647 1333 1719 Quanam
1351 1643 1433 1706 enirn

164 1733 284 1798 dilectio
301 1733 398 1815 patris
416 1732 576 1796 dilectione
593 1732 720 1795 fortior?
736 1734 883 1807 Quanam
902 1731 1011 1806 verior,
1027 1731 1142 1812 purior,
1160 1731 1281 1807 castior,
1297 1737 1434 1795 musten-

164 1823 236 1898 tior,
258 1823 462 1886 sollicitudine
481 1821 598 1903 plenior
616 1827 647 1883 et
663 1841 683 1882 a
701 1820 821 1901 proprio
840 1821 998 1882 commodo
1019 1820 1117 1900 magis
1135 1820 1250 1896 abana,
1270 1821 1334 1884 imo
1351 1827 1383 1884 ot
1397 1823 1435 1884 ad

165 1931 256 1975 omne
274 1912 486 1993 privationum
502 1918 533 1974 et
548 1911 812 1973 incommodorum
832 1927 928 1990 genus
946 1909 1079 1988 paratior
1099 1914 1130 1971 et
1148 1910 1340 1989 promptior?
1353 1909 1434 1974 Talis

164 2001 260 2080 igitur
278 2020 343 2064 esse
364 2001 453 2062 debet
471 1998 653 2064 Confessarii
671 1999 797 2074 caritas,
813 1998 857 2059 ita
871 2004 922 2074 ut,
942 1998 1066 2058 indotos
1085 1999 1202 2058 viscera
1218 1997 1434 2059 commerdio

166 2089 281 2152 carati
298 2089 387 2166 lesu,
406 2089 456 2170 qui
477 2109 538 2148 aar«
557 2090 640 2149 venit
655 2107 764 2148 uocare
775 2088 896 2168 justos„
910 2085 963 2147 sed
974 2097 1169 2168 peccatores,
1186 2089 1263 2147 sciat
1283 2086 1436 2163 studiose,

164 2179 316 2258 patienter
341 2184 372 2238 et
396 2182 556 2238 mansuete
577 2197 644 2236 cum
665 2175 873 2256 peccatoribus
896 2195 986 2255 opere
1005 2175 1082 2255 (Leo
1101 2175 1178 2252 XII,
1201 2176 1233 2235 iu
1254 2175 1351 2237 Buta
1374 2195 1436 2257 pro

164 2267 294 2328 chitaeo
311 2285 421 2345 mopoo
439 2266 515 2324 11111ιί
532 2265 636 2344 1825).
654 2263 701 2326 Sic
719 2263 818 2326 bonus
836 2267 920 2342 pater
938 2281 992 2342 pro
1012 2263 1083 2326 filiis
1100 2262 1312 2344 spiritualibus
1328 2265 1437 2328 ormria

164 2353 351 2418 sustinebit:
370 2353 491 2416 Caritas
514 2353 592 2413 ertia«
606 2353 730 2432 potiens
752 2361 849 2428 est...,
867 2353 970 2412 omnio
988 2353 1150 2432 suffar·t...‚
1172 2355 1274 2416 oemio
1295 2355 1436 2417 sustinet.

164 2445 190 2504 ll
202 2445 269 2504 Gor.
286 2459 338 2515 xv,
351 2445 382 2502 4.

205 2528 413 2591 confessarius
425 2528 587 2592 debetesse
599 2528 723 2591 caritate
739 2528 847 2608 plenus
859 2546 930 2609 erga
941 2527 1138 2609 peonitentes,
1150 2529 1262 2594 tumiu
1269 2529 1430 2610 principio,

166 2624 235 2679 tum
253 2618 287 2678 in
308 2618 452 2693 decursu,
470 2621 538 2680 tum
554 2617 588 2679 in
605 2618 665 2680 fine
686 2617 892 2679 confessionis.
911 2621 953 2680 De
970 2619 1017 2680 his
1036 2620 1141 2681 audire
1153 2623 1243 2701 juvat
1258 2619 1432 2698 borreutem

163 2707 268 2787 ipsum
282 2705 317 2767 S.
333 2706 493 2787 Ligarium
507 2707 541 2768 in
555 2707 657 2768 Procri
673 2704 874 2786 Conferant-ii,
890 2707 925 2770 in
937 2706 1107 2788 deceperis
1121 2707 1280 2788 theologici
1291 2707 1434 2790 majoris,

164 2815 281 2859 necnon
294 2794 329 2858 in
343 2794 434 2857 Hom.
449 2806 560 2879 apest,
580 2804 668 2858 tract.
683 2797 761 2860 XXI.

204 2889 275 2950 600.
288 2919 329 2930 -
340 2887 363 2946 Ι.
378 2885 418 2947 Io
433 2886 589 2968 principio
611 2884 818 2965 confessionis.
841 2905 857 2943 11
877 2885 989 2947 Primo
1003 2886 1162 2949 caritatem
1181 2885 1326 2950 adbibere
1342 2885 1437 2950 debet

167 2995 183 3033 «
206 2973 452 3055 (Confessarias)
466 2974 500 3035 in
516 2974 646 3053 benigne
663 2971 838 3053 excipiendo
860 2991 980 3049 omnes,
998 2975 1062 3037 sire
1075 2972 1235 3056 pauperae,
1248 2973 1316 3038 sire
1326 2976 1435 3050 rudos,

166 3085 181 3120 «
204 3063 268 3126 sive
278 3067 445 3143 peccatores
456 3063 531 3124 sint.
549 3061 693 3126 Nonnulli
707 3062 897 3124 solummodo
912 3069 1034 3143 tempus
1047 3062 1214 3126 maumam
1223 3063 1260 3126 iu
1273 3063 1436 3126 audiendis

166 3151 444 3214 «confessionibus
469 3151 670 3232 aartiquorum
694 3151 876 3214 devotorum
902 3158 958 3214 aut
982 3169 1181 3232 personarum
1206 3151 1435 3232 spectabilium,

163 3262 181 3300 «
203 3241 291 3322 quio,
308 3244 345 3302 ut
361 3238 416 3302 bos
434 3259 453 3302 a
472 3258 503 3302 se
521 3240 683 3320 repellant,
699 3257 762 3302 uon
780 3246 827 3302 est
844 3239 889 3302 eis
911 3246 1017 3303 tantus
1036 3239 1173 3316 animus;
1188 3240 1215 3302 si
1232 3247 1336 3303 mmm
1350 3241 1390 3302 ad
1401 3259 1436 3302 se

164 3350 180 3388 «
204 3329 316 3409 aliquis
337 3328 520 3392 miserabilis
538 3335 674 3408 peccator
689 3329 825 3402 accedat,
837 3346 917 3408 ¹aegre
934 3329 1062 3392 auditur
1079 3335 1110 3392 et
1127 3329 1272 3392 conviciis
1292 3332 1434 3392 onerabas

165 3440 180 3477 «
203 3427 324 3481 arcetur
339 3438 346 3480 :
363 3419 444 3480 unde
460 3417 496 3479 fit
510 3424 547 3479 ut
557 3417 608 3478 ille
620 3413 724 3492 miser,
738 3424 902 3498 postquam
922 3416 982 3480 sibi
997 3417 1167 3480 maximam
1182 3418 1249 3481 rim
1259 3417 1379 3491 intulit,
1394 3422 1433 3478 ut

163 3528 179 3566 «
202 3508 240 3570 ad
253 3526 309 3570 sua
321 3513 441 3588 peccata
455 3505 625 3568 confitenda
633 3505 762 3581 reniret,
773 3525 803 3568 se
816 3511 879 3568 111111
893 3524 996 3586 aspere
1006 3513 1161 3586 acceptum
1174 3507 1316 3580 sentiens,
1324 3505 1434 3568 odium

163 3617 178 3654 «
202 3596 236 3658 in
256 3596 448 3666 Poenitentiae
470 3597 700 3660 Sacramentum
721 3593 883 3675 concipiat,
900 3601 930 3656 et
952 3595 1113 3674 desperans
1128 3615 1159 3657 se
1177 3613 1263 3675 posse
1276 3593 1432 3666 invenire,

163 3707 178 3743 «
202 3685 257 3766 qui
280 3685 340 3747 sibi
359 3684 526 3765 opituletur
544 3689 575 3744 et
595 3701 625 3744 se
645 3683 783 3746 absolvat
799 3701 818 3744 a
834 3683 978 3763 peccatiS,
994 3683 1029 3744 in
1052 3682 1178 3764 perditae
1193 3685 1263 3747 vite
1277 3683 1434 3746 lubricum

163 3793 179 3830 «
201 3774 279 3836 lauis
297 3772 426 3836 habenis
442 3789 572 3853 praeceps
591 3777 678 3845 ruat,
696 3775 725 3832 et
746 3771 781 3833 in
805 3772 913 3834 salutis
935 3771 1176 3851 desperationem
1199 3772 1326 3835 ineidat.
1342 3774 1435 3834 Secus

163 3882 178 3919 «
201 3861 274 3924 boni
289 3861 473 3925 confessarii
485 3867 592 3940 agrmt.
605 3863 683 3922 Cum
696 3859 735 3922 ad
750 3878 780 3922 se
794 3859 972 3940 hujusmodi
983 3867 1151 3940 peccatores
1165 3861 1335 3937 confluunt,
1348 3860 1437 3922 beni-

162 3970 178 4008 «
200 3967 258 4029 gne
271 3951 327 4012 hos
341 3950 509 4032 accipiunt,
526 3955 571 4023 et,
587 3948 676 4029 quasi
691 3949 789 4009 victor
803 3957 894 4029 copta
905 3949 1031 4030 praed«,
1047 3950 1204 4012 exsrdtam
1215 3950 1436 4030 perpendentes

162 4059 178 4095 «
201 4037 262 4099 sibi
280 4039 440 4116 contigisse
460 4037 598 4100 animam
613 4037 649 4099 do
668 4035 813 4099 manibus
832 4037 979 4100 daemonis
998 4038 1124 4118 eripere.
1140 4037 1247 4100 Sciunt
1259 4038 1316 4100 boc
1330 4039 1435 4100 Sacra-

162 4147 177 4184 «
199 4129 340 4188 mentum
353 4128 472 4208 proprie
487 4145 548 4190 non
567 4125 661 4189 casse
671 4143 729 4206 pro
742 4125 837 4206 justis
851 4126 1053 4210 institutum,
1071 4127 1123 4190 sed
1134 4145 1188 4208 pro
1206 4126 1433 4208 peccatoribus;

161 4235 178 4273 «
201 4213 317 4277 etenim
330 4214 463 4277 veniales
475 4217 569 4296 eulpa
584 4221 622 4277 ut
633 4215 845 4290 remittantur,
860 4233 923 4277 non
937 4215 1077 4296 indigent
1092 4215 1303 4278 sacramentali
1315 4215 1436 4278 absolu-

161 4324 177 4360 «
200 4301 297 4379 tione,
314 4321 385 4365 cum
406 4303 514 4367 multis
537 4301 606 4366 aliis
627 4303 726 4366 modis
748 4301 840 4365 deleri
860 4304 992 4384 possint;
1015 4304 1117 4366 sciunt
1135 4322 1256 4386 quoque
1275 4303 1434 4366 Christum

160 4396 401 4470 «protestatum
417 4391 511 4454 luisse
524 4391 573 4454 bis
587 4391 689 4454 verbis
702 4412 708 4453 :
723 4391 795 4454 Noa
813 4394 894 4454 oum
913 4394 982 4454 oeni
1001 4411 1108 4454 oscwe
1122 4393 1242 4473 joses,
1257 4393 1434 4474 κάρπω-

161 4500 176 4536 «
200 4487 289 4542 tores.
302 4485 392 4546 Mare.
410 4499 448 4554 11,
466 4485 516 4541 l'l.
532 4483 691 4559 Propterea
706 4480 913 4544 mutassemus
927 4480 1042 4544 unsara
1055 4480 1273 4546 misecioordioe
1284 4481 1431 4554 indm,
