3198 5036
211 195 254 256 δι
745 203 951 250 reinnerus

250 325 282 384 3⁰
296 317 430 381 Effectus
443 317 554 398 pratia
568 313 777 376 Eoolzna'stiae
788 322 835 378 εει
851 315 928 377 alere
943 313 1040 377 vitam
1055 314 1262 396 spiritualem,
1279 317 1418 378 eamdem
1432 335 1488 379 au·
1591 359 1592 372 ,

213 427 296 490 gere,
313 423 461 470 nauseam
480 421 585 467 rerum
599 405 828 466 mundanarum
845 421 1002 484 generare,
1015 405 1055 466 ad
1070 403 1217 466 unionem
1230 419 1301 465 cnm
1317 407 1375 466 Dec
1389 411 1487 468 attra-
1591 469 1592 478 ,

210 500 296 574 hare,
321 504 353 560 et
376 495 443 557 ideo
465 492 573 556 afferre
590 495 642 574 jus
665 499 696 555 ει
718 492 845 574 gratias,
871 493 985 572 quibus
1005 493 1069 556 haec
1092 491 1198 555 omnia
1222 493 1489 557 commmiicantes
1591 553 1592 568 ,

185 603 190 617 “
211 585 356 666 consequi
369 583 499 664 possint.

250 681 283 738 ιθ
309 673 442 736 Effectus
464 675 576 753 pretia
598 671 863 734 renitescant
887 669 1040 733 remittere
1064 677 1185 750 peccata
1202 677 1271 750 post
1292 671 1488 751 Baptismum

211 763 390 838 commissa,
404 768 436 824 et
448 758 581 823 conferre
592 759 658 824 vim
672 760 710 822 ad
725 759 851 822 vitanda
860 763 980 839 peccata
991 764 1021 820 ει
1035 759 1340 838 adperseverandum
1352 758 1387 822 in
1401 765 1489 823 statu

210 853 331 933 gratia,
345 857 376 914 ct
385 853 438 932 jus
452 849 492 912 ad
504 847 621 911 auxilia
634 848 683 910 his
698 847 881 929 praestandis
895 851 1075 928 opportuna.

251 945 283 1004 5⁰
297 939 431 1002 Effectus
443 938 555 1020 pratia
575 937 735 999 Extremae
752 936 909 999 tinctionis
927 940 973 998 εει
991 935 1095 998 tollere
1113 941 1304 1016 peccatorum
1321 935 1485 1018 reliquias,

210 1027 386 1110 aegrotantis
400 1024 542 1090 annnam
553 1024 706 1100 alleviare,
722 1024 868 1088 fiduciam
882 1023 1088 1098 corroborare,
1104 1024 1205 1086 morbi
1219 1025 1414 1088 incommoda
1426 1026 1488 1086 mi-

210 1137 270 1182 nus
281 1118 409 1182 molesta
422 1116 556 1188 reddere,
567 1113 631 1176 imo
645 1121 676 1178 et
690 1114 854 1177 sanitatem
866 1112 998 1193 corporis
1012 1111 1181 1187 interdum,
1196 1112 1251 1174 ubi
1265 1114 1359 1176 saluti
1371 1113 1487 1178 ammas
1591 1117 1592 1168 t

210 1205 386 1288 expedierit,
402 1203 574 1278 restituere,
592 1202 817 1265 tentationibus
830 1201 978 1264 extremis
987 1200 1166 1282 repellendis
1181 1200 1275 1264 robur
1288 1201 1437 1277 tribuere,
1453 1209 1488 1264 et
1591 1205 1592 1248 i

205 1298 257 1376 jus
272 1296 311 1358 ad
325 1292 439 1357 auxilia
453 1290 503 1354 his
514 1291 741 1372 proportionata
752 1289 896 1354 conferre.

250 1387 282 1446 6ο
296 1381 429 1444 Effectus
447 1380 560 1462 qratia
580 1379 705 1442 Ordinis
723 1384 768 1441 est
787 1379 911 1441 reddere
929 1378 1043 1442 Christi
1061 1377 1220 1444 Ministros
1233 1378 1326 1442 sacris
1342 1378 1486 1442 ministe-

209 1470 268 1534 riis
283 1470 419 1546 idoncos
434 1474 470 1530 ut
483 1468 549 1531 haec
562 1467 666 1530 debita
683 1467 796 1548 pietate
812 1473 958 1548 peragant
970 1516 977 1543 ,
991 1475 1023 1530 et
1040 1470 1091 1548 jus
1108 1465 1241 1530 conterre
1254 1468 1293 1530 ad
1307 1467 1424 1532 auxilia
1434 1468 1488 1531 his

287 1566 391 1622 rtuna.

209 1577 429 1710 01ὶέἷξιιιιεειεε
451 1649 563 1728 pratia
588 1645 783 1706 Matrimonii
799 1649 845 1708 est
867 1645 1016 1709 refrenare
1038 1645 1249 1708 inordinatam
1272 1645 1487 1726 concupiscen-

211 1736 299 1812 tiam,
316 1734 397 1800 vires
412 1733 545 1798 tribuere
558 1734 598 1816 ad
610 1751 702 1797 onera
713 1737 812 1796 status
824 1733 990 1814 conjugalis
1005 1733 1196 1806 sustinenda,
1213 1733 1253 1794 ad
1269 1732 1362 1796 fidem
1375 1735 1487 1814 coniu-

208 1825 306 1906 galem
322 1825 518 1898 servandam,
534 1829 566 1886 ει
579 1823 618 1885 ad
630 1823 745 1903 prolem
758 1821 924 1885 christiane
941 1821 1147 1897 educandam,
1163 1827 1194 1884 et
1206 1821 1272 1884 ideo
1283 1825 1336 1904 jus
1350 1824 1486 1886 contem

207 1915 245 1978 ad
260 1913 375 1977 auxilia
386 1931 441 1994 pro
455 1911 505 1975 his
519 1911 721 1992 adimplendis
736 1911 914 1974 necessaria.
929 1945 970 1956 -
983 1909 1164 1974 Communis.

452 2275 497 2327 DE
523 2274 683 2326 MATERIA
708 2274 753 2324 ET
779 2275 901 2326 FORMA
927 2274 1240 2328 SAGRAMENTORUM

386 2449 413 2515 Ι.
435 2485 480 2498 -
497 2448 545 2514 De
565 2454 699 2514 εειεεε
721 2456 752 2514 ει
777 2449 905 2514 εειοεε
932 2449 1088 2514 motoria
1111 2455 1142 2516 et
1166 2447 1188 2536 f
1294 2503 1302 2516 .

248 2611 319 2671 196.
334 2642 375 2652 -
388 2610 615 2670 Dnrrnnronss.
636 2607 763 2673 Materia
776 2611 822 2670 est
835 2625 883 2670 res
897 2606 1051 2670 sensibilis
1066 2609 1107 2672 ad
1120 2609 1272 2672 rationem
1287 2611 1483 2673 sacramenti

206 2713 259 2777 per
279 2695 412 2759 formam
427 2696 672 2760 determinanda.
692 2695 771 2758 Hinc
789 2694 920 2758 materia
938 2703 985 2758 ost
1002 2695 1050 2770 id,
1066 2699 1148 2778 quod
1166 2697 1201 2760 in
1220 2701 1416 2762 Sacramenta
1436 2705 1488 2762 est

206 2783 306 2866 magis
322 2785 518 2860 indifferens,
534 2790 565 2849 et
583 2785 691 2848 minm
708 2783 871 2865 perlectam
890 2783 1144 2865 significationem
1157 2785 1263 2863 habet;
1282 2786 1416 2868 adeoque
1430 2803 1489 2867 per

208 2871 292 2938 uliud
305 2872 504 2938 determinari
514 2875 554 2936 ad
568 2873 804 2954 significandum
816 2873 917 2937 debet.

250 2963 377 3028 Materia
391 2963 503 3044 duplex
515 2967 581 3026 est:
597 2961 658 3026 alia
671 2967 802 3036 remota,
818 2970 849 3026 ει
866 2962 927 3026 alia
939 2964 1090 3044 proxima.
1105 2963 1191 3027 Prior
1207 2970 1255 3026 est
1268 2964 1335 3044 ipsa
1353 2982 1402 3028 res
1414 2983 1489 3028 sen-

208 3049 321 3128 sibilia,
338 3069 409 3132 quae
422 3052 456 3114 in
474 3055 671 3116 &eramento
687 3050 861 3128 adhibetur,
877 3069 931 3114 seu
945 3071 993 3115 res
1010 3052 1091 3115 circa
1103 3071 1198 3133 quam
1215 3052 1295 3118 actio
1311 3071 1490 3116 sacramen-

208 3137 280 3202 talis
297 3148 466 3204 exercetur.
482 3140 634 3204 Posterior
651 3146 698 3202 εει
711 3138 844 3221 ipsamet
857 3141 1018 3222 applicatio
1037 3161 1092 3204 seu
1110 3161 1186 3206 usus
1204 3142 1341 3205 materiae
1357 3148 1491 3207 remotae

208 3226 243 3290 in
256 3227 373 3292 actione
386 3229 612 3293 sacramentali.

247 3321 358 3382 Forma
381 3335 452 3381 rere
472 3323 607 3399 estpars
625 3318 829 3392 sacramenti,
849 3337 918 3400 quae
936 3319 1123 3382 determinat
1142 3317 1305 3382 matermm
1321 3321 1359 3383 ad
1378 3324 1492 3384 Sacra-

208 3411 351 3470 mentum
378 3404 585 3482 efficiendum,
611 3412 643 3469 ει
663 3425 731 3489 quae
757 3407 911 3471 ordinarie
939 3407 1080 3472 consistit
1106 3408 1142 3470 in
1166 3406 1268 3471 verbis
1296 3427 1314 3470 a
1340 3409 1489 3473 Ministro

208 3493 344 3576 prolatis.

332 3625 557 3707 Principia.

250 3767 320 3827 197.
336 3799 376 3808 ——
388 3763 411 3830 Ι.
428 3763 556 3830 Materia
568 3769 600 3826 ει
617 3763 715 3827 torma
729 3763 857 3826 omnino
871 3768 946 3825 sunt
961 3761 1136 3826 necessaria
1149 3763 1188 3826 ad
1204 3764 1393 3830 Sacramenti
1407 3765 1491 3829 vali-

212 3849 358 3927 ditatem;
374 3851 498 3926 idcirco,
515 3852 663 3914 alterutra
676 3850 847 3924 deficiente,
864 3853 1061 3914 Sacramenta
1081 3851 1189 3914 confici
1207 3859 1375 3932 nequeunt.
1394 3853 1490 3918 Ratio
1591 3881 1592 3936 p

208 3943 270 4013 cst,
285 3939 359 4020 quia
378 3943 612 4004 Sacramentum
630 3937 737 4002 confici
758 3937 878 4020 nequit,
895 3937 958 4000 nisi
981 3955 1015 4001 eo
1035 3940 1140 4014 modo,
1156 3959 1218 4022 quo
1233 3940 1376 4005 instituit
1394 3940 1489 4004 Ghri-
1591 3941 1592 3964 ³

207 4029 293 4101 stus‘,
310 4027 366 4108 qui
389 4027 471 4092 solus
493 4033 540 4092 εει
564 4033 670 4092 auctor
692 4031 970 4092 sacramentorum.
992 4029 1033 4090 De
1051 4027 1110 4092 lide
1128 4035 1186 4092 εει.
1208 4031 1334 4092 Constat
1357 4030 1491 4110 insuper
1591 4105 1592 4116 ,

206 4133 245 4178 ex
256 4115 441 4219 dogmaticis
454 4115 700 4190 definitionibus,
717 4115 888 4196 praesertim
906 4134 945 4178 ex
958 4114 1090 4179 Concilio
1108 4117 1283 4182 Florentino
1299 4117 1335 4182 in
1355 4118 1487 4181 beneio

205 4223 346 4356 miiaiin,
357 4208 542 4358 {iiificiendc
555 4295 749 4358 sacramento
766 4301 853 4357 extra
867 4311 974 4358 casnm
990 4294 1179 4358 necessitatis
1191 4295 1322 4359 materia
1338 4302 1370 4359 ει
1384 4294 1488 4360 forma

204 4378 344 4446 adhiberi
360 4381 450 4446 debet
467 4382 622 4446 moraliter
638 4389 730 4447 εεειε.
749 4381 838 4448 Ratio
854 4389 916 4459 est,
934 4383 1008 4464 qnia
1025 4381 1087 4446 nisi
1103 4387 1210 4464 urgeat
1225 4383 1404 4458 necessitas,
1420 4403 1487 4448 non

202 4469 273 4535 licet
284 4471 333 4536 uti
344 4469 575 4554 probabilitate,
590 4489 658 4554 que
670 4471 842 4554 periculum
855 4471 1057 4536 invaliditatis
1069 4491 1131 4536 non
1145 4480 1292 4537 removet.
1301 4475 1482 4537 -Verum
