3224 5044
666 184 708 227 DE
730 181 959 228 Marathonio

679 365 893 428 ARTICULUS
913 367 940 425 lI

606 520 644 562 aa
666 519 808 564 sarincae
830 519 1014 566 aarmuoxn

296 630 519 709 Principia.

214 779 372 840 ata-1.
386 777 562 858 Suhjectum
578 775 770 837 Sacramenta·
781 775 970 839 Matrimonii
985 783 1031 840 est
1045 777 1249 841 omnishomo
1262 779 1444 859 baptizatus,

172 865 257 928 nullo
268 865 504 946 impedimento,
522 865 586 928 sive
598 865 745 939 naturali,
764 865 828 927 sive
840 865 960 940 divino,
976 865 1040 928 sive
1055 867 1199 930 canonico
1212 868 1364 931 laborans

213 953 292 1015 Dixi
304 961 336 1017 t⁰
351 953 578 1016 :omnishomo
595 953 782 1035 baptizatas,
802 954 942 1015 homines
957 955 1040 1016 enim
1055 975 1117 1018 non
1132 955 1356 1036 baptizatinon
1373 965 1448 1020 sunt

172 1057 294 1123 capaces
309 1043 577 1105 Sacramentorum
592 1041 741 1116 Ecclesiae,
756 1048 792 1103 ut
806 1047 898 1122 patet.
916 1077 957 1088 -
972 1043 1051 1104 Dixi
1064 1048 1097 1106 2⁰
1113 1063 1120 1106 :
1138 1046 1220 1107 nullo
1235 1046 1446 1127 impedimento

173 1131 329 1208 laborans;
343 1131 412 1193 licet
425 1131 510 1192 enim
522 1151 577 1212 per
588 1150 617 1192 se
632 1131 733 1192 omnis
749 1131 841 1192 homo
857 1131 1029 1211 baptizatus
1044 1133 1085 1194 sit
1100 1133 1272 1214 subjectum
1285 1153 1380 1214 capax
1397 1137 1447 1198 Sa-

173 1219 322 1282 cramenti
338 1218 543 1292 Matrimonii,
557 1239 618 1301 per
631 1218 767 1281 occidens
782 1223 884 1281 tamen
904 1220 1005 1299 plures
1018 1239 1036 1282 a
1052 1221 1248 1285 Matrimonia
1265 1222 1363 1284 valide
1376 1241 1446 1286 cou-

173 1309 319 1371 trahendo
338 1313 480 1371 arcentur
500 1313 621 1390 propter
635 1309 755 1372 diversa
768 1307 1006 1389 impedimenta,
1022 1314 1090 1372 tum
1101 1309 1182 1391 juris
1196 1311 1360 1386 naturalia,
1378 1317 1447 1374 tum

168 1397 249 1478 juris
264 1396 378 1471 divini,
393 1404 447 1460 aut
461 1397 667 1471 ecclesiastici,
681 1405 717 1460 ut
732 1397 812 1460 infra
826 1416 880 1460 suo
893 1398 955 1460 loco
968 1397 1097 1474 dicetur,
1114 1420 1144 1460 ιι.
1162 1403 1232 1462 794.

213 1486 290 1550 Hinc
306 1493 339 1549 l⁰
354 1486 590 1550 matrimonium
611 1486 798 1561 infidelium,
820 1487 889 1549 licet
912 1487 1050 1550 validum
1072 1507 1136 1551 esse
1158 1488 1255 1569 possit
1276 1488 1446 1552 iuratione

173 1580 355 1649 contractus,
370 1593 433 1638 non
449 1583 553 1638 tamen
563 1582 611 1638 est
624 1577 866 1639 Sacramentum.
881 1579 946 1638 lmo
959 1577 1056 1638 fidelis
1070 1577 1134 1658 ipse
1148 1577 1328 1640 contrahens
1342 1578 1447 1640 matri·

172 1664 314 1726 monium
330 1681 402 1727 cum
415 1664 541 1737 infideli,
554 1665 649 1726 etiam
664 1683 701 1726 ex
713 1667 800 1745 Papa
815 1663 1051 1744 dispensatione,
1061 1669 1151 1745 juxta
1166 1684 1362 1729 communem
1377 1685 1445 1728 sen-

174 1752 314 1824 tentiam,
332 1759 436 1814 contra
450 1770 559 1832 paucos
574 1754 804 1814 Sacramentum
819 1771 880 1813 non
895 1753 1026 1832 recipiet.
1046 1754 1170 1816 Etenim
1185 1754 1309 1834 signum
1321 1753 1446 1816 unionis

172 1839 285 1902 Christi
306 1858 377 1901 cum
395 1839 541 1914 Ecclesia,
559 1839 691 1918 gratiam
712 1841 963 1902 sacramentalem
980 1839 1151 1915 contemne,
1170 1861 1269 1922 neque
1282 1841 1318 1904 in
1332 1841 1446 1904 unione

173 1925 244 2002 viri,
261 1945 360 2007 neque
372 1927 405 1988 in
421 1927 534 1989 unione
547 1927 696 2003 mulieris,
714 1927 811 1990 sedin
826 1927 939 1990 unione
955 1927 1118 2008 utriusque
1133 1928 1284 1991 consistit.

212 2019 245 2078 Ψ
258 2015 399 2078 Haeretici
421 2022 452 2077 et
471 2015 672 2091 schismatici,
693 2015 747 2096 qui
768 2016 903 2078 ineundo
917 2016 1150 2079 Matrimonium
1164 2017 1243 2096 leges
1257 2017 1395 2081 Ecclesia
1407 2020 1446 2081 ad

172 2103 377 2167 substantiam
393 2104 582 2168 sacramenti
596 2105 783 2185 pertinentes
795 2111 933 2167 accurate
945 2112 975 2167 et
989 2105 1105 2185 integre
1118 2113 1251 2180 servant,
1268 2107 1366 2168 valide
1378 2125 1445 2170 con-

171 2192 301 2255 trahunt
314 2199 345 2256 et
357 2195 553 2256 Sacramenta
567 2193 767 2269 muniuntur,
784 2213 856 2257 cum
869 2193 948 2255 nihil
964 2193 1015 2267 sit,
1032 2195 1114 2274 quod
1127 2195 1222 2257 valori
1235 2195 1330 2276 hujus
1344 2198 1446 2258 Sacra-

171 2281 268 2344 menti
283 2282 403 2344 obstare
417 2282 524 2362 possit.
543 2285 605 2344 Hoc
617 2282 719 2362 ipsum
737 2283 897 2345 confirmat
909 2282 1013 2362 praxis
1026 2283 1180 2358 Ecclesiae,
1196 2302 1265 2364 quea
1278 2284 1445 2347 nullimode

170 2388 219 2433 eos
233 2370 331 2451 adigit
345 2371 410 2433 sive
425 2372 463 2434 ad
480 2372 691 2434 renovandmn
708 2389 906 2444 consensum,
924 2371 988 2432 sire
1003 2373 1041 2434 ad
1061 2371 1304 2434 benedictionem
1323 2372 1446 2455 nuptia-

169 2459 229 2521 lem
250 2460 471 2541 recipiendam,
486 2460 513 2522 si
531 2459 741 2541 resipiscentes
759 2461 798 2522 ad
814 2460 967 2524 catholiea
989 2459 1125 2522 Ecclesiae
1142 2461 1294 2523 uni-tatem
1308 2459 1442 2524 redeant.

168 2549 272 2611 —Ite
287 2569 396 2612 omues.
1137 2603 1141 2626 ,

207 2639 515 2720 773.—11.Sp0nsi
535 2639 771 2702 Matrimonium
790 2639 1019 2712 contrahentes
1040 2639 1075 2701 in
1094 2643 1177 2702 statu
1197 2642 1303 2721 gratiae
1326 2640 1444 2704 versari

167 2727 289 2797 debent,
303 2725 377 2804 quia
388 2725 622 2788 Matrimonium
635 2733 680 2788 est
695 2729 928 2789 Sacramentum
942 2731 1089 2788 uiuorum.
1100 2729 1159 2803 Qui
1171 2731 1358 2802 contrahunt
1371 2749 1440 2809 pec·

168 2819 234 2872 cato
249 2812 371 2872 mortali
386 2812 592 2890 coinquinati,
610 2814 654 2874 rei
671 2814 819 2891 sacrilegii
831 2815 981 2889 evadunt,
997 2833 1052 2876 nec
1071 2815 1184 2893 gratias
1207 2818 1442 2879 sacramentales

168 2899 287 2979 sponsis
302 2899 484 2960 necessarias
497 2897 678 2978 percipiunt.
697 2900 905 2962 Probabiliter
919 2907 1021 2964 tamen
1035 2903 1095 2965 illae
1110 2902 1215 2983 gratiae
1230 2909 1304 2965 suant
1319 2911 1443 2967 tantum

168 3005 332 3070 suspensae,
346 2993 377 3049 et
390 2989 507 3049 remoto
522 2985 604 3047 obice
617 3005 671 3049 seu
685 2995 805 3067 peccato
817 2989 950 3062 mortali,
962 2990 1074 3053 animae
1089 2991 1290 3072 applicantur,
1301 2992 1350 3054 uti
1364 2993 1442 3054 dixi·

166 3094 237 3139 mus
251 3077 365 3155 agendo
379 3076 414 3137 de
430 3075 638 3138 Sacramentis
656 3077 688 3136 in
702 3096 821 3157 periere,
837 3097 867 3137 ιι.
885 3081 954 3140 232.
972 3114 1010 3123 —
1027 3081 1083 3140 Pro
1104 3080 1191 3158 praxi
1210 3081 1236 3142 si
1256 3079 1360 3142 nullus
1378 3079 1442 3143 iru-

166 3170 235 3227 ctus
259 3183 298 3227 ex
321 3163 492 3227 monitione
515 3169 667 3244 speretur,
688 3163 748 3226 lere
771 3165 882 3228 melius
906 3165 966 3227 erit
988 3166 1154 3245 indignum
1178 3187 1240 3231 non
1261 3186 1385 3230 monere
1406 3169 1442 3231 de

166 3252 321 3333 sacrilegio
340 3252 466 3333 indigne
485 3251 667 3328 accedentis,
684 3258 719 3314 ut
738 3254 846 3316 saltem
868 3254 910 3316 sic
928 3253 1034 3317 minus
1053 3264 1170 3334 peccet;
1188 3263 1218 3319 et
1233 3257 1334 3337 potius
1349 3256 1440 3320 indu-

165 3345 278 3406 cendus
293 3342 366 3417 erit,
383 3347 419 3404 ut
434 3343 543 3404 saltem
556 3341 790 3423 quamprimum
802 3344 840 3405 ad
852 3343 1058 3407 confitendum
1075 3346 1205 3408 accedat.

284 3506 479 3582 Quaesitae.

204 3650 272 3714 774.
288 3687 330 3698 ·-
344 3656 446 3729 Quen.
469 3659 501 3716 l⁰
512 3653 565 3714 An
580 3651 735 3714 Poroclzus
752 3656 873 3734 eripere
892 3651 1011 3728 debeat,
1028 3663 1062 3714 ut
1070 3655 1278 3736 praemittetur
1293 3657 1440 3737 consessio

163 3739 375 3816 Matrimonia,
392 3741 440 3804 uel
453 3749 486 3803 ut
502 3741 618 3804 libellus
632 3742 824 3821 confessionis
837 3763 855 3803 a
870 3743 985 3824 sponsis
1000 3743 1199 3806 exhiheatur?

203 3829 291 3910 Hesp.
307 3836 359 3892 l0:
376 3835 443 3894 Non
457 3837 557 3911 potest
573 3831 708 3892 absolute
725 3853 782 3914 per
795 3850 825 3893 se
839 3831 871 3894 id
887 3831 1020 3913 exigere,
1036 3833 1098 3896 nisi
1116 3834 1165 3896 lex
1182 3853 1236 3896 seu
1254 3843 1439 3916 preceptum

163 3917 303 3997 Episcopi
320 3918 396 3980 illud
412 3923 537 3982 statuat.
552 3920 641 3983 Ratio
657 3927 719 3996 est,
736 3921 810 4002 quia
824 3921 966 4001 quamvis
981 3923 1155 4004 requiratur
1170 3926 1267 3986 status
1282 3924 1386 4004 gratiae
1400 3925 1438 3987 ad

162 4003 219 4066 hoc
231 4006 463 4068 Sacramentum
478 4005 719 4086 suscipiendum,
733 4029 794 4072 non
807 4015 911 4072 tamen
920 4011 1091 4090 requiritur
1099 4011 1267 4075 necessario
1277 4011 1435 4088 confessio,

162 4109 234 4154 cum
249 4091 391 4154 contritio
405 4094 543 4157 absolute
557 4095 693 4159 sufficere
706 4097 801 4178 possit
815 4097 910 4160 etiam
923 4099 963 4161 iis
977 4099 1032 4179 qui
1049 4099 1082 4160 in
1097 4105 1180 4162 statu
1195 4101 1308 4182 peccati
1325 4105 1436 4165 morta·

163 4180 201 4242 lis
216 4187 389 4242 versantur.
407 4181 541 4246 Aliunde
554 4185 687 4246 Paracho
701 4187 880 4268 plerumque
898 4205 959 4250 non
973 4187 1148 4266 innotescit,
1165 4207 1289 4272 sponsos
1304 4191 1338 4253 in
1353 4197 1436 4254 statu

163 4269 268 4349 gratiae
282 4285 345 4330 non
357 4269 483 4332 versari.

203 4357 293 4439 Resp.
308 4361 341 4419 2⁰
354 4377 361 4418 :
375 4357 434 4420 Ubi
451 4357 499 4420 lex
514 4358 718 4439 particularis,
736 4370 771 4425 ut
785 4364 894 4427 multis
905 4365 938 4427 iu
953 4366 1037 4441 locis,
1051 4368 1183 4446 exsistit,
1198 4371 1350 4433 Perochus
1365 4388 1436 4433 con·

162 4444 323 4509 sessionem
336 4445 456 4526 exigere
466 4447 555 4510 debet
569 4457 624 4512 aut
635 4451 743 4513 saltem
754 4451 838 4515 illius
852 4453 1214 4522 testimonium.Possunt
1225 4464 1329 4522 Maron
1339 4477 1436 4541 quan·
