3180 5040
200 205 268 266 512
639 217 642 224 ·
748 207 927 254 sesannia

201 348 269 414 quse
283 327 382 390 alicui
389 342 525 408 persona
539 321 668 404 priuata
680 319 894 394 conceduntur,
905 338 933 380 v.
948 337 1013 399 pm,
1026 315 1226 399 indutpentia
1237 339 1383 382 concessa
1396 323 1493 384 alicui

200 439 262 502 pro
276 415 406 479 articulo
420 414 540 491 mortis,
559 409 718 474 Induttum
731 409 888 491 personate
904 409 1009 470 altaris
1022 408 1229 490 pricilepiati,
1246 409 1386 490 facultas
1398 412 1490 474 bene-

205 507 326 572 dicendi
347 524 472 568 coronas
490 504 527 564 Β.
546 501 589 562 Μ.
619 499 650 562 V.
670 520 736 560 cum
753 497 959 582 applicatione
980 497 1259 578 Indulpentiurum,
1284 504 1348 560 siat
1366 506 1490 582 pariter

205 596 297 658 nullae
314 605 342 656 et
358 592 471 655 nullius
486 591 613 668 valoris,
631 588 777 670 quamdiu
789 587 961 668 Episcopus
974 584 1045 648 ilias
1057 607 1117 648 non
1131 592 1310 668 recopnooit
1323 599 1354 650 et
1369 610 1490 653 exsecu-

202 687 279 748 tioni
290 685 430 746 mandari
444 701 506 742 non
518 677 678 762 permisit?

246 780 334 854 Resp.
352 772 506 852 Negative.

249 867 337 927 1131.
356 897 391 908 -
407 863 509 936 Quen.
531 863 562 923 3⁰
585 857 692 920 Utrum
711 855 928 935 intumentia,
944 873 1018 936 quas
1032 856 1142 916 summi
1157 854 1329 938 Pontifices
1347 857 1486 919 omnibus

208 957 301 1014 totius
317 951 400 1012 orbis
412 949 551 1031 fidelibus
564 965 730 1008 concessere
742 947 775 1005 in
790 942 892 1005 Bellis
904 965 954 1004 seu
966 945 1135 1024 Rescriptis
1142 946 1212 1026 jam
1221 947 1391 1026 publicatis
1405 959 1435 1008 ct
1447 947 1486 1007 al

210 1041 384 1104 auctoribus
400 1037 621 1120 probatissimis
640 1035 757 1111 citatis,
782 1035 842 1094 sint
862 1033 954 1095 nulloe
974 1041 1001 1094 ct
1021 1032 1135 1094 nullius
1155 1035 1287 1112 valoris,
1304 1037 1349 1098 ita
1363 1047 1397 1096 ut
1416 1036 1486 1096 illas

210 1130 316 1214 fideles
333 1129 447 1190 lucrari
462 1147 523 1187 non
538 1125 679 1198 valeant,
695 1125 757 1184 nisi
770 1132 860 1184 artico
872 1122 910 1184 ab
927 1122 1101 1184 ordinariis
1117 1123 1252 1186 locorum
1265 1127 1297 1185 ia
1312 1126 1375 1186 suis
1388 1145 1486 1207 respe-

209 1223 284 1282 ctive
299 1218 470 1280 discessibus
483 1215 687 1296 promulpota
702 1211 838 1294 fuerint?

253 1313 342 1388 Resp.
359 1305 511 1386 Negative.

254 1400 355 1472 Qum.
371 1401 403 1458 4⁰
421 1393 544 1466 Utrum,
559 1390 717 1474 supposita
733 1389 817 1452 iilius
826 1389 1085 1472 promulpationis
1100 1395 1288 1469 necessitate,
1308 1393 1487 1474 Episcopus

215 1490 394 1569 quicumque
411 1487 506 1566 possit
520 1483 587 1542 illas
601 1479 826 1561 Indulpentias,
844 1479 879 1540 de
892 1479 1001 1560 quibus
1014 1483 1047 1540 in
1063 1481 1151 1541 tertio
1167 1481 1263 1546 Dubio
1275 1486 1384 1561 apitur,
1399 1502 1485 1560 pro-

212 1575 348 1654 mulpare
363 1574 395 1633 in
407 1592 461 1634 sua
475 1571 607 1648 dioecesi,
621 1569 705 1631 modo
719 1589 767 1630 eos
779 1570 913 1651 reperiat
925 1566 1038 1630 relatos
1048 1569 1134 1652 apud
1141 1581 1269 1631 auctores
1277 1570 1334 1650 fide
1345 1571 1480 1653 dignos,

213 1685 241 1726 u.
258 1685 319 1745 pr„
340 1662 497 1734 Ferraria,
514 1659 563 1721 vel
577 1661 609 1720 in
626 1659 655 1721 la
666 1659 808 1722 Recolis?

255 1758 343 1833 Resp.
362 1749 552 1814 affirmative
564 1769 600 1811 cx
613 1766 704 1827 supra
716 1747 876 1827 expositis
891 1745 967 1809 etin
981 1765 1054 1810 casn
1066 1747 1103 1810 de
1115 1766 1176 1830 quo
1189 1749 1221 1810 in
1234 1747 1310 1811 dioto
1323 1749 1434 1810 Dubio.
1446 1785 1487 1794 -

218 1843 252 1905 S.
273 1841 385 1923 Conpr.
405 1839 591 1921 induipent.,
608 1844 643 1902 31
661 1836 791 1916 Augusti
810 1841 888 1899 1811
903 1835 976 1918 (pro
992 1838 1128 1898 omnibus
1143 1837 1190 1898 liis
1205 1838 1365 1919 quesitis).

261 1935 363 2006 Onna.
382 1933 414 1992 5⁰
435 1927 544 1990 Utrum
559 1928 611 2008 qui
626 1926 739 1987 obtinet
753 1925 886 1986 diuersas
900 1923 1062 2004 facultates
1077 1926 1114 1987 ab
1129 1926 1303 2006 Apostolica
1319 1927 1412 2000 Sede,
1428 1927 1489 1988 sci·

219 2022 288 2083 licet
303 2020 412 2080 altaris
425 2018 616 2100 priuilepiati
632 2014 820 2097 personalis,
837 2013 976 2095 eripendi
993 2016 1132 2076 stationes
1145 2017 1211 2080 Viae
1230 2017 1353 2090 Cenem,
1371 2016 1492 2078 benedi·

218 2109 306 2172 cendi
331 2107 458 2185 Cruces,
482 2107 689 2183 Numismata,
712 2103 819 2164 debeat
841 2102 981 2164 extitere
1003 2103 1097 2166 dictas
1115 2104 1280 2184 facultates
1305 2105 1492 2180 Ordinario,

217 2197 338 2260 etiamsi
349 2196 435 2258 nulla
450 2197 560 2257 mentio
574 2197 657 2274 facta
669 2195 709 2254 sit
723 2195 754 2254 in
769 2193 991 2254 concessionum
1006 2192 1190 2272 Rescriptis?

259 2291 349 2368 Resp.
363 2285 554 2348 Affirmative
567 2284 665 2364 quoad
678 2282 742 2344 Vim
754 2281 857 2345 Crucis
867 2280 1062 2355 erectionem,
1077 2282 1215 2362 negative
1226 2283 1355 2346 relative
1366 2284 1406 2346 ad
1417 2283 1495 2346 alias

220 2376 393 2448 facultates,
414 2374 477 2435 nisi
495 2373 583 2434 aliter
602 2371 786 2450 dispositum
804 2371 838 2432 in
858 2369 988 2432 obtentis
1007 2371 1257 2434 concessionibus.
1275 2369 1312 2432 S.
1333 2373 1496 2455 Conprep.

220 2461 410 2540 Indulpent,
427 2460 476 2520 die
491 2465 510 2522 6
525 2460 596 2520 Feb.
615 2462 704 2522 ista.

266 2654 304 2699 DE
324 2651 521 2698 cuuuuulonu
542 2652 597 2697 PRO
618 2651 818 2697 montanum
839 2653 1039 2699 tlstnanlouts
1058 2640 1247 2710 sisinnum,
1270 2651 1446 2712 ulsstouts,

573 2751 798 2796 Butuntcnlouls
819 2751 942 2797 escaus
963 2753 1000 2797 ET
1022 2751 1140 2798 tusum

222 2991 273 3033 seu
287 2970 517 3046 exercitiorum,
534 2989 599 3048 quae
619 2969 793 3049 frequenter
805 2980 998 3050 perapuatur
1012 2973 1044 3030 in
1056 2970 1201 3052 paroeciis
1219 2969 1347 3031 dioecesis
1364 2968 1500 3049 (Oreste

222 3059 360 3137 aiensis),
380 3056 494 3118 lucrari
505 3061 604 3138 possit
619 3056 962 3139 Iridutpentiaplenaria
977 3057 1160 3139 ofidelibus,
1177 3079 1265 3120 sacro
1279 3057 1502 3120 Communione

218 3156 362 3231 peracta,
380 3146 537 3228 eodemque
553 3157 686 3227 temporo
696 3166 751 3228 per
765 3147 858 3228 ipsam
873 3149 992 3206 unicam
1010 3148 1254 3210 Communionem
1268 3157 1426 3228 praecepta
1446 3168 1502 3228 pa-
1576 3177 1577 3210 1

223 3236 322 3299 scioli
337 3236 500 3316 satisfieri?
510 3235 555 3298 Εἰ
567 3255 687 3296 rursum
701 3253 707 3295 :
721 3237 771 3296 An
784 3234 863 3296 idem
877 3235 1035 3297 dicendum
1047 3239 1087 3296 sit
1100 3237 1137 3297 de
1148 3235 1344 3316 ludulpentia
1354 3235 1502 3296 dubita-i?
1576 3233 1577 3298 1

265 3330 295 3389 S.
306 3329 450 3404 congreg.
465 3325 584 3403 indulg.
597 3323 766 3403 respondit:
777 3324 973 3404 Affirmatioe
987 3325 1088 3407 quoad
1099 3325 1233 3407 primam
1243 3333 1373 3406 portem,
1388 3342 1501 3403 quem·

226 3414 393 3477 admodum
414 3430 594 3493 responsmn
614 3411 676 3474 fuit
695 3412 838 3492 Episcopo
857 3414 1085 3476 Monasteciensi
1106 3413 1155 3475 die
1174 3417 1208 3476 19
1222 3411 1325 3475 Martii
1343 3413 1502 3474 current-is
1576 3405 1577 3490 1

227 3503 318 3578 anni,
343 3503 436 3564 relate
457 3503 495 3564 ad
519 3500 753 3581 acquisitionem
776 3501 976 3581 Indulgentiae
1000 3501 1142 3582 plenarias
1166 3501 1269 3581 Papali
1292 3499 1502 3563 Benedictioni

228 3593 367 3664 adnexa,
384 3608 453 3670 quas
469 3590 502 3651 in
518 3589 662 3652 Paschate
679 3589 919 3652 Resurrectionis
937 3589 1126 3671 impertitur,
1143 3607 1206 3653 una
1224 3589 1392 3669 eademque
1408 3591 1500 3650 Gom-

230 3679 379 3742 munionc
395 3687 518 3741 tantum
534 3678 566 3740 in
583 3678 732 3758 paschalis
746 3679 888 3758 praecepti
901 3679 1177 3759 adimplemontum
1191 3683 1322 3758 peracta.
1339 3713 1379 3722 -
1395 3675 1503 3751 Quoad

227 3768 386 3831 secundam
404 3777 525 3849 portem
543 3765 687 3827 similiter
704 3766 915 3848 Affirmatice,
936 3767 997 3829 nisi
1016 3768 1102 3829 aliter
1120 3773 1236 3830 cottstet
1254 3785 1292 3828 ex
1311 3766 1400 3828 Bulla
1417 3765 1502 3828 Indi·

228 3858 338 3921 otionis
356 3855 490 3921 Juhilaei.
507 3891 544 3902 -
559 3855 593 3916 S.
615 3856 729 3936 Conpr.
750 3855 888 3958 Indplp„
909 3856 959 3918 die
979 3859 1018 3919 15
1036 3857 1109 3918 Dec.
1128 3861 1217 3920 1811.
1233 3891 1274 3900 -
1290 3855 1384 3917 Decr.
1400 3856 1502 3930 auti,

227 3968 258 4007 n.
276 3951 345 4010 522.
371 3945 402 4011 V.
421 3965 530 4029 supra,
547 3966 578 4006 n.
597 3950 666 4008 116.

555 4093 593 4138 nn
613 4091 815 4137 successuum
836 4092 868 4136 m
888 4093 1036 4139 tamenne
1057 4093 1167 4139 nonnis

264 2887 355 2946 1135.
368 2917 408 2926 —-
422 2879 532 2942 Utrum
545 2889 677 2961 ternpore
689 2880 872 2941 visitationis
880 2879 1057 2962 pastoralis,
1070 2891 1099 2942 et
1108 2880 1315 2962 spiritualium
1325 2897 1499 2940 recessuum

1576 2985 1577 3046 1

1576 3049 1577 3082 1

1576 3085 1577 3138 1

1576 3139 1577 3176 i

270 4225 360 4285 1136.
374 4255 412 4266 -
425 4225 526 4298 Quas.
541 4224 575 4283 1⁰
589 4221 698 4283 Utrum
710 4220 847 4302 sufficiat
860 4222 999 4283 recitatio
1016 4221 1222 4302 confessionis,
1241 4219 1330 4283 idest
1341 4219 1506 4290 Confiteor,
1576 4199 1577 4266 Ῐ

229 4312 263 4372 in
274 4310 472 4372 Sacramenta
484 4312 675 4372 Paenitentia
688 4309 809 4390 latita,
819 4330 876 4392 pro
885 4315 1064 4373 recitatione
1077 4310 1368 4393 iltiusprsescriptoe,
1382 4307 1505 4392 quando

230 4400 431 4482 impertienda
446 4409 486 4462 est
502 4399 667 4461 benedictio
683 4420 749 4460 cum
761 4399 960 4480 Intutpentio
975 4404 1006 4486 in
1022 4398 1149 4462 articulo
1164 4399 1289 4460 mortis?
1576 4395 1577 4398 ’

273 4493 364 4565 Resp.
384 4487 543 4566 Negative,
558 4491 650 4568 juxta
663 4487 782 4568 praxim
798 4495 828 4551 et
845 4489 1007 4566 Rubrius,
1024 4488 1085 4553 nisi
1099 4487 1263 4552 necessitas
1277 4493 1398 4569 urgeat.
